{"gold_per_floor":[362,103,122,132,82,82,8,19,19,38,49,74,94,107,107,212,262,274,373,385,385,164,164],"floor_reached":23,"playtime":2075,"items_purged":[],"score":195,"play_id":"93402a02-9932-49b7-a827-81793278da42","local_time":"20190105202834","is_ascension_mode":false,"campfire_choices":[{"data":"White Noise","floor":6,"key":"SMITH"},{"floor":15,"key":"REST"}],"neow_cost":"PERCENT_DAMAGE","seed_source_timestamp":1328111680439661,"circlet_count":0,"master_deck":["Strike_B","Strike_B","Strike_B","Strike_B","Defend_B","Defend_B","Defend_B","Defend_B","Zap","Conserve Battery","White Noise+1","Leap","Undo","Gash","Ball Lightning","Glacier","Defragment","Echo Form","Seek+1","Double Energy","Go for the Eyes","Double Energy","Chill"],"relics":["Cracked Core","ClockworkSouvenir","Gremlin Horn","Bottled Lightning","FossilizedHelix","Tiny House","Bronze Scales"],"potions_floor_usage":[8,12,16,20,20,23],"damage_taken":[{"damage":1,"enemies":"Cultist","floor":1,"turns":3},{"damage":0,"enemies":"Small Slimes","floor":3,"turns":3},{"damage":0,"enemies":"2 Louse","floor":4,"turns":3},{"damage":2,"enemies":"Large Slime","floor":8,"turns":4},{"damage":1,"enemies":"2 Fungi Beasts","floor":10,"turns":3},{"damage":11,"enemies":"Exordium Wildlife","floor":11,"turns":4},{"damage":42,"enemies":"Gremlin Nob","floor":12,"turns":6},{"damage":0,"enemies":"Large Slime","floor":13,"turns":3},{"damage":0,"enemies":"2 Fungi Beasts","floor":14,"turns":2},{"damage":14,"enemies":"Hexaghost","floor":16,"turns":10},{"damage":11,"enemies":"Spheric Guardian","floor":18,"turns":6},{"damage":19,"enemies":"2 Thieves","floor":20,"turns":5},{"damage":37,"enemies":"Slavers","floor":23,"turns":4}],"seed_played":"-1393220766603837282","potions_obtained":[{"floor":3,"key":"Fire Potion"},{"floor":4,"key":"GamblersBrew"},{"floor":10,"key":"FairyPotion"},{"floor":13,"key":"Ancient Potion"},{"floor":16,"key":"FocusPotion"},{"floor":17,"key":"SneckoOil"},{"floor":18,"key":"Explosive Potion"}],"is_trial":false,"path_per_floor":["M","$","M","M","?","R","?","M","T","M","M","E","M","M","R","B",null,"M","?","M","?","$","E"],"character_chosen":"DEFECT","items_purchased":["White Noise","ClockworkSouvenir","Bronze Scales","Chill"],"campfire_rested":1,"item_purchase_floors":[2,2,22,22],"current_hp_per_floor":[53,53,53,53,53,53,53,51,51,50,39,7,7,7,29,15,80,69,69,50,35,35,0],"gold":164,"neow_bonus":"TWO_FIFTY_GOLD","is_prod":false,"is_daily":false,"chose_seed":false,"campfire_upgraded":1,"win_rate":0,"timestamp":1546748914,"path_taken":["M","$","M","M","?","R","?","M","T","M","?","E","M","M","R","BOSS","M","?","M","?","$","E"],"build_version":"2019-01-03v4","purchased_purges":0,"victory":false,"max_hp_per_floor":[75,75,75,75,75,75,75,75,75,75,75,75,75,75,75,75,80,80,80,80,85,85,85],"card_choices":[{"not_picked":["Turbo","Hologram"],"picked":"Conserve Battery","floor":1},{"not_picked":["Glacier","Hello World"],"picked":"Leap","floor":3},{"not_picked":["Ball Lightning","Turbo"],"picked":"Undo","floor":4},{"not_picked":["Compile Driver","Barrage"],"picked":"Gash","floor":8},{"not_picked":["Redo","Leap"],"picked":"Ball Lightning","floor":10},{"not_picked":["Stack","Streamline","Coolheaded"],"picked":"SKIP","floor":11},{"not_picked":["Fusion","Beam Cell"],"picked":"Glacier","floor":12},{"not_picked":["Hologram","Go for the Eyes"],"picked":"Defragment","floor":13},{"not_picked":["Turbo","Beam Cell"],"picked":"Echo Form","floor":14},{"not_picked":["Thunder Strike","Meteor Strike"],"picked":"Seek","floor":16},{"not_picked":["Hologram","Redo"],"picked":"Double Energy","floor":17},{"not_picked":["Ball Lightning","Stack"],"picked":"Go for the Eyes","floor":18},{"not_picked":["Sweeping Beam","Sunder"],"picked":"Double Energy","floor":20}],"player_experience":68214,"relics_obtained":[{"floor":9,"key":"Bottled Lightning"},{"floor":12,"key":"FossilizedHelix"}],"event_choices":[{"cards_removed":["Dualcast"],"damage_healed":0,"gold_gain":0,"player_choice":"Card Removal","damage_taken":0,"max_hp_gain":0,"max_hp_loss":0,"event_name":"The Cleric","floor":5,"gold_loss":50},{"damage_healed":0,"gold_gain":0,"player_choice":"Paid Gold","damage_taken":0,"relics_obtained":["Gremlin Horn"],"max_hp_gain":0,"max_hp_loss":0,"event_name":"WeMeetAgain","floor":7,"gold_loss":74},{"damage_healed":0,"gold_gain":99,"player_choice":"Stole From Cult","damage_taken":0,"max_hp_gain":0,"max_hp_loss":0,"event_name":"Nest","floor":19,"gold_loss":0},{"damage_healed":0,"gold_gain":0,"player_choice":"Shed Blood","damage_taken":20,"max_hp_gain":5,"max_hp_loss":0,"event_name":"Forgotten Altar","floor":21,"gold_loss":0}],"is_beta":false,"boss_relics":[{"not_picked":["Lizard Tail","FrozenCore"],"picked":"Tiny House"}],"items_purged_floors":[],"is_endless":false,"potions_floor_spawned":[3,4,10,13,16,18],"killed_by":"Slavers","ascension_level":0}