{"gold_per_floor":[109,128,142,142,142,173,184,184,262,295,308,8,20,38,38,142,142,162,162,14,25,45,45,45,45,45,64,64,93,41,41,41,146,146,164,174,274,0,15,15,28,28,101,101,21,48,48,48,48,48],"floor_reached":50,"playtime":2496,"items_purged":["Strike_B","Writhe"],"score":713,"play_id":"a55061a8-cd0f-4ee0-b0fd-dd6744bda0f4","local_time":"20181110013228","is_ascension_mode":true,"campfire_choices":[{"floor":8,"key":"REST"},{"data":"Chaos","floor":15,"key":"SMITH"},{"floor":23,"key":"REST"},{"data":"Beam Cell","floor":28,"key":"SMITH"},{"floor":32,"key":"REST"},{"floor":40,"key":"REST"},{"data":"Echo Form","floor":42,"key":"SMITH"},{"data":"Melter","floor":44,"key":"SMITH"},{"data":"Go for the Eyes","floor":49,"key":"SMITH"}],"neow_cost":"NONE","seed_source_timestamp":177416993507989,"circlet_count":0,"master_deck":["Strike_B+1","Strike_B","Strike_B+1","Defend_B+1","Defend_B","Defend_B","Defend_B+1","Dualcast","Chaos+1","Leap","Sweeping Beam","Steam","Beam Cell+1","Melter+1","Undo","Melter","Reboot","Conserve Battery","Echo Form+1","Ball Lightning","Chill","BootSequence+1","Stack+1","Go for the Eyes+1","Glacier+1","Auto Shields+1"],"relics":["Cracked Core","Whetstone","Gambling Chip","Pear","Juzu Bracelet","Vajra","Busted Crown","PreservedInsect","MutagenicStrength","Gremlin Horn","Happy Flower","Oddly Smooth Stone","Orrery","Pocketwatch","Red Mask","The Courier","Art of War","Matryoshka"],"potions_floor_usage":[6,6,13,18,21,21,22,39,46,50],"damage_taken":[{"damage":0,"enemies":"2 Louse","floor":1,"turns":2},{"damage":1,"enemies":"Cultist","floor":2,"turns":4},{"damage":6,"enemies":"Jaw Worm","floor":3,"turns":4},{"damage":3,"enemies":"3 Sentries","floor":6,"turns":9},{"damage":1,"enemies":"Exordium Wildlife","floor":7,"turns":5},{"damage":18,"enemies":"Gremlin Nob","floor":10,"turns":4},{"damage":0,"enemies":"3 Louse","floor":11,"turns":2},{"damage":0,"enemies":"Exordium Thugs","floor":13,"turns":3},{"damage":4,"enemies":"Exordium Wildlife","floor":14,"turns":4},{"damage":0,"enemies":"Slime Boss","floor":16,"turns":5},{"damage":22,"enemies":"2 Thieves","floor":18,"turns":5},{"damage":0,"enemies":"Chosen","floor":21,"turns":3},{"damage":18,"enemies":"Snecko","floor":22,"turns":5},{"damage":0,"enemies":"Snake Plant","floor":27,"turns":2},{"damage":17,"enemies":"Gremlin Leader","floor":29,"turns":6},{"damage":53,"enemies":"Collector","floor":33,"turns":11},{"damage":0,"enemies":"3 Shapes","floor":35,"turns":4},{"damage":10,"enemies":"Orb Walker","floor":36,"turns":4},{"damage":0,"enemies":"Mind Bloom Boss Battle","floor":37,"turns":9},{"damage":8,"enemies":"Sphere and 2 Shapes","floor":39,"turns":7},{"damage":4,"enemies":"Transient","floor":41,"turns":5},{"damage":5,"enemies":"Nemesis","floor":46,"turns":9},{"damage":78,"enemies":"Time Eater","floor":50,"turns":14}],"seed_played":"-8678761379017475461","potions_obtained":[{"floor":2,"key":"GamblersBrew"},{"floor":3,"key":"Strength Potion"},{"floor":10,"key":"Regen Potion"},{"floor":11,"key":"AttackPotion"},{"floor":16,"key":"Strength Potion"},{"floor":19,"key":"Fruit Juice"},{"floor":19,"key":"Regen Potion"},{"floor":21,"key":"Swift Potion"},{"floor":22,"key":"LiquidBronze"},{"floor":33,"key":"Explosive Potion"},{"floor":39,"key":"AttackPotion"}],"is_trial":false,"path_per_floor":["M","M","M","?","?","E","M","R","T","E","M","$","M","M","R","B",null,"M","?","$","M","M","R","$","?","T","M","R","E","$","?","R","B",null,"M","M","?","?","M","R","M","R","T","R","$","E","?","?","R","B"],"character_chosen":"DEFECT","items_purchased":["Vajra","Melter","PreservedInsect","Go for the Eyes"],"campfire_rested":4,"item_purchase_floors":[12,12,20,30],"current_hp_per_floor":[75,74,68,68,53,50,49,71,81,63,63,63,63,59,59,59,79,66,66,66,76,58,85,85,85,85,85,85,68,68,68,90,37,77,77,67,67,67,59,86,82,82,82,82,82,77,77,77,77,0],"gold":48,"neow_bonus":"RANDOM_COMMON_RELIC","is_prod":false,"is_daily":false,"chose_seed":false,"campfire_upgraded":5,"win_rate":0,"timestamp":1541835148,"path_taken":["M","M","M","?","?","E","M","R","T","E","M","$","M","M","R","BOSS","M","?","$","M","M","R","?","?","T","M","R","E","$","?","R","BOSS","M","M","?","?","M","R","M","R","T","R","?","E","?","?","R","BOSS"],"build_version":"2018-11-08","purchased_purges":2,"victory":false,"max_hp_per_floor":[75,75,75,75,75,75,75,75,85,85,85,85,85,85,85,85,85,85,85,85,90,90,90,90,90,90,90,90,90,90,90,90,90,90,90,90,90,90,90,90,90,90,90,90,90,90,90,90,90,90],"card_choices":[{"not_picked":["Conserve Battery","Hologram"],"picked":"Chaos","floor":1},{"not_picked":["Steam","Redo"],"picked":"Leap","floor":2},{"not_picked":["Skim","Steam"],"picked":"Sweeping Beam","floor":3},{"not_picked":["Coolheaded","Sweeping Beam"],"picked":"Beam Cell","floor":6},{"not_picked":["White Noise","Leap"],"picked":"Melter","floor":7},{"not_picked":["Hologram","Tempest"],"picked":"Undo","floor":10},{"not_picked":["Rebound","Double Energy","Blizzard"],"picked":"SKIP","floor":11},{"not_picked":["Conserve Battery","Compile Driver"],"picked":"Reboot","floor":13},{"not_picked":["Self Repair","Beam Cell"],"picked":"Conserve Battery","floor":14},{"not_picked":["Hyperbeam","Reboot"],"picked":"Echo Form","floor":16},{"not_picked":[],"picked":"Ball Lightning","floor":18},{"not_picked":[],"picked":"Chill","floor":21},{"not_picked":["Sweeping Beam"],"picked":"SKIP","floor":22},{"not_picked":[],"picked":"BootSequence+1","floor":27},{"not_picked":[],"picked":"Stack+1","floor":29},{"not_picked":[],"picked":"Glacier+1","floor":35},{"not_picked":[],"picked":"Auto Shields+1","floor":36},{"not_picked":["Loop"],"picked":"SKIP","floor":39},{"not_picked":["Redo+1"],"picked":"SKIP","floor":41},{"not_picked":["Coolheaded+1"],"picked":"SKIP","floor":46}],"player_experience":524414,"relics_obtained":[{"floor":6,"key":"Gambling Chip"},{"floor":9,"key":"Pear"},{"floor":10,"key":"Juzu Bracelet"},{"floor":26,"key":"Gremlin Horn"},{"floor":29,"key":"Happy Flower"},{"floor":37,"key":"Pocketwatch"},{"floor":43,"key":"The Courier"},{"floor":46,"key":"Art of War"},{"floor":48,"key":"Matryoshka"}],"event_choices":[{"damage_healed":0,"gold_gain":0,"cards_transformed":["Zap"],"player_choice":"Change","damage_taken":0,"max_hp_gain":0,"max_hp_loss":0,"event_name":"Living Wall","floor":4,"gold_loss":0,"cards_obtained":["Steam"]},{"damage_healed":0,"gold_gain":0,"player_choice":"Entered Light","damage_taken":15,"max_hp_gain":0,"max_hp_loss":0,"event_name":"Shining Light","floor":5,"gold_loss":0,"cards_upgraded":["Defend_B","Defend_B"]},{"damage_healed":0,"gold_gain":0,"player_choice":"Got Potions","damage_taken":0,"max_hp_gain":0,"max_hp_loss":0,"event_name":"Lab","floor":19,"gold_loss":0},{"damage_healed":0,"gold_gain":0,"player_choice":"Inject Mutagens","damage_taken":0,"relics_obtained":["MutagenicStrength"],"max_hp_gain":0,"max_hp_loss":0,"event_name":"Drug Dealer","floor":25,"gold_loss":0},{"damage_healed":0,"gold_gain":0,"player_choice":"Opened","damage_taken":0,"relics_obtained":["Oddly Smooth Stone"],"max_hp_gain":0,"max_hp_loss":0,"event_name":"The Mausoleum","floor":31,"gold_loss":0,"cards_obtained":["Writhe"]},{"damage_healed":0,"gold_gain":0,"player_choice":"Fight","damage_taken":0,"max_hp_gain":0,"max_hp_loss":0,"event_name":"MindBloom","floor":37,"gold_loss":0},{"damage_healed":0,"gold_gain":0,"player_choice":"Paid","damage_taken":0,"relics_obtained":["Red Mask"],"max_hp_gain":0,"max_hp_loss":0,"event_name":"Tomb of Lord Red Mask","floor":38,"gold_loss":274},{"damage_healed":0,"gold_gain":0,"player_choice":"Ignored","damage_taken":0,"max_hp_gain":0,"max_hp_loss":0,"event_name":"Mysterious Sphere","floor":47,"gold_loss":0},{"damage_healed":0,"gold_gain":0,"player_choice":"Relic","damage_taken":0,"max_hp_gain":0,"max_hp_loss":0,"event_name":"Wheel of Change","floor":48,"gold_loss":0}],"is_beta":true,"boss_relics":[{"not_picked":["White Beast Statue","Snecko Eye"],"picked":"Busted Crown"},{"not_picked":["Sozu","Nuclear Battery"],"picked":"Orrery"}],"items_purged_floors":[12,45],"is_endless":false,"potions_floor_spawned":[2,3,10,11,16,21,22,33,36,39],"killed_by":"Time Eater","ascension_level":5}