{"gold_per_floor":[116,116,66,66,66,66,96,96,96,96,106,123,123,142,142,244,244,244,244,169,169,169,169],"floor_reached":23,"playtime":618,"items_purged":["Strike_G"],"score":339,"play_id":"468a4ec3-405b-4255-88c5-c0475c087ca3","local_time":"20190113112940","is_ascension_mode":true,"campfire_choices":[{"data":"Crippling Poison","floor":6,"key":"SMITH"},{"data":"Prepared","floor":8,"key":"SMITH"},{"data":"Survivor","floor":10,"key":"SMITH"},{"data":"Backstab","floor":13,"key":"SMITH"},{"data":"Dagger Spray","floor":15,"key":"SMITH"}],"neow_cost":"NONE","seed_source_timestamp":729685489936516,"circlet_count":0,"master_deck":["AscendersBane","Defend_G","Defend_G","Defend_G","Defend_G","Strike_G","Strike_G","Strike_G","Survivor+1","Neutralize+1","Crippling Poison+1","Prepared+1","Underhanded Strike","Backstab+1","Dagger Spray+1","Corpse Explosion","Escape Plan"],"relics":["Ring of the Snake","NeowsBlessing","Dodecahedron","Shuriken","Matryoshka","Ectoplasm","Enchiridion"],"potions_floor_usage":[16,16,23],"damage_taken":[{"damage":0,"enemies":"Small Slimes","floor":1,"turns":1},{"damage":0,"enemies":"Gremlin Nob","floor":7,"turns":1},{"damage":0,"enemies":"2 Louse","floor":11,"turns":1},{"damage":0,"enemies":"Cultist","floor":12,"turns":3},{"damage":1,"enemies":"Gremlin Gang","floor":14,"turns":3},{"damage":12,"enemies":"Slime Boss","floor":16,"turns":7},{"damage":18,"enemies":"Chosen","floor":18,"turns":5},{"damage":11,"enemies":"Spheric Guardian","floor":22,"turns":4},{"damage":19,"enemies":"Book of Stabbing","floor":23,"turns":4}],"seed_played":"6252677647498351368","potions_obtained":[{"floor":1,"key":"Fire Potion"},{"floor":7,"key":"Block Potion"},{"floor":18,"key":"LiquidBronze"}],"is_trial":false,"path_per_floor":["M","?","?","?","T","R","E","R","T","R","M","M","R","M","R","B",null,"M","?","$","?","M","E"],"character_chosen":"THE_SILENT","items_purchased":[],"campfire_rested":0,"item_purchase_floors":[],"current_hp_per_floor":[63,56,56,56,56,56,56,56,56,56,56,56,56,55,55,43,63,45,29,29,29,18,0],"gold":169,"neow_bonus":"THREE_ENEMY_KILL","is_prod":false,"is_daily":false,"chose_seed":false,"campfire_upgraded":5,"win_rate":0,"timestamp":1547346580,"path_taken":["M","?","?","?","?","R","E","R","T","R","M","M","R","M","R","BOSS","M","?","$","?","M","E"],"build_version":"2019-01-10","purchased_purges":1,"victory":false,"max_hp_per_floor":[70,70,70,70,70,70,70,70,70,70,70,70,70,70,70,70,70,70,70,70,70,70,70],"card_choices":[{"not_picked":["Setup","Slice"],"picked":"Crippling Poison","floor":1},{"not_picked":["Tactician","PiercingWail"],"picked":"Prepared","floor":7},{"not_picked":["Blade Dance","PiercingWail"],"picked":"Underhanded Strike","floor":11},{"not_picked":["Acrobatics","Endless Agony"],"picked":"Backstab","floor":12},{"not_picked":["Bane","Blade Dance"],"picked":"Dagger Spray","floor":14},{"not_picked":["Grand Finale","Night Terror"],"picked":"Corpse Explosion","floor":16},{"not_picked":["Tactician+1","Riddle With Holes"],"picked":"Escape Plan","floor":18},{"not_picked":["Blade Dance","Slice","Expertise"],"picked":"SKIP","floor":22}],"player_experience":374214,"relics_obtained":[{"floor":5,"key":"Dodecahedron"},{"floor":7,"key":"Shuriken"},{"floor":9,"key":"Matryoshka"},{"floor":19,"key":"Enchiridion"}],"event_choices":[{"cards_removed":["Strike_G"],"damage_healed":0,"gold_gain":0,"player_choice":"Card Removal","damage_taken":7,"max_hp_gain":0,"max_hp_loss":0,"event_name":"Golden Wing","floor":2,"gold_loss":0},{"cards_removed":["Defend_G"],"damage_healed":0,"gold_gain":0,"player_choice":"Card Removal","damage_taken":0,"max_hp_gain":0,"max_hp_loss":0,"event_name":"The Cleric","floor":3,"gold_loss":50},{"damage_healed":0,"gold_gain":0,"player_choice":"Grow","damage_taken":0,"max_hp_gain":0,"max_hp_loss":0,"event_name":"Living Wall","floor":4,"gold_loss":0,"cards_upgraded":["Neutralize"]},{"damage_healed":0,"gold_gain":0,"player_choice":"Obtained Book","damage_taken":16,"max_hp_gain":0,"max_hp_loss":0,"event_name":"Cursed Tome","floor":19,"gold_loss":0},{"damage_healed":0,"gold_gain":0,"player_choice":"Ignored","damage_taken":0,"max_hp_gain":0,"max_hp_loss":0,"event_name":"Vampires","floor":21,"gold_loss":0}],"is_beta":false,"boss_relics":[{"not_picked":["Busted Crown","Calling Bell"],"picked":"Ectoplasm"}],"items_purged_floors":[20],"is_endless":false,"potions_floor_spawned":[1,7,12,18],"killed_by":"Book of Stabbing","ascension_level":12}