{"gold_per_floor":[110,110,125,50,61,95,95,95,95,95,95,95,95,14,14,104,104,122,34,34,34,49,49,62,62,62,78,99,99,99,112,112,112],"floor_reached":33,"playtime":1586,"items_purged":["Regret"],"score":462,"play_id":"23961ab6-02f7-4642-836a-576a847fcb77","local_time":"20190206020338","is_ascension_mode":true,"campfire_choices":[{"data":"Zap","floor":7,"key":"SMITH"},{"floor":10,"key":"REST"},{"floor":13,"key":"REST"},{"data":"Loop","floor":15,"key":"SMITH"},{"data":"Buffer","floor":23,"key":"SMITH"},{"floor":25,"key":"REST"},{"data":"Coolheaded","floor":29,"key":"SMITH"},{"floor":32,"key":"REST"}],"neow_cost":"CURSE","seed_source_timestamp":1200680411608684,"circlet_count":0,"master_deck":["AscendersBane","Strike_B","Strike_B","Strike_B","Strike_B","Defend_B","Defend_B","Defend_B","Defend_B","Zap+1","Dualcast","Core Surge","Cold Snap","Reinforced Body+1","Cold Snap","Loop+1","Buffer+1","Melter","Leap+1","Parasite","BootSequence","Coolheaded+1"],"relics":["Cracked Core","Turnip","DataDisk","Sundial","Golden Idol","Cursed Key","Pen Nib"],"potions_floor_usage":[6,16,27,30,30,33],"damage_taken":[{"damage":0,"enemies":"2 Louse","floor":1,"turns":2},{"damage":0,"enemies":"Small Slimes","floor":3,"turns":2},{"damage":0,"enemies":"Cultist","floor":5,"turns":3},{"damage":30,"enemies":"Lagavulin","floor":6,"turns":6},{"damage":6,"enemies":"Hexaghost","floor":16,"turns":12},{"damage":21,"enemies":"3 Byrds","floor":18,"turns":5},{"damage":0,"enemies":"Chosen","floor":22,"turns":5},{"damage":7,"enemies":"Centurion and Healer","floor":24,"turns":10},{"damage":0,"enemies":"Snecko","floor":27,"turns":5},{"damage":15,"enemies":"Cultist and Chosen","floor":28,"turns":8},{"damage":0,"enemies":"Colosseum Slavers","floor":30,"turns":3},{"damage":28,"enemies":"3 Cultists","floor":31,"turns":6},{"damage":39,"enemies":"Champ","floor":33,"turns":19}],"seed_played":"3818697577843036869","potions_obtained":[{"floor":1,"key":"Poison Potion"},{"floor":6,"key":"Poison Potion"},{"floor":22,"key":"Explosive Potion"},{"floor":24,"key":"Ancient Potion"},{"floor":28,"key":"SkillPotion"},{"floor":31,"key":"Block Potion"}],"is_trial":false,"path_per_floor":["M","?","M","$","M","E","R","$","T","R","?","?","R","$","R","B",null,"M","$","?","?","M","R","M","R","T","M","M","R","?","M","R","B"],"character_chosen":"DEFECT","items_purchased":["Loop","Melter"],"campfire_rested":4,"item_purchase_floors":[14,19],"current_hp_per_floor":[64,53,53,53,53,23,23,23,23,44,20,20,41,41,41,35,62,41,41,41,41,41,41,34,55,55,55,40,40,40,12,33,0],"gold":112,"neow_bonus":"THREE_RARE_CARDS","is_prod":false,"is_daily":false,"chose_seed":false,"campfire_upgraded":4,"win_rate":0,"timestamp":1549440218,"path_taken":["M","?","M","$","M","E","R","$","T","R","?","?","R","$","R","BOSS","M","$","?","?","M","R","M","R","T","M","M","R","?","M","R","BOSS"],"build_version":"2019-01-23","purchased_purges":1,"victory":false,"max_hp_per_floor":[71,71,71,71,71,71,71,71,71,71,71,71,71,71,71,71,71,71,71,71,71,71,71,71,71,71,71,71,71,71,71,71,71],"card_choices":[{"not_picked":["Biased Cognition","Machine Learning"],"picked":"Core Surge","floor":0},{"not_picked":["Conserve Battery","Stack"],"picked":"Cold Snap","floor":1},{"not_picked":["Rebound","Stack"],"picked":"Reinforced Body","floor":3},{"not_picked":["Turbo","Skim"],"picked":"Cold Snap","floor":5},{"not_picked":["Stack","Amplify","Skim"],"picked":"SKIP","floor":6},{"not_picked":["Meteor Strike","Fission"],"picked":"Buffer","floor":16},{"not_picked":["Steam Power","Hello World+1","Stack"],"picked":"SKIP","floor":18},{"not_picked":["Barrage","Darkness"],"picked":"Leap+1","floor":22},{"not_picked":["Conserve Battery","Redo","Stack"],"picked":"SKIP","floor":24},{"not_picked":["Go for the Eyes","Rebound"],"picked":"BootSequence","floor":27},{"not_picked":["Barrage","Redo"],"picked":"Coolheaded","floor":28},{"not_picked":["Coolheaded","Rip and Tear","Conserve Battery"],"picked":"SKIP","floor":31}],"player_experience":788093,"relics_obtained":[{"floor":6,"key":"DataDisk"},{"floor":9,"key":"Sundial"},{"floor":26,"key":"Pen Nib"}],"event_choices":[{"damage_healed":0,"gold_gain":0,"player_choice":"Success","damage_taken":11,"relics_obtained":["Turnip"],"max_hp_gain":0,"max_hp_loss":0,"event_name":"Scrap Ooze","floor":2,"gold_loss":0},{"damage_healed":0,"gold_gain":0,"player_choice":"Take Damage","damage_taken":24,"relics_obtained":["Golden Idol"],"max_hp_gain":0,"max_hp_loss":0,"event_name":"Golden Idol","floor":11,"gold_loss":0},{"damage_healed":0,"gold_gain":0,"player_choice":"Forge","damage_taken":0,"max_hp_gain":0,"max_hp_loss":0,"event_name":"Accursed Blacksmith","floor":12,"gold_loss":0,"cards_upgraded":["Reinforced Body"]},{"damage_healed":0,"gold_gain":0,"player_choice":"Ignored","damage_taken":0,"max_hp_gain":0,"max_hp_loss":0,"event_name":"Beggar","floor":20,"gold_loss":0},{"damage_healed":0,"gold_gain":0,"player_choice":"Ignored","damage_taken":0,"max_hp_gain":0,"max_hp_loss":0,"event_name":"Ghosts","floor":21,"gold_loss":0},{"damage_healed":0,"gold_gain":0,"player_choice":"Fight","damage_taken":0,"max_hp_gain":0,"max_hp_loss":0,"event_name":"Colosseum","floor":30,"gold_loss":0},{"damage_healed":0,"gold_gain":0,"player_choice":"Fled From Nobs","damage_taken":0,"max_hp_gain":0,"max_hp_loss":0,"event_name":"Colosseum","floor":30,"gold_loss":0}],"is_beta":true,"boss_relics":[{"not_picked":["FrozenCore","Lizard Tail"],"picked":"Cursed Key"}],"items_purged_floors":[4],"is_endless":false,"potions_floor_spawned":[1,6,22,24,28,31],"killed_by":"Champ","ascension_level":18}