{"gold_per_floor":[111,126,126,146,146,160,160,235,315,161,174,197,197,220,220,346,346,359,384,417,435,461,461,475,495,495,495,511,511,11,31,31,157,157,171,171,184,1183,1197,1197,1197,1197,1197,1197],"floor_reached":44,"playtime":4505,"items_purged":["Writhe"],"score":454,"play_id":"b2ddc2a9-c75d-430e-8def-e34917792e3e","local_time":"20190204075355","is_ascension_mode":false,"campfire_choices":[{"data":"Defragment","floor":15.0,"key":"SMITH"},{"data":"Multi-Cast","floor":23.0,"key":"SMITH"},{"data":"Biased Cognition","floor":27.0,"key":"SMITH"},{"data":"Dualcast","floor":29.0,"key":"SMITH"},{"data":"Multi-Cast","floor":32.0,"key":"SMITH"},{"data":"Multi-Cast","floor":40.0,"key":"SMITH"},{"data":"White Noise","floor":42.0,"key":"SMITH"}],"neow_cost":"CURSE","seed_source_timestamp":0,"circlet_count":0,"master_deck":["Strike_B","Strike_B","Defend_B","Defend_B","Defend_B","Zap+1","Dualcast+1","Multi-Cast+1","Go for the Eyes","White Noise+1","Defragment+1","Coolheaded","Defragment+1","Self Repair","Conserve Battery","White Noise+1","Biased Cognition+1","Ball Lightning","Ball Lightning+1","Hello World+1","Ball Lightning+1","Capacitor","Glacier","Hello World","Multi-Cast+1","Multi-Cast+1","Creative AI","Creative AI+1","Coolheaded+1","Redo+1","Conserve Battery+1","Glacier+1","Normality","Normality","Parasite","Self Repair+1"],"special_seed":0,"relics":["Cracked Core","Golden Idol","Bottled Tornado","Nuclear Battery","Red Mask","DataDisk","Singing Bowl","Bottled Lightning","Astrolabe","Gremlin Horn"],"potions_floor_usage":[],"damage_taken":[{"damage":5.0,"enemies":"Jaw Worm","floor":1.0,"turns":4.0},{"damage":0.0,"enemies":"Small Slimes","floor":2.0,"turns":3.0},{"damage":0.0,"enemies":"Cultist","floor":4.0,"turns":3.0},{"damage":10.0,"enemies":"3 Louse","floor":6.0,"turns":2.0},{"damage":9.0,"enemies":"Exordium Wildlife","floor":11.0,"turns":5.0},{"damage":24.0,"enemies":"Lots of Slimes","floor":12.0,"turns":5.0},{"damage":0.0,"enemies":"3 Louse","floor":14.0,"turns":6.0},{"damage":22.0,"enemies":"Slime Boss","floor":16.0,"turns":10.0},{"damage":1.0,"enemies":"Spheric Guardian","floor":18.0,"turns":6.0},{"damage":9.0,"enemies":"Chosen","floor":19.0,"turns":6.0},{"damage":14.0,"enemies":"Masked Bandits","floor":20.0,"turns":4.0},{"damage":9.0,"enemies":"Centurion and Healer","floor":21.0,"turns":5.0},{"damage":7.0,"enemies":"Cultist and Chosen","floor":24.0,"turns":5.0},{"damage":8.0,"enemies":"Snake Plant","floor":25.0,"turns":4.0},{"damage":11.0,"enemies":"Centurion and Healer","floor":28.0,"turns":6.0},{"damage":0.0,"enemies":"Cultist and Chosen","floor":31.0,"turns":6.0},{"damage":15.0,"enemies":"Champ","floor":33.0,"turns":10.0},{"damage":8.0,"enemies":"3 Shapes","floor":35.0,"turns":3.0},{"damage":38.0,"enemies":"3 Darklings","floor":37.0,"turns":6.0},{"damage":23.0,"enemies":"Writhing Mass","floor":39.0,"turns":8.0},{"damage":41,"enemies":"Reptomancer","floor":44,"turns":6}],"seed_played":"-829802802189519903","potions_obtained":[{"floor":1.0,"key":"Ancient Potion"},{"floor":2.0,"key":"Swift Potion"},{"floor":6.0,"key":"Dexterity Potion"},{"floor":16.0,"key":"Explosive Potion"},{"floor":18.0,"key":"Energy Potion"},{"floor":21.0,"key":"Dexterity Potion"},{"floor":35.0,"key":"Regen Potion"},{"floor":37.0,"key":"LiquidBronze"}],"is_trial":false,"path_per_floor":["M","M","?","M","?","M","?","?","T","$","M","M","?","M","R","B",null,"M","M","?","M","T","R","M","M","T","R","M","R","$","M","R","B",null,"M","?","M","?","M","R","?","R","T","E"],"character_chosen":"DEFECT","items_purchased":["Defragment","Bottled Lightning","Hello World","Multi-Cast"],"campfire_rested":0,"item_purchase_floors":[10,30,30,30],"current_hp_per_floor":[70,70,75,75,74,64,64,53,53,53,44,27,27,34,34,19,74,74,72,72,74,74,74,74,74,74,74,74,74,74,74,74,66,74,73,73,42,42,41,41,41,41,41,0],"gold":1197,"neow_bonus":"THREE_RARE_CARDS","is_prod":false,"is_daily":false,"chose_seed":false,"campfire_upgraded":7,"win_rate":0,"timestamp":1549288435,"path_taken":["M","M","?","M","?","M","?","?","T","$","M","M","?","?","R","BOSS","M","M","?","M","?","R","?","M","T","R","M","R","$","M","R","BOSS","M","?","M","?","M","R","?","R","T","E"],"build_version":"2019-01-23","purchased_purges":1,"victory":false,"max_hp_per_floor":[75,75,80,80,74,74,74,74,74,74,74,74,74,74,74,74,74,74,74,74,74,74,74,74,74,74,74,74,74,74,74,74,74,74,74,74,74,74,74,74,74,74,74,74],"card_choices":[{"not_picked":["Seek","Rainbow"],"picked":"Multi-Cast","floor":0.0},{"not_picked":["Barrage","Skim"],"picked":"Go for the Eyes","floor":1.0},{"not_picked":["Storm","Gash"],"picked":"White Noise","floor":2.0},{"not_picked":["Streamline","Gash"],"picked":"Defragment","floor":4.0},{"not_picked":["Aggregate","Fusion"],"picked":"Coolheaded","floor":6.0},{"not_picked":["Reprogram","Stack"],"picked":"Self Repair","floor":11.0},{"not_picked":["Lockon","Stack"],"picked":"Conserve Battery","floor":12.0},{"not_picked":["Beam Cell","Compile Driver"],"picked":"White Noise","floor":14.0},{"not_picked":["Core Surge","Buffer"],"picked":"Biased Cognition","floor":16.0},{"not_picked":["Tempest","Conserve Battery"],"picked":"Ball Lightning","floor":18.0},{"not_picked":["Reprogram+1","Stack"],"picked":"Self Repair","floor":19.0},{"not_picked":["Redo","Chill+1"],"picked":"Ball Lightning+1","floor":20.0},{"not_picked":["Gash","Chaos+1"],"picked":"Hello World+1","floor":21.0},{"not_picked":["Stack","Cold Snap+1"],"picked":"Ball Lightning+1","floor":24.0},{"not_picked":["Aggregate","Streamline"],"picked":"Capacitor","floor":25.0},{"not_picked":["Rebound","Reinforced Body"],"picked":"Glacier","floor":28.0},{"not_picked":["Ball Lightning+1","Leap"],"picked":"Multi-Cast","floor":31.0},{"not_picked":["Seek","Buffer"],"picked":"Creative AI","floor":33.0},{"not_picked":["Beam Cell+1","Rebound"],"picked":"Conserve Battery+1","floor":35.0},{"not_picked":["Redo+1","Streamline"],"picked":"Glacier+1","floor":37.0},{"not_picked":["Skim","BootSequence"],"picked":"Self Repair+1","floor":39.0}],"player_experience":738572,"relics_obtained":[{"floor":9.0,"key":"Bottled Tornado"},{"floor":20.0,"key":"Red Mask"},{"floor":22.0,"key":"DataDisk"},{"floor":26.0,"key":"Singing Bowl"},{"floor":43.0,"key":"Gremlin Horn"}],"event_choices":[{"damage_healed":0.0,"max_hp_gain":5.0,"max_hp_loss":0.0,"gold_gain":0.0,"event_name":"Big Fish","player_choice":"Donut","floor":3.0,"gold_loss":0.0,"damage_taken":0.0},{"damage_healed":0.0,"max_hp_gain":0.0,"max_hp_loss":6.0,"gold_gain":0.0,"event_name":"Golden Idol","player_choice":"Lose Max HP","floor":5.0,"gold_loss":0.0,"damage_taken":0.0,"relics_obtained":["Golden Idol"]},{"damage_healed":0.0,"max_hp_gain":0.0,"max_hp_loss":0.0,"gold_gain":0.0,"event_name":"Living Wall","player_choice":"Grow","floor":7.0,"gold_loss":0.0,"damage_taken":0.0,"cards_upgraded":["Defragment"]},{"damage_healed":0.0,"max_hp_gain":0.0,"max_hp_loss":0.0,"gold_gain":75.0,"event_name":"World of Goop","player_choice":"Gather Gold","floor":8.0,"gold_loss":0.0,"damage_taken":11.0},{"damage_healed":0.0,"max_hp_gain":0.0,"max_hp_loss":0.0,"gold_gain":0.0,"event_name":"Upgrade Shrine","player_choice":"Upgraded","floor":13.0,"gold_loss":0.0,"damage_taken":0.0,"cards_upgraded":["Zap"]},{"damage_healed":0.0,"max_hp_gain":0.0,"max_hp_loss":0.0,"gold_gain":0.0,"event_name":"Masked Bandits","player_choice":"Fought Bandits","floor":20.0,"gold_loss":0.0,"damage_taken":0.0},{"cards_removed":["Self Repair"],"damage_healed":0.0,"max_hp_gain":0.0,"max_hp_loss":0.0,"gold_gain":0.0,"event_name":"Falling","player_choice":"Removed Power","floor":36.0,"gold_loss":0.0,"damage_taken":0.0},{"damage_healed":0.0,"max_hp_gain":0.0,"max_hp_loss":0.0,"gold_gain":999.0,"event_name":"MindBloom","player_choice":"Gold","floor":38.0,"gold_loss":0.0,"damage_taken":0.0,"cards_obtained":["Normality","Normality"]},{"damage_healed":0.0,"max_hp_gain":0.0,"max_hp_loss":0.0,"gold_gain":0.0,"event_name":"Accursed Blacksmith","player_choice":"Forge","floor":41.0,"gold_loss":0.0,"damage_taken":0.0,"cards_upgraded":["White Noise"]}],"is_beta":false,"boss_relics":[{"not_picked":["Runic Dome","Lizard Tail"],"picked":"Nuclear Battery"},{"not_picked":["Tiny House","Fusion Hammer"],"picked":"Astrolabe"}],"items_purged_floors":[10],"is_endless":false,"potions_floor_spawned":[1,2,6,16,18,21,28,35,37],"killed_by":"Reptomancer","ascension_level":0}