{"gold_per_floor":[110,110,110,160,185,185,199,224,224,265,265,288,288,308,308,434,434,453,68,68,68,103,103,103,103,103,58,82,121,144,144,144,144],"floor_reached":33,"playtime":1042,"items_purged":["Strike_R"],"score":263,"play_id":"4d081484-a25f-4806-a982-de56632a2963","local_time":"20190211135511","is_ascension_mode":false,"campfire_choices":[{"data":"Bash","floor":6,"key":"SMITH"},{"data":"Searing Blow","floor":11,"key":"SMITH"},{"data":"Searing Blow+1","floor":13,"key":"SMITH"},{"data":"Searing Blow+2","floor":15,"key":"SMITH"},{"floor":23,"key":"REST"},{"floor":25,"key":"REST"},{"floor":32,"key":"REST"}],"neow_cost":"NONE","seed_source_timestamp":1656250506793987,"circlet_count":0,"master_deck":["Strike_R","Defend_R","Defend_R","Defend_R","Defend_R","Bash+1","Evolve","Rampage","Battle Trance","Ghostly Armor","Searing Blow+3","Shrug It Off","Metallicize","Double Tap","Shockwave","Flash of Steel","Pummel","Clash","Shrug It Off","Uppercut+1","Shockwave"],"relics":["Burning Blood","Golden Idol","Oddly Smooth Stone","Meat on the Bone","WingedGreaves","Black Star","PreservedInsect","Red Mask","Orichalcum","Regal Pillow","Boot","Bottled Lightning"],"potions_floor_usage":[10,16,33,33],"damage_taken":[{"damage":4,"enemies":"2 Louse","floor":1,"turns":4},{"damage":7,"enemies":"Jaw Worm","floor":5,"turns":4},{"damage":0,"enemies":"Small Slimes","floor":7,"turns":3},{"damage":12,"enemies":"Blue Slaver","floor":8,"turns":3},{"damage":5,"enemies":"Gremlin Nob","floor":10,"turns":3},{"damage":13,"enemies":"2 Fungi Beasts","floor":12,"turns":3},{"damage":1,"enemies":"Exordium Wildlife","floor":14,"turns":3},{"damage":26,"enemies":"Slime Boss","floor":16,"turns":9},{"damage":19,"enemies":"Shell Parasite","floor":18,"turns":4},{"damage":60,"enemies":"Masked Bandits","floor":22,"turns":7},{"damage":8,"enemies":"3 Byrds","floor":28,"turns":7},{"damage":23,"enemies":"Book of Stabbing","floor":29,"turns":6},{"damage":52,"enemies":"3 Cultists","floor":30,"turns":8},{"damage":73,"enemies":"Collector","floor":33,"turns":7}],"seed_played":"-5029340688993446298","potions_obtained":[{"floor":7,"key":"Energy Potion"},{"floor":10,"key":"Dexterity Potion"},{"floor":12,"key":"Weak Potion"},{"floor":22,"key":"BloodPotion"},{"floor":30,"key":"SteroidPotion"}],"is_trial":false,"path_per_floor":["M","?","?","T","M","R","M","M","T","E","R","M","R","M","R","B",null,"M","$","?","?","?","R","?","R","T","$","M","E","M","T","R","B"],"character_chosen":"IRONCLAD","items_purchased":["Shockwave","PreservedInsect","Flash of Steel","Shrug It Off"],"campfire_rested":3,"item_purchase_floors":[19,19,19,27],"current_hp_per_floor":[80,80,60,60,59,59,65,59,59,60,60,53,53,58,58,50,80,67,67,67,67,25,49,49,73,73,73,71,54,20,20,59,0],"gold":144,"neow_bonus":"TRANSFORM_CARD","is_prod":false,"is_daily":false,"chose_seed":false,"campfire_upgraded":4,"win_rate":0,"timestamp":1549860911,"path_taken":["M","?","?","?","M","R","M","M","T","E","R","M","R","M","R","BOSS","M","$","?","?","?","R","?","R","T","$","?","E","M","?","R","BOSS"],"build_version":"2019-01-23","purchased_purges":1,"victory":false,"max_hp_per_floor":[80,80,80,80,80,80,80,80,80,80,80,80,80,80,80,80,80,80,80,80,80,80,80,80,80,80,80,80,80,80,80,80,80],"card_choices":[{"not_picked":["Heavy Blade","Feel No Pain"],"picked":"Rampage","floor":1},{"not_picked":["Wild Strike","Rampage"],"picked":"Battle Trance","floor":5},{"not_picked":["Sword Boomerang","Entrench"],"picked":"Ghostly Armor","floor":7},{"not_picked":["Body Slam","Entrench"],"picked":"Searing Blow","floor":8},{"not_picked":["Burning Pact","Flex"],"picked":"Shrug It Off","floor":10},{"not_picked":["Pommel Strike","Berserk"],"picked":"Metallicize","floor":12},{"not_picked":["Warcry","Disarm","Clash"],"picked":"SKIP","floor":14},{"not_picked":["Barricade","Immolate"],"picked":"Double Tap","floor":16},{"not_picked":["Rupture+1","Armaments","Clash"],"picked":"SKIP","floor":18},{"not_picked":["Sword Boomerang","Sever Soul","Cleave"],"picked":"SKIP","floor":28},{"not_picked":["Hemokinesis+1","Havoc"],"picked":"Uppercut+1","floor":29},{"not_picked":["Cleave","Spot Weakness+1"],"picked":"Shockwave","floor":30}],"player_experience":520340,"relics_obtained":[{"floor":4,"key":"Oddly Smooth Stone"},{"floor":9,"key":"Meat on the Bone"},{"floor":10,"key":"WingedGreaves"},{"floor":22,"key":"Red Mask"},{"floor":26,"key":"Orichalcum"},{"floor":29,"key":"Regal Pillow"},{"floor":29,"key":"Boot"},{"floor":31,"key":"Bottled Lightning"}],"event_choices":[{"damage_healed":0,"gold_gain":0,"player_choice":"Ignored","damage_taken":0,"max_hp_gain":0,"max_hp_loss":0,"event_name":"Liars Game","floor":2,"gold_loss":0},{"damage_healed":0,"gold_gain":0,"player_choice":"Take Damage","damage_taken":20,"relics_obtained":["Golden Idol"],"max_hp_gain":0,"max_hp_loss":0,"event_name":"Golden Idol","floor":3,"gold_loss":0},{"damage_healed":0,"gold_gain":0,"player_choice":"Ignored","damage_taken":0,"max_hp_gain":0,"max_hp_loss":0,"event_name":"Vampires","floor":20,"gold_loss":0},{"damage_healed":0,"gold_gain":0,"player_choice":"Ignored","damage_taken":0,"max_hp_gain":0,"max_hp_loss":0,"event_name":"Ghosts","floor":21,"gold_loss":0},{"damage_healed":0,"gold_gain":0,"player_choice":"Fought Bandits","damage_taken":0,"max_hp_gain":0,"max_hp_loss":0,"event_name":"Masked Bandits","floor":22,"gold_loss":0},{"damage_healed":0,"gold_gain":0,"cards_transformed":["Strike_R","Strike_R"],"player_choice":"Became Test Subject","damage_taken":0,"max_hp_gain":0,"max_hp_loss":0,"event_name":"Drug Dealer","floor":24,"gold_loss":0,"cards_obtained":["Pummel","Clash"]}],"is_beta":false,"boss_relics":[{"not_picked":["Coffee Dripper","Pandora\u0027s Box"],"picked":"Black Star"}],"items_purged_floors":[19],"is_endless":false,"potions_floor_spawned":[7,10,12,22,30],"killed_by":"Collector","ascension_level":0}