{"gold_per_floor":[117,40,215,226,236,236,236,266,291,308,308,338,363,363,363,363],"floor_reached":16,"playtime":750,"items_purged":[],"score":135,"play_id":"25883904-b148-40dd-b6ce-dcd5fe619114","local_time":"20190212191207","is_ascension_mode":true,"campfire_choices":[{"data":"Chill","floor":6.0,"key":"SMITH"},{"floor":11.0,"key":"REST"},{"floor":15.0,"key":"REST"}],"neow_cost":"TEN_PERCENT_HP_LOSS","seed_source_timestamp":60058694996378,"circlet_count":0,"master_deck":["Strike_B","Strike_B","Strike_B","Defend_B","Defend_B","Defend_B","Defend_B","Zap","Dualcast","Chill+1","BootSequence","Doubt","Coolheaded","Doom and Gloom","Storm","Fusion","Doom and Gloom"],"special_seed":0,"relics":["Cracked Core","Calipers","Centennial Puzzle","PreservedInsect","Lantern","Prayer Wheel","Mercury Hourglass"],"potions_floor_usage":[],"damage_taken":[{"damage":4.0,"enemies":"Jaw Worm","floor":1.0,"turns":3.0},{"damage":8.0,"enemies":"Small Slimes","floor":4.0,"turns":4.0},{"damage":2.0,"enemies":"Cultist","floor":5.0,"turns":4.0},{"damage":34.0,"enemies":"Lagavulin","floor":8.0,"turns":8.0},{"damage":11.0,"enemies":"Large Slime","floor":10.0,"turns":7.0},{"damage":22.0,"enemies":"Gremlin Nob","floor":13.0,"turns":5.0},{"damage":30,"enemies":"The Guardian","floor":16,"turns":6}],"seed_played":"-7199090786588870626","potions_obtained":[{"floor":5.0,"key":"Strength Potion"},{"floor":10.0,"key":"Strength Potion"}],"is_trial":false,"path_per_floor":["M","$","?","M","M","R","?","E","T","M","R","?","E","T","R","B"],"character_chosen":"DEFECT","items_purchased":["BootSequence"],"campfire_rested":2,"item_purchase_floors":[2],"current_hp_per_floor":[64,64,64,56,54,54,54,20,20,9,29,29,7,7,27,0],"gold":363,"neow_bonus":"ONE_RARE_RELIC","is_prod":false,"is_daily":false,"chose_seed":false,"campfire_upgraded":1,"win_rate":0,"timestamp":1549960927,"path_taken":["M","$","?","M","M","R","?","E","T","?","R","?","E","?","R","BOSS"],"build_version":"2019-01-23","purchased_purges":0,"victory":false,"max_hp_per_floor":[68,68,68,68,68,68,68,68,68,68,68,68,68,68,68,68],"card_choices":[{"not_picked":["Coolheaded","Ball Lightning"],"picked":"Chill","floor":1.0},{"not_picked":["Compile Driver","Redo"],"picked":"Coolheaded","floor":4.0},{"not_picked":["Rebound","Static Discharge"],"picked":"Doom and Gloom","floor":5.0},{"not_picked":["Steam","Hologram"],"picked":"Fusion","floor":8.0},{"not_picked":["Beam Cell","Sweeping Beam","Steam"],"picked":"SKIP","floor":10.0},{"not_picked":["Steam","Sweeping Beam"],"picked":"Doom and Gloom","floor":13.0}],"player_experience":574522,"relics_obtained":[{"floor":8.0,"key":"Centennial Puzzle"},{"floor":9.0,"key":"PreservedInsect"},{"floor":13.0,"key":"Prayer Wheel"},{"floor":14.0,"key":"Mercury Hourglass"}],"event_choices":[{"damage_healed":0.0,"max_hp_gain":0.0,"max_hp_loss":0.0,"gold_gain":175.0,"event_name":"Liars Game","player_choice":"AGREE","floor":3.0,"gold_loss":0.0,"damage_taken":0.0,"cards_obtained":["Doubt"]},{"damage_healed":0.0,"max_hp_gain":0.0,"max_hp_loss":0.0,"gold_gain":0.0,"cards_transformed":["Strike_B"],"event_name":"Transmorgrifier","player_choice":"Transformed","floor":7.0,"gold_loss":0.0,"damage_taken":0.0,"cards_obtained":["Storm"]},{"damage_healed":0.0,"max_hp_gain":0.0,"max_hp_loss":0.0,"gold_gain":30.0,"event_name":"Dead Adventurer","player_choice":"Searched \u00272\u0027 times","floor":12.0,"gold_loss":0.0,"damage_taken":0.0,"relics_obtained":["Lantern"]}],"is_beta":false,"boss_relics":[],"items_purged_floors":[],"is_endless":false,"potions_floor_spawned":[5,10],"killed_by":"The Guardian","ascension_level":5}