{"gold_per_floor":[109,109,209,228,12,43,43,75,75,94,107,120,120,132,132,132],"floor_reached":16,"playtime":760,"items_purged":[],"score":199,"play_id":"ed26a753-987f-4118-b27d-545aedc59720","local_time":"20180806175400","is_ascension_mode":true,"campfire_choices":[{"data":"Neutralize","floor":7,"key":"SMITH"},{"data":"Cloak And Dagger","floor":13,"key":"SMITH"},{"data":"Blade Dance","floor":15,"key":"SMITH"}],"neow_cost":"CURSE","seed_source_timestamp":920308372791060,"circlet_count":0,"master_deck":["Defend_G","Defend_G","Defend_G","Defend_G","Defend_G","Strike_G","Strike_G","Strike_G","Strike_G","Strike_G","Survivor","Neutralize+1","AscendersBane","Shame","Cloak And Dagger+1","Poisoned Stab","Dagger Spray","Dagger Throw","Blade Dance+1","Slice","PiercingWail+1","Dodge and Roll+1","Dagger Spray","Deflect+1"],"relics":["Ring of the Snake","FaceOfCleric","Blood Vial","Du-Vu Doll","Ornamental Fan","Toxic Egg 2"],"potions_floor_usage":[8,14,16],"damage_taken":[{"damage":6,"enemies":"Jaw Worm","floor":1,"turns":10},{"damage":5,"enemies":"Cultist","floor":4,"turns":5},{"damage":49,"enemies":"Gremlin Nob","floor":6,"turns":6},{"damage":9,"enemies":"3 Sentries","floor":8,"turns":4},{"damage":0,"enemies":"Small Slimes","floor":10,"turns":2},{"damage":3,"enemies":"Blue Slaver","floor":11,"turns":3},{"damage":6,"enemies":"Exordium Thugs","floor":12,"turns":4},{"damage":1,"enemies":"Looter","floor":14,"turns":3},{"damage":22,"enemies":"Hexaghost","floor":16,"turns":9}],"seed_played":"-7935999496543877880","potions_obtained":[{"floor":6,"key":"Strength Potion"},{"floor":8,"key":"GhostInAJar"},{"floor":10,"key":"GamblersBrew"}],"is_trial":false,"path_per_floor":["M","?","?","M","$","E","R","E","T","M","M","M","R","M","R"],"character_chosen":"THE_SILENT","items_purchased":["Blood Vial","Dagger Spray","Dagger Throw"],"campfire_rested":0,"item_purchase_floors":[5,5,5],"current_hp_per_floor":[71,71,71,67,67,21,21,15,15,18,18,15,15,17,17,0],"gold":132,"neow_bonus":"TWENTY_PERCENT_HP_BONUS","is_prod":false,"is_daily":false,"chose_seed":false,"campfire_upgraded":3,"win_rate":0,"timestamp":1533596040,"path_taken":["M","?","?","M","?","E","R","E","T","M","M","M","R","?","R","BOSS"],"build_version":"2018-08-01","purchased_purges":0,"victory":false,"max_hp_per_floor":[84,84,84,85,85,86,86,87,87,88,89,90,90,91,91,91],"card_choices":[{"not_picked":["Footwork","Choke"],"picked":"Cloak And Dagger","floor":1},{"not_picked":["Reflex","Acrobatics"],"picked":"Poisoned Stab","floor":4},{"not_picked":["Deflect","Reflex"],"picked":"Blade Dance","floor":6},{"not_picked":["Deadly Poison","Doppelganger"],"picked":"Slice","floor":8},{"not_picked":["Poisoned Stab","Quick Slash"],"picked":"PiercingWail+1","floor":10},{"not_picked":["Deadly Poison+1","Prepared+1"],"picked":"Dodge and Roll+1","floor":11},{"not_picked":["PiercingWail+1","Slice"],"picked":"Dagger Spray","floor":12},{"not_picked":["Dagger Throw","Glass Knife"],"picked":"Deflect+1","floor":14}],"player_experience":349451,"relics_obtained":[{"floor":6,"key":"Du-Vu Doll"},{"floor":8,"key":"Ornamental Fan"},{"floor":9,"key":"Toxic Egg 2"}],"event_choices":[{"event_name":"FaceTrader","player_choice":"Trade","floor":2,"damage_taken":0},{"event_name":"Golden Shrine","player_choice":"Pray","floor":3,"damage_taken":0}],"is_beta":true,"boss_relics":[],"items_purged_floors":[],"is_endless":false,"potions_floor_spawned":[6,8,10],"killed_by":"Hexaghost","ascension_level":11}