{"gold_per_floor":[14,29,29,29,29,29,48,48,73,84,111,131,32,46,46,150,150,161,36,135,135,154,154,186,200,248,5,40,40,40,70,82,192,204,235,263,275,387,399,445,457,18,44,54,54,65,83,19,19,19],"floor_reached":51,"playtime":3243,"items_purged":["Defend_G","Decay"],"score":807,"play_id":"9abaf4cc-c9e1-4bfb-bdec-c4d1ad3a22bf","local_time":"20181016001307","is_ascension_mode":true,"campfire_choices":[{"data":"Eviscerate","floor":6,"key":"SMITH"},{"data":"Concentrate","floor":8,"key":"SMITH"},{"floor":15,"key":"REST"},{"data":"Underhanded Strike","floor":23,"key":"SMITH"},{"data":"Sucker Punch","floor":29,"key":"SMITH"},{"data":"Survivor","floor":32,"key":"SMITH"},{"floor":41,"key":"REST"},{"floor":49,"key":"REST"}],"neow_cost":"NO_GOLD","seed_source_timestamp":81005776216917,"circlet_count":0,"master_deck":["Defend_G","Defend_G","Defend_G","Defend_G","Strike_G","Survivor+1","Neutralize+1","Catalyst","Quick Slash","Eviscerate+1","Concentrate+1","Sucker Punch+1","Poisoned Stab","Dagger Throw","Underhanded Strike+1","Dagger Throw","All Out Attack","Unload","Prepared+1","Well Laid Plans+1","Masterful Stab+1","Backstab","Acrobatics","Die Die Die","Underhanded Strike+1","Deadly Poison","Deadly Poison","Doppelganger","All Out Attack+1","PiercingWail","Mayhem","Backflip+1","Pain","Backflip+1"],"relics":["Ring of the Snake","Boot","Lantern","Gremlin Horn","Astrolabe","Tough Bandages","Ancient Tea Set","Lee\u0027s Waffle","Tingsha","MawBank","Cursed Key","Calipers","Frozen Egg 2","Matryoshka","Paper Crane","PreservedInsect","Bag of Marbles"],"potions_floor_usage":[11,11,16,22,22,24,25,35,37,37,44,47,50],"damage_taken":[{"damage":0,"enemies":"2 Louse","floor":1,"turns":3},{"damage":2,"enemies":"Jaw Worm","floor":2,"turns":6},{"damage":0,"enemies":"Cultist","floor":7,"turns":4},{"damage":1,"enemies":"Looter","floor":10,"turns":4},{"damage":25,"enemies":"Lagavulin","floor":11,"turns":8},{"damage":0,"enemies":"2 Fungi Beasts","floor":12,"turns":2},{"damage":0,"enemies":"Red Slaver","floor":14,"turns":4},{"damage":64,"enemies":"Hexaghost","floor":16,"turns":14},{"damage":11,"enemies":"3 Byrds","floor":18,"turns":4},{"damage":12,"enemies":"Shell Parasite","floor":22,"turns":4},{"damage":40,"enemies":"Slavers","floor":24,"turns":4},{"damage":8,"enemies":"Snake Plant","floor":25,"turns":3},{"damage":9,"enemies":"Gremlin Leader","floor":28,"turns":4},{"damage":5,"enemies":"Sentry and Sphere","floor":31,"turns":3},{"damage":52,"enemies":"Automaton","floor":33,"turns":9},{"damage":5,"enemies":"Orb Walker","floor":35,"turns":3},{"damage":6,"enemies":"3 Shapes","floor":36,"turns":4},{"damage":8,"enemies":"Mind Bloom Boss Battle","floor":37,"turns":6},{"damage":43,"enemies":"2 Orb Walkers","floor":40,"turns":5},{"damage":26,"enemies":"Maw","floor":44,"turns":7},{"damage":2,"enemies":"4 Shapes","floor":46,"turns":5},{"damage":1,"enemies":"Reptomancer","floor":47,"turns":4},{"damage":33,"enemies":"Awakened One","floor":50,"turns":14}],"seed_played":"3537756846056914967","potions_obtained":[{"floor":1,"key":"PowerPotion"},{"floor":2,"key":"SkillPotion"},{"floor":12,"key":"Energy Potion"},{"floor":16,"key":"SteroidPotion"},{"floor":18,"key":"Regen Potion"},{"floor":22,"key":"Poison Potion"},{"floor":33,"key":"EssenceOfSteel"},{"floor":35,"key":"Regen Potion"},{"floor":36,"key":"Fire Potion"},{"floor":37,"key":"SpeedPotion"}],"is_trial":false,"path_per_floor":["M","M","?","?","?","R","M","R","T","M","E","M","$","M","R","B",null,"M","$","?","?","M","R","E","M","T","$","E","R","?","M","R","B",null,"M","M","?","?","?","E","R","$","T","M","$","M","M","?","R","B"],"character_chosen":"THE_SILENT","items_purchased":["Underhanded Strike","Dagger Throw","Energy Potion","Deadly Poison","Lee\u0027s Waffle","Matryoshka","Strength Potion","SkillPotion"],"campfire_rested":3,"item_purchase_floors":[13,13,19,27,27,42,42,42],"current_hp_per_floor":[84,82,70,70,70,70,70,70,70,69,44,44,44,44,69,5,84,73,73,73,73,70,70,30,22,22,91,82,82,82,77,77,25,91,86,80,81,81,81,38,65,65,65,39,39,37,36,36,63,30],"gold":19,"neow_bonus":"TWENTY_PERCENT_HP_BONUS","is_prod":false,"is_daily":false,"chose_seed":false,"campfire_upgraded":5,"win_rate":0,"timestamp":1539666787,"path_taken":["M","M","?","?","?","R","M","R","T","M","E","M","?","M","R","BOSS","M","$","?","?","M","R","E","M","T","?","E","R","?","M","R","BOSS","M","M","?","?","?","E","R","?","T","?","$","M","M","?","R","BOSS"],"build_version":"2018-10-11","purchased_purges":2,"victory":true,"max_hp_per_floor":[84,84,84,84,84,84,84,84,84,84,84,84,84,84,84,84,84,84,84,84,84,84,84,84,84,84,91,91,91,91,91,91,91,91,91,91,91,91,91,91,91,91,91,91,91,91,91,91,91,91],"card_choices":[{"not_picked":["Choke","Poisoned Stab"],"picked":"Catalyst","floor":1},{"not_picked":["Blur","Prepared"],"picked":"Quick Slash","floor":2},{"not_picked":["Dodge and Roll","Underhanded Strike"],"picked":"Concentrate","floor":7},{"not_picked":["Underhanded Strike","Escape Plan"],"picked":"Sucker Punch","floor":10},{"not_picked":["Heel Hook","Backflip"],"picked":"Poisoned Stab","floor":11},{"not_picked":["Accuracy","Bullet Time"],"picked":"Dagger Throw","floor":12},{"not_picked":["Deflect","Dodge and Roll"],"picked":"All Out Attack","floor":14},{"not_picked":["Burst","Corpse Explosion"],"picked":"Unload","floor":16},{"not_picked":["Prepared","Infinite Blades"],"picked":"Backstab","floor":18},{"not_picked":["Underhanded Strike","Flying Knee"],"picked":"Acrobatics","floor":22},{"not_picked":["Deflect+1","Poisoned Stab"],"picked":"Die Die Die","floor":24},{"not_picked":["Deflect","Dash+1"],"picked":"Underhanded Strike+1","floor":25},{"not_picked":["Die Die Die","Noxious Fumes","Dagger Spray"],"picked":"SKIP","floor":28},{"not_picked":["Flying Knee","Slice"],"picked":"Deadly Poison","floor":31},{"not_picked":["After Image","Wraith Form v2"],"picked":"Doppelganger","floor":33},{"not_picked":["Flechettes+1","Flying Knee+1"],"picked":"All Out Attack+1","floor":35},{"not_picked":["Distraction","Dagger Spray","Quick Slash"],"picked":"SKIP","floor":36},{"not_picked":["Eviscerate","Outmaneuver+1"],"picked":"PiercingWail","floor":37},{"not_picked":["Discovery","Jack Of All Trades"],"picked":"Mayhem","floor":39},{"not_picked":["Night Terror","Slice+1"],"picked":"Backflip+1","floor":40},{"not_picked":["Dodge and Roll","Leg Sweep+1","Bane"],"picked":"SKIP","floor":44},{"not_picked":["Accuracy+1","Eviscerate"],"picked":"Backflip+1","floor":46},{"not_picked":["Bane","Poisoned Stab+1","Skewer"],"picked":"SKIP","floor":47}],"player_experience":417737,"relics_obtained":[{"floor":9,"key":"Lantern"},{"floor":11,"key":"Gremlin Horn"},{"floor":24,"key":"Tough Bandages"},{"floor":26,"key":"Ancient Tea Set"},{"floor":28,"key":"Tingsha"},{"floor":37,"key":"Calipers"},{"floor":40,"key":"Frozen Egg 2"},{"floor":43,"key":"Paper Crane"},{"floor":43,"key":"PreservedInsect"}],"event_choices":[{"event_name":"Scrap Ooze","player_choice":"success","floor":3,"damage_taken":12},{"event_name":"Transmorgrifier","player_choice":"Transform","floor":4,"damage_taken":0},{"event_name":"Living Wall","player_choice":"Grow","floor":5,"damage_taken":0},{"event_name":"Nest","player_choice":"Stole From Cult","floor":20,"damage_taken":0},{"event_name":"Forgotten Altar","player_choice":"Smashed Altar","floor":21,"damage_taken":0},{"event_name":"The Mausoleum","player_choice":"Yes","floor":30,"damage_taken":0},{"event_name":"MindBloom","player_choice":"Fight","floor":37,"damage_taken":0},{"event_name":"Golden Shrine","player_choice":"Pray","floor":38,"damage_taken":0},{"event_name":"SensoryStone","player_choice":"Memory 1","floor":39,"damage_taken":0},{"event_name":"WeMeetAgain","player_choice":"Gold","floor":48,"damage_taken":0}],"is_beta":true,"boss_relics":[{"not_picked":["Busted Crown","Fusion Hammer"],"picked":"Astrolabe"},{"not_picked":["Sozu","Eternal Feather"],"picked":"Cursed Key"}],"items_purged_floors":[19,42],"is_endless":false,"potions_floor_spawned":[1,2,12,16,18,22,33,35,36,37],"ascension_level":2}