{"gold_per_floor":[119,194,38,56,56,56,87,87,87,105,105,117,129,54,54,153,153,170,170,170,170,15,47,57,71,94,109,123,123,139,151,151,151],"floor_reached":33,"playtime":1366,"items_purged":["Strike_R"],"score":373,"play_id":"338091d8-4eb7-4e3d-a3c8-981baf22f60a","local_time":"20180628222703","is_ascension_mode":true,"campfire_choices":[{"data":"Bash","floor":6,"key":"SMITH"},{"data":"Bludgeon","floor":8,"key":"SMITH"},{"floor":15,"key":"REST"},{"floor":32,"key":"REST"}],"neow_cost":"NONE","seed_source_timestamp":354922910258588,"circlet_count":0,"master_deck":["Strike_R+1","Strike_R+1","Strike_R+1","Strike_R+1","Defend_R+1","Defend_R+1","Defend_R+1","Defend_R+1","Bash+1","Dropkick","Cleave+1","Bludgeon+1","Thunderclap","Whirlwind","Feed"],"relics":["Burning Blood","Happy Flower","Whetstone","Singing Bowl","Sozu","Lantern","Bronze Scales","Magic Flower","Bag of Preparation"],"potions_floor_usage":[7,16,16,16,16,16,33],"damage_taken":[{"damage":0,"enemies":"Small Slimes","floor":1,"turns":5},{"damage":2,"enemies":"Jaw Worm","floor":4,"turns":3},{"damage":30,"enemies":"3 Sentries","floor":7,"turns":7},{"damage":0,"enemies":"Cultist","floor":10,"turns":2},{"damage":16,"enemies":"2 Fungi Beasts","floor":12,"turns":3},{"damage":5,"enemies":"Exordium Wildlife","floor":13,"turns":3},{"damage":23,"enemies":"The Guardian","floor":16,"turns":10},{"damage":1,"enemies":"Spheric Guardian","floor":18,"turns":3},{"damage":50,"enemies":"Slavers","floor":23,"turns":4},{"damage":0,"enemies":"3 Byrds","floor":24,"turns":3},{"damage":24,"enemies":"Snake Plant","floor":25,"turns":2},{"damage":44,"enemies":"Slaver and Parasite","floor":27,"turns":5},{"damage":18,"enemies":"Cultist and Chosen","floor":28,"turns":5},{"damage":0,"enemies":"Snecko","floor":30,"turns":3},{"damage":13,"enemies":"Sentry and Sphere","floor":31,"turns":4},{"damage":84,"enemies":"Collector","floor":33,"turns":6}],"seed_played":"2192937129695011313","potions_obtained":[{"floor":1,"key":"SteroidPotion"},{"floor":4,"key":"Strength Potion"},{"floor":11,"key":"SteroidPotion"},{"floor":11,"key":"GamblersBrew"},{"floor":12,"key":"Weak Potion"},{"floor":13,"key":"EntropicBrew"}],"is_trial":false,"path_per_floor":["M","?","$","M","$","R","E","R","T","M","?","M","M","$","R","B",null,"M","?","$","T","$","E","M","M","T","M","M","?","M","M","R"],"character_chosen":"IRONCLAD","items_purchased":["Happy Flower","Bronze Scales"],"campfire_rested":2,"item_purchase_floors":[3,22],"current_hp_per_floor":[88,77,77,81,81,81,57,57,57,63,63,53,56,56,83,66,90,92,92,92,92,92,53,64,51,51,23,16,16,32,30,64,0],"gold":151,"neow_bonus":"TEN_PERCENT_HP_BONUS","is_prod":false,"is_daily":false,"chose_seed":false,"campfire_upgraded":2,"win_rate":0,"timestamp":1530239223,"path_taken":["M","?","$","M","?","R","E","R","T","M","?","?","M","$","R","BOSS","M","?","$","?","$","E","M","M","T","M","M","?","?","M","R","BOSS"],"build_version":"2018-06-21v2","purchased_purges":1,"victory":false,"max_hp_per_floor":[88,88,88,88,88,88,88,88,88,88,88,88,90,90,90,90,90,92,92,92,92,92,97,99,101,101,106,108,108,113,115,115,115],"card_choices":[{"not_picked":["Headbutt","Warcry"],"picked":"Dropkick","floor":1},{"not_picked":["Heavy Blade","Feel No Pain"],"picked":"Cleave","floor":4},{"not_picked":["Corruption","Uppercut"],"picked":"Bludgeon","floor":7},{"not_picked":["Perfected Strike","Armaments"],"picked":"Thunderclap","floor":10},{"not_picked":["Warcry","Sentinel"],"picked":"Whirlwind","floor":12},{"not_picked":["Heavy Blade","Evolve","Warcry"],"picked":"Singing Bowl","floor":13},{"not_picked":["Reaper","Barricade"],"picked":"Feed","floor":16},{"not_picked":["Cleave","Shockwave","Iron Wave+1"],"picked":"Singing Bowl","floor":18},{"not_picked":["Sever Soul","Bloodletting","Warcry"],"picked":"Singing Bowl","floor":23},{"not_picked":["Havoc","Disarm+1","Sword Boomerang"],"picked":"Singing Bowl","floor":24},{"not_picked":["Wild Strike","Armaments+1","Perfected Strike"],"picked":"Singing Bowl","floor":25},{"not_picked":["Cleave+1","Clash","Infernal Blade+1"],"picked":"Singing Bowl","floor":27},{"not_picked":["Fire Breathing","Evolve","Flex"],"picked":"Singing Bowl","floor":28},{"not_picked":["Perfected Strike+1","Cleave","Heavy Blade+1"],"picked":"Singing Bowl","floor":30},{"not_picked":["Sever Soul","Seeing Red","Demon Form"],"picked":"Singing Bowl","floor":31}],"player_experience":835328,"relics_obtained":[{"floor":7,"key":"Whetstone"},{"floor":9,"key":"Singing Bowl"},{"floor":21,"key":"Lantern"},{"floor":23,"key":"Magic Flower"},{"floor":26,"key":"Bag of Preparation"}],"event_choices":[{"event_name":"World of Goop","player_choice":"Gather Gold","floor":2,"damage_taken":0},{"event_name":"The Lab","player_choice":"Got Potions","floor":11,"damage_taken":0},{"event_name":"Drug Dealer","player_choice":"Ignored","floor":19,"damage_taken":0},{"event_name":"Back to Basics","player_choice":"Simplicity","floor":29,"damage_taken":0}],"boss_relics":[{"not_picked":["Pandora\u0027s Box","White Beast Statue"],"picked":"Sozu"}],"items_purged_floors":[14],"is_endless":false,"potions_floor_spawned":[1,4,12,13,23,24,28,30,31],"killed_by":"Collector","ascension_level":4}