{"gold_per_floor":[118,118,43,60,60,87,100,133,133,133,161,11,26,58,58,154,154,171,71,90,103,117,117],"floor_reached":23,"playtime":2135,"items_purged":["Sword Boomerang","Strike_R"],"score":221,"play_id":"71f7ce77-82df-4d73-b44c-b5ca26ea231c","local_time":"20190111185428","is_ascension_mode":false,"campfire_choices":[{"data":"Demon Form","floor":10,"key":"SMITH"},{"data":"Inflame","floor":15,"key":"SMITH"}],"neow_cost":"CURSE","seed_source_timestamp":25333411879720,"circlet_count":0,"master_deck":["Strike_R","Strike_R","Defend_R","Defend_R","Defend_R","Defend_R","Bash","Iron Wave","Iron Wave+1","Shrug It Off","Demon Form+1","Cleave+1","Iron Wave","Inflame+1","Spot Weakness","Cleave","Seeing Red+1"],"relics":["Burning Blood","Lantern","Torii","Pantograph","Whetstone","Bag of Marbles","Art of War","Black Star"],"potions_floor_usage":[8,21,23,23,23],"damage_taken":[{"damage":2,"enemies":"Small Slimes","floor":1,"turns":4},{"damage":2,"enemies":"2 Louse","floor":4,"turns":3},{"damage":14,"enemies":"Gremlin Nob","floor":6,"turns":5},{"damage":1,"enemies":"Cultist","floor":7,"turns":3},{"damage":17,"enemies":"3 Sentries","floor":8,"turns":8},{"damage":22,"enemies":"Gremlin Nob","floor":11,"turns":5},{"damage":12,"enemies":"Exordium Thugs","floor":13,"turns":3},{"damage":4,"enemies":"3 Sentries","floor":14,"turns":9},{"damage":1,"enemies":"Slime Boss","floor":16,"turns":7},{"damage":20,"enemies":"Spheric Guardian","floor":18,"turns":4},{"damage":0,"enemies":"Chosen","floor":20,"turns":4},{"damage":37,"enemies":"Centurion and Healer","floor":21,"turns":6},{"damage":13,"enemies":"Sentry and Sphere","floor":22,"turns":5},{"damage":37,"enemies":"Gremlin Leader","floor":23,"turns":5}],"seed_played":"7849514629840106918","potions_obtained":[{"floor":1,"key":"Dexterity Potion"},{"floor":7,"key":"SkillPotion"},{"floor":13,"key":"FearPotion"},{"floor":20,"key":"Explosive Potion"},{"floor":22,"key":"SteroidPotion"}],"is_trial":false,"path_per_floor":["M","?","$","M","?","E","M","E","T","R","E","$","M","E","R","B",null,"M","$","M","M","M","E"],"character_chosen":"IRONCLAD","items_purchased":["Bag of Marbles"],"campfire_rested":0,"item_purchase_floors":[12],"current_hp_per_floor":[80,80,80,80,80,72,77,66,66,66,50,50,44,46,46,76,80,66,66,72,41,34,0],"gold":117,"neow_bonus":"TRANSFORM_TWO_CARDS","is_prod":false,"is_daily":false,"chose_seed":false,"campfire_upgraded":2,"win_rate":0,"timestamp":1547195068,"path_taken":["M","?","$","M","?","E","M","E","T","R","E","$","M","E","R","BOSS","M","$","M","M","M","E"],"build_version":"2019-01-10","purchased_purges":2,"victory":false,"max_hp_per_floor":[80,80,80,80,80,80,80,80,80,80,80,80,80,80,80,80,80,80,80,80,80,80,80],"card_choices":[{"not_picked":["Pommel Strike","Perfected Strike"],"picked":"Infernal Blade","floor":1},{"not_picked":["Warcry","Shrug It Off"],"picked":"Iron Wave","floor":4},{"not_picked":["Warcry","Second Wind","Disarm"],"picked":"SKIP","floor":6},{"not_picked":["Clothesline","Anger"],"picked":"Shrug It Off","floor":7},{"not_picked":["True Grit","Evolve"],"picked":"Demon Form","floor":8},{"not_picked":["Dropkick","Intimidate"],"picked":"Cleave","floor":11},{"not_picked":["Thunderclap","Cleave"],"picked":"Iron Wave","floor":13},{"not_picked":["Disarm","Havoc"],"picked":"Inflame","floor":14},{"not_picked":["Cleave","Perfected Strike"],"picked":"Spot Weakness","floor":18},{"not_picked":["Havoc","Pommel Strike","Barricade"],"picked":"SKIP","floor":20},{"not_picked":["Twin Strike+1","Uppercut"],"picked":"Cleave","floor":21},{"not_picked":["Heavy Blade","Entrench+1"],"picked":"Seeing Red+1","floor":22}],"player_experience":406581,"relics_obtained":[{"floor":6,"key":"Lantern"},{"floor":8,"key":"Torii"},{"floor":9,"key":"Pantograph"},{"floor":11,"key":"Whetstone"},{"floor":14,"key":"Art of War"}],"event_choices":[{"cards_removed":["Writhe"],"damage_healed":0,"gold_gain":0,"player_choice":"Forget","damage_taken":0,"max_hp_gain":0,"max_hp_loss":0,"event_name":"Living Wall","floor":2,"gold_loss":0},{"cards_removed":["Infernal Blade"],"damage_healed":0,"gold_gain":0,"player_choice":"Offered Uncommon","damage_taken":0,"max_hp_gain":0,"max_hp_loss":0,"event_name":"Bonfire Elementals","floor":5,"gold_loss":0}],"is_beta":false,"boss_relics":[{"not_picked":["White Beast Statue","Sozu"],"picked":"Black Star"}],"items_purged_floors":[3,19],"is_endless":false,"potions_floor_spawned":[1,7,13,20,22],"killed_by":"Gremlin Leader","ascension_level":0}