{"gold_per_floor":[11,11,58,58,75,75,93,111,111,130,149,163,163,192,192,288,288,300,300,314,314,314,314,348,348,421,421,438,438,449,8,8,109,109,129,139,61,61,61,61,72,72,72,0,19,37,37,37,37,37],"floor_reached":50,"playtime":1629,"items_purged":["Strike_B"],"score":452,"play_id":"7ed8394e-b15d-4b03-a5f0-6862b0317b34","local_time":"20190207225040","is_ascension_mode":false,"campfire_choices":[{"data":"Zap","floor":6.0,"key":"SMITH"},{"floor":13.0,"key":"DIG"},{"floor":15.0,"key":"DIG"},{"floor":23.0,"key":"REST"},{"floor":25.0,"key":"REST"},{"floor":29.0,"key":"REST"},{"floor":32,"key":"REST"},{"floor":40,"key":"DIG"},{"floor":42,"key":"REST"},{"floor":49,"key":"REST"}],"neow_cost":"NO_GOLD","seed_source_timestamp":1342144147423131,"circlet_count":0,"master_deck":["Strike_B+1","Strike_B+1","Strike_B","Defend_B","Defend_B","Defend_B","Defend_B","Zap+1","Dualcast","Sweeping Beam","Conserve Battery","Hologram","Tempest","Melter","Sunder+1","Multi-Cast+1","Ball Lightning+1","Glacier+1","Redo+1","Go for the Eyes+1","Barrage+1","Self Repair","Deep Breath+1","Seek+1","Redo+1","Machine Learning","Capacitor","Madness+1","Madness+1","Buffer"],"special_seed":0,"relics":["Cracked Core","Bird Faced Urn","Juzu Bracelet","Shovel","Molten Egg 2","Odd Mushroom","Toxic Egg 2","Philosopher\u0027s Stone","Letter Opener","Cables","Happy Flower","Sozu","Ice Cream","Pear","Red Mask"],"potions_floor_usage":[33,33,33],"damage_taken":[{"damage":0.0,"enemies":"Small Slimes","floor":1.0,"turns":2.0},{"damage":6.0,"enemies":"Jaw Worm","floor":5.0,"turns":3.0},{"damage":0.0,"enemies":"2 Louse","floor":7.0,"turns":2.0},{"damage":11.0,"enemies":"Exordium Thugs","floor":8.0,"turns":4.0},{"damage":3.0,"enemies":"Large Slime","floor":10.0,"turns":4.0},{"damage":2.0,"enemies":"Blue Slaver","floor":11.0,"turns":4.0},{"damage":0.0,"enemies":"2 Fungi Beasts","floor":12.0,"turns":2.0},{"damage":0.0,"enemies":"The Mushroom Lair","floor":14.0,"turns":3.0},{"damage":13.0,"enemies":"Slime Boss","floor":16.0,"turns":6.0},{"damage":8.0,"enemies":"Chosen","floor":18.0,"turns":4.0},{"damage":20.0,"enemies":"3 Byrds","floor":20.0,"turns":4.0},{"damage":22.0,"enemies":"Colosseum Slavers","floor":21.0,"turns":3.0},{"damage":42.0,"enemies":"Slavers","floor":24.0,"turns":4.0},{"damage":26.0,"enemies":"Centurion and Healer","floor":28.0,"turns":3.0},{"damage":17,"enemies":"Chosen and Byrds","floor":30,"turns":4},{"damage":23,"enemies":"Collector","floor":33,"turns":8},{"damage":20,"enemies":"3 Darklings","floor":35,"turns":4},{"damage":2,"enemies":"Orb Walker","floor":36,"turns":3},{"damage":48,"enemies":"Writhing Mass","floor":41,"turns":5},{"damage":39,"enemies":"Spire Growth","floor":45,"turns":5},{"damage":2,"enemies":"Sphere and 2 Shapes","floor":46,"turns":2},{"damage":71,"enemies":"Awakened One","floor":50,"turns":6}],"seed_played":"621371067312214193","potions_obtained":[{"floor":1.0,"key":"FearPotion"},{"floor":10.0,"key":"Weak Potion"},{"floor":12.0,"key":"SteroidPotion"},{"floor":22.0,"key":"Dexterity Potion"},{"floor":22.0,"key":"Dexterity Potion"},{"floor":22.0,"key":"Ancient Potion"},{"floor":28.0,"key":"FocusPotion"}],"is_trial":false,"path_per_floor":["M","?","T","?","M","R","M","M","T","M","M","M","R","?","R","B",null,"M","?","M","?","?","R","E","R","T","?","M","R","M","$","R","B",null,"M","M","$","?","?","R","M","R","T","?","M","M","?","?","R","B"],"character_chosen":"DEFECT","items_purchased":["Happy Flower","Barrage+1","Self Repair","Deep Breath+1","Capacitor"],"campfire_rested":6,"item_purchase_floors":[31,31,31,31,37],"current_hp_per_floor":[75,60,60,60,54,54,54,43,43,40,38,38,38,38,38,25,75,67,67,47,25,25,47,5,27,27,52,26,48,31,31,53,39,75,62,69,69,69,60,60,25,47,57,57,31,38,38,38,63,0],"gold":37,"neow_bonus":"ONE_RARE_RELIC","is_prod":false,"is_daily":false,"chose_seed":false,"campfire_upgraded":1,"win_rate":0,"timestamp":1549547440,"path_taken":["M","?","?","?","M","R","M","M","T","M","M","M","R","?","R","BOSS","M","?","M","?","?","R","E","R","T","?","M","R","M","$","R","BOSS","M","M","$","?","?","R","M","R","T","?","M","M","?","?","R","BOSS"],"build_version":"2019-01-23","purchased_purges":1,"victory":false,"max_hp_per_floor":[75,75,75,75,75,75,75,75,75,75,75,75,75,75,75,75,75,75,75,75,75,75,75,75,75,75,75,75,75,75,75,75,75,75,75,75,75,75,75,75,75,75,85,85,85,85,85,85,85,85],"card_choices":[{"not_picked":["Skim","Turbo"],"picked":"Sweeping Beam","floor":1.0},{"not_picked":["Recycle","Cold Snap"],"picked":"Conserve Battery","floor":5.0},{"not_picked":["Aggregate","Streamline"],"picked":"Hologram","floor":7.0},{"not_picked":["Barrage","Conserve Battery"],"picked":"Tempest","floor":8.0},{"not_picked":["Compile Driver","Leap","Steam Power"],"picked":"SKIP","floor":10.0},{"not_picked":["Reprogram","Steam"],"picked":"Melter","floor":11.0},{"not_picked":["Rebound","Turbo"],"picked":"Sunder","floor":12.0},{"not_picked":["Rainbow+1","Creative AI"],"picked":"Multi-Cast+1","floor":16.0},{"not_picked":["Rip and Tear+1","Sweeping Beam+1","Beam Cell+1"],"picked":"SKIP","floor":18.0},{"not_picked":["Coolheaded+1","Conserve Battery+1"],"picked":"Ball Lightning+1","floor":20.0},{"not_picked":["Reinforced Body+1","Stack+1"],"picked":"Glacier+1","floor":24.0},{"not_picked":["Chaos+1","Undo+1"],"picked":"Redo+1","floor":28.0},{"not_picked":["Biased Cognition","Coolheaded+1"],"picked":"Go for the Eyes+1","floor":30},{"not_picked":["Creative AI","Machine Learning"],"picked":"Seek+1","floor":33},{"not_picked":["Beam Cell+1","Steam+1"],"picked":"Redo+1","floor":35},{"not_picked":["Consume+1","Cold Snap+1"],"picked":"Machine Learning","floor":36},{"not_picked":["Gash+1","Undo+1","Storm+1"],"picked":"SKIP","floor":41},{"not_picked":["Turbo+1","Compile Driver+1","Beam Cell+1"],"picked":"SKIP","floor":45},{"not_picked":["Go for the Eyes+1","Leap+1"],"picked":"Buffer","floor":46}],"player_experience":486730,"relics_obtained":[{"floor":3.0,"key":"Juzu Bracelet"},{"floor":9.0,"key":"Shovel"},{"floor":13.0,"key":"Molten Egg 2"},{"floor":14.0,"key":"Odd Mushroom"},{"floor":15.0,"key":"Toxic Egg 2"},{"floor":24.0,"key":"Letter Opener"},{"floor":26.0,"key":"Cables"},{"floor":40,"key":"Ice Cream"},{"floor":43,"key":"Pear"}],"event_choices":[{"damage_healed":0.0,"max_hp_gain":0.0,"max_hp_loss":0.0,"gold_gain":0.0,"event_name":"Shining Light","player_choice":"Entered Light","floor":2.0,"gold_loss":0.0,"damage_taken":15.0,"cards_upgraded":["Strike_B","Strike_B"]},{"damage_healed":0.0,"max_hp_gain":0.0,"max_hp_loss":0.0,"gold_gain":0.0,"event_name":"NoteForYourself","player_choice":"Ignored","floor":4.0,"gold_loss":0.0,"damage_taken":0.0},{"damage_healed":0.0,"max_hp_gain":0.0,"max_hp_loss":0.0,"gold_gain":0.0,"event_name":"Mushrooms","player_choice":"Fought Mushrooms","floor":14.0,"gold_loss":0.0,"damage_taken":0.0},{"damage_healed":0.0,"max_hp_gain":0.0,"max_hp_loss":0.0,"gold_gain":0.0,"event_name":"Vampires","player_choice":"Ignored","floor":19.0,"gold_loss":0.0,"damage_taken":0.0},{"damage_healed":0.0,"max_hp_gain":0.0,"max_hp_loss":0.0,"gold_gain":0.0,"event_name":"Colosseum","player_choice":"Fight","floor":21.0,"gold_loss":0.0,"damage_taken":0.0},{"damage_healed":0.0,"max_hp_gain":0.0,"max_hp_loss":0.0,"gold_gain":0.0,"event_name":"Colosseum","player_choice":"Fled From Nobs","floor":21.0,"gold_loss":0.0,"damage_taken":0.0},{"damage_healed":0.0,"max_hp_gain":0.0,"max_hp_loss":0.0,"gold_gain":0.0,"event_name":"Lab","player_choice":"Got Potions","floor":22.0,"gold_loss":0.0,"damage_taken":0.0},{"damage_healed":25.0,"max_hp_gain":0.0,"max_hp_loss":0.0,"gold_gain":0.0,"event_name":"The Library","player_choice":"Heal","floor":27.0,"gold_loss":0.0,"damage_taken":0.0},{"damage_healed":0,"gold_gain":0,"player_choice":"Bought 0 Potions","damage_taken":0,"max_hp_gain":0,"max_hp_loss":0,"event_name":"The Woman in Blue","floor":38,"gold_loss":0},{"damage_healed":0,"gold_gain":0,"player_choice":"Embrace Madness","damage_taken":9,"max_hp_gain":0,"max_hp_loss":0,"event_name":"Winding Halls","floor":39,"gold_loss":0,"cards_obtained":["Madness","Madness"]},{"damage_healed":0,"gold_gain":0,"player_choice":"Paid","damage_taken":0,"relics_obtained":["Red Mask"],"max_hp_gain":0,"max_hp_loss":0,"event_name":"Tomb of Lord Red Mask","floor":44,"gold_loss":72},{"damage_healed":0,"gold_gain":0,"player_choice":"Upgraded","damage_taken":0,"max_hp_gain":0,"max_hp_loss":0,"event_name":"Upgrade Shrine","floor":47,"gold_loss":0,"cards_upgraded":["Sunder"]},{"damage_healed":0,"gold_gain":0,"player_choice":"Ignored","damage_taken":0,"max_hp_gain":0,"max_hp_loss":0,"event_name":"Mysterious Sphere","floor":48,"gold_loss":0}],"is_beta":false,"boss_relics":[{"not_picked":["Coffee Dripper","White Beast Statue"],"picked":"Philosopher\u0027s Stone"},{"not_picked":["Tiny House","Pandora\u0027s Box"],"picked":"Sozu"}],"items_purged_floors":[31],"is_endless":false,"potions_floor_spawned":[1,10,12,14,21,24,28,35,41,45],"killed_by":"Awakened One","ascension_level":0}