{"gold_per_floor":[110,130,130,141,155,190,160,160,160,160,160,49,49,62,62,62],"floor_reached":16,"playtime":679,"items_purged":[],"score":179,"play_id":"1a1e7837-2002-47a3-9fbc-a504f3f6a5b8","local_time":"20190121124935","is_ascension_mode":true,"campfire_choices":[{"data":"Dash","floor":8,"key":"SMITH"},{"data":"Die Die Die","floor":11,"key":"SMITH"},{"data":"Madness","floor":15,"key":"SMITH"}],"neow_cost":"NONE","seed_source_timestamp":1425620512334813,"circlet_count":0,"master_deck":["AscendersBane","Defend_G","Defend_G","Defend_G","Defend_G","Defend_G","Strike_G","Strike_G","Strike_G","Strike_G","Survivor","Neutralize+1","Dash+1","PiercingWail","Crippling Poison","Die Die Die+1","Prepared","Cloak And Dagger","Escape Plan","Dagger Spray","Madness+1","Sucker Punch+1"],"relics":["Ring of the Snake","Matryoshka","Orichalcum","Potion Belt","Molten Egg 2"],"potions_floor_usage":[6,16,16],"damage_taken":[{"damage":0,"enemies":"Small Slimes","floor":1,"turns":4},{"damage":0,"enemies":"2 Louse","floor":2,"turns":3},{"damage":0,"enemies":"Cultist","floor":4,"turns":4},{"damage":6,"enemies":"3 Louse","floor":5,"turns":2},{"damage":12,"enemies":"3 Sentries","floor":6,"turns":9},{"damage":11,"enemies":"Exordium Thugs","floor":7,"turns":5},{"damage":5,"enemies":"Looter","floor":14,"turns":3},{"damage":36,"enemies":"Hexaghost","floor":16,"turns":14}],"seed_played":"-1684435626454631993","potions_obtained":[{"floor":2,"key":"AttackPotion"},{"floor":6,"key":"Swift Potion"},{"floor":7,"key":"PowerPotion"},{"floor":14,"key":"Energy Potion"}],"is_trial":false,"path_per_floor":["M","M","?","M","M","E","M","R","T","?","R","$","?","M","R","B"],"character_chosen":"THE_SILENT","items_purchased":["Dagger Spray","Madness"],"campfire_rested":0,"item_purchase_floors":[12,12],"current_hp_per_floor":[59,59,59,59,53,41,30,30,30,35,35,35,35,30,30,0],"gold":62,"neow_bonus":"TRANSFORM_CARD","is_prod":false,"is_daily":false,"chose_seed":false,"campfire_upgraded":3,"win_rate":0,"timestamp":1548042575,"path_taken":["M","M","?","M","M","E","M","R","T","?","R","$","?","M","R","BOSS"],"build_version":"2019-01-17v2","purchased_purges":0,"victory":false,"max_hp_per_floor":[66,66,66,66,66,66,66,66,66,71,71,71,71,71,71,71],"card_choices":[{"not_picked":["Slice","Deadly Poison"],"picked":"PiercingWail","floor":1},{"not_picked":["Underhanded Strike","Flechettes"],"picked":"Crippling Poison","floor":2},{"not_picked":["Cloak And Dagger","Endless Agony"],"picked":"Die Die Die","floor":4},{"not_picked":["Setup","Riddle With Holes"],"picked":"Prepared","floor":5},{"not_picked":["Phantasmal Killer","Deadly Poison"],"picked":"Cloak And Dagger","floor":6},{"not_picked":["Backstab","Endless Agony"],"picked":"Escape Plan","floor":7},{"not_picked":["Dodge and Roll","Expertise"],"picked":"Sucker Punch+1","floor":14}],"player_experience":412487,"relics_obtained":[{"floor":6,"key":"Matryoshka"},{"floor":9,"key":"Orichalcum"},{"floor":9,"key":"Potion Belt"}],"event_choices":[{"damage_healed":0,"gold_gain":0,"player_choice":"Grow","damage_taken":0,"max_hp_gain":0,"max_hp_loss":0,"event_name":"Living Wall","floor":3,"gold_loss":0,"cards_upgraded":["Neutralize"]},{"damage_healed":0,"gold_gain":0,"player_choice":"Donut","damage_taken":0,"max_hp_gain":5,"max_hp_loss":0,"event_name":"Big Fish","floor":10,"gold_loss":0},{"damage_healed":0,"gold_gain":0,"player_choice":"Gave Potion","damage_taken":0,"relics_obtained":["Molten Egg 2"],"max_hp_gain":0,"max_hp_loss":0,"event_name":"WeMeetAgain","floor":13,"gold_loss":0}],"is_beta":false,"boss_relics":[],"items_purged_floors":[],"is_endless":false,"potions_floor_spawned":[2,6,7,14],"killed_by":"Hexaghost","ascension_level":15}