{"gold_per_floor":[117,127,127,52,64,64,94,94,124,124,24,124,154,3,3,99,129,141,56,71,96,96,96,22,22,49,83,83,103,30,41,41,136,136,155,155,155,155,155,155,174,174],"floor_reached":42,"playtime":1804,"items_purged":["Strike_B","Strike_B"],"score":623,"play_id":"8baca5f9-b7aa-460d-8c80-9a8e3e8ab11e","local_time":"20180714221539","is_ascension_mode":false,"campfire_choices":[{"data":"Zap","floor":6,"key":"SMITH"},{"data":"Self Repair","floor":8,"key":"SMITH"},{"data":"Dualcast","floor":10,"key":"SMITH"},{"data":"Sweeping Beam","floor":15,"key":"SMITH"},{"floor":23,"key":"REST"},{"data":"Redo","floor":25,"key":"SMITH"},{"floor":28,"key":"REST"},{"floor":32,"key":"REST"},{"data":"Fission","floor":40,"key":"SMITH"}],"neow_cost":"","seed_source_timestamp":0,"circlet_count":0,"master_deck":["Defend_B","Defend_B+1","Defend_B","Defend_B","Zap+1","Dualcast+1","Doom and Gloom","Self Repair+1","Seek+1","Cold Snap","Redo+1","Sweeping Beam+1","Creative AI+1","Streamline","Doom and Gloom+1","Compile Driver","Blizzard","Chaos","Hologram","Capacitor","Doom and Gloom+1","Fission+1","Fusion","Secret Technique","Madness","Madness","Hologram"],"relics":["Cracked Core","Shuriken","Tiny Chest","Meat on the Bone","DataDisk","Tiny House","Potion Belt","Art of War","War Paint","Red Mask","White Beast Statue","Mango"],"potions_floor_usage":[7,13,16,18,27,33,42],"damage_taken":[{"damage":3,"enemies":"Jaw Worm","floor":1,"turns":4},{"damage":0,"enemies":"Cultist","floor":2,"turns":3},{"damage":0,"enemies":"Small Slimes","floor":5,"turns":3},{"damage":16,"enemies":"Gremlin Nob","floor":7,"turns":3},{"damage":14,"enemies":"3 Sentries","floor":13,"turns":4},{"damage":0,"enemies":"Slime Boss","floor":16,"turns":6},{"damage":68,"enemies":"2 Thieves","floor":18,"turns":4},{"damage":12,"enemies":"3 Byrds","floor":20,"turns":3},{"damage":10,"floor":27,"turns":2},{"damage":18,"enemies":"Snake Plant","floor":29,"turns":3},{"damage":29,"enemies":"Centurion and Healer","floor":31,"turns":8},{"damage":12,"enemies":"Champ","floor":33,"turns":9},{"damage":16,"enemies":"3 Shapes","floor":35,"turns":3},{"damage":0,"floor":38,"turns":6},{"damage":50,"enemies":"3 Darklings","floor":41,"turns":7},{"damage":62,"enemies":"4 Shapes","floor":42,"turns":3}],"seed_played":"1523105633800216005","potions_obtained":[{"floor":1,"key":"Strength Potion"},{"floor":5,"key":"Fire Potion"},{"floor":7,"key":"Fire Potion"},{"floor":16,"key":"Regen Potion"},{"floor":17,"key":"Ancient Potion"},{"floor":31,"key":"LiquidBronze"},{"floor":35,"key":"Dexterity Potion"},{"floor":38,"key":"SpeedPotion"},{"floor":41,"key":"Poison Potion"}],"is_trial":true,"path_per_floor":["M","M","?","$","M","R","E","R","T","R","$","?","E","$","R","B",null,"M","?","M","T","?","R","$","R","T","?","R","M","$","M","R","B",null,"M","?","$","?","?","R","M"],"character_chosen":"DEFECT","items_purchased":["DataDisk","Blizzard","Capacitor"],"campfire_rested":3,"item_purchase_floors":[14,24,30],"current_hp_per_floor":[72,72,72,72,75,75,66,66,66,66,66,66,62,62,62,72,80,29,29,29,29,29,53,53,53,53,53,77,69,69,62,80,78,80,74,74,74,88,76,76,48,0],"gold":174,"neow_bonus":"","is_prod":false,"is_daily":false,"chose_seed":false,"campfire_upgraded":6,"win_rate":0,"timestamp":1531620939,"path_taken":["M","M","?","$","M","R","E","R","T","R","$","?","E","?","R","BOSS","M","?","M","?","?","R","$","R","T","?","R","?","$","M","R","BOSS","M","?","$","?","?","R","M","M"],"build_version":"2018-07-12","purchased_purges":2,"victory":false,"max_hp_per_floor":[75,75,75,75,75,75,75,75,75,75,75,75,75,75,75,75,80,80,80,80,80,80,80,80,80,80,80,80,80,80,80,80,80,80,80,80,80,94,94,94,94,94],"card_choices":[{"not_picked":["Turbo","Ball Lightning"],"picked":"Doom and Gloom","floor":1},{"not_picked":["Undo","Melter"],"picked":"Self Repair","floor":2},{"not_picked":["Double Energy","Turbo"],"picked":"Cold Snap","floor":5},{"not_picked":["Stack","Beam Cell"],"picked":"Redo","floor":7},{"not_picked":["Beam Cell","Streamline"],"picked":"Sweeping Beam","floor":13},{"not_picked":["Amplify","Meteor Strike"],"picked":"Creative AI","floor":16},{"not_picked":["Ball Lightning","Turbo"],"picked":"Streamline","floor":17},{"not_picked":["Cold Snap","Storm"],"picked":"Doom and Gloom+1","floor":18},{"not_picked":["Rip and Tear+1","Gash"],"picked":"Compile Driver","floor":20},{"not_picked":["Gash+1","Go for the Eyes"],"picked":"Chaos","floor":27},{"not_picked":["Gash","Ball Lightning"],"picked":"Hologram","floor":29},{"not_picked":["Compile Driver+1","Recycle"],"picked":"Doom and Gloom+1","floor":31},{"not_picked":["Biased Cognition","Reboot"],"picked":"Fission","floor":33},{"not_picked":["Steam","Rip and Tear"],"picked":"Fusion","floor":35},{"not_picked":["Madness","Bandage Up"],"picked":"Secret Technique","floor":36},{"not_picked":["Hyperbeam","Rebound+1"],"picked":"Hologram","floor":41}],"player_experience":1103172,"relics_obtained":[{"floor":7,"key":"Shuriken"},{"floor":9,"key":"Tiny Chest"},{"floor":13,"key":"Meat on the Bone"},{"floor":21,"key":"Art of War"},{"floor":26,"key":"War Paint"},{"floor":27,"key":"Red Mask"},{"floor":38,"key":"Mango"}],"event_choices":[{"event_name":"Transmorgrifier","player_choice":"Transform","floor":3,"damage_taken":0},{"event_name":"Golden Shrine","player_choice":"Pray","floor":12,"damage_taken":0},{"event_name":"Addict","player_choice":"Obtained Relic","floor":19,"damage_taken":0},{"event_name":"Back to Basics","player_choice":"Elegance","floor":22,"damage_taken":0},{"event_name":"Masked Bandits","player_choice":"Fought over 49 gold","floor":27,"damage_taken":0},{"event_name":"SensoryStone","player_choice":"Memory 1","floor":36,"damage_taken":0},{"event_name":"MindBloom","player_choice":"Fight","floor":38,"damage_taken":0},{"event_name":"Winding Halls","player_choice":"Embrace Madness","floor":39,"damage_taken":0}],"boss_relics":[{"not_picked":["Coffee Dripper","Snecko Eye"],"picked":"Tiny House"},{"not_picked":["Orrery","Busted Crown"],"picked":"White Beast Statue"}],"items_purged_floors":[4,11],"is_endless":true,"potions_floor_spawned":[1,5,7,16,31,35,38,41],"killed_by":"4 Shapes","ascension_level":0}