{"gold_per_floor":[115,215,234,40,58,85,85,117,117,117],"floor_reached":10,"playtime":475,"items_purged":[],"score":76,"play_id":"5b75edbf-0ace-4b1e-80f9-17f4ce9ec815","local_time":"20190111074451","is_ascension_mode":false,"campfire_choices":[{"floor":7,"key":"REST"}],"neow_cost":"NONE","seed_source_timestamp":188251690631256,"circlet_count":0,"master_deck":["Strike_R","Strike_R","Strike_R","Strike_R","Defend_R","Defend_R","Defend_R","Defend_R","Bash","Pommel Strike","Shrug It Off","Sucker Punch","Sweeping Beam","Dagger Spray"],"relics":["Burning Blood","PrismaticShard","The Courier","Letter Opener","Matryoshka"],"potions_floor_usage":[8,10],"damage_taken":[{"damage":8,"enemies":"Jaw Worm","floor":1,"turns":4},{"damage":1,"enemies":"Cultist","floor":3,"turns":3},{"damage":2,"enemies":"Small Slimes","floor":5,"turns":4},{"damage":47,"enemies":"Lagavulin","floor":6,"turns":7},{"damage":41,"enemies":"3 Sentries","floor":8,"turns":12},{"damage":30,"enemies":"Lagavulin","floor":10,"turns":6}],"seed_played":"4122613748806663188","potions_obtained":[{"floor":6,"key":"SkillPotion"},{"floor":8,"key":"Explosive Potion"}],"is_trial":false,"path_per_floor":["M","?","M","$","M","E","R","E","T","E"],"character_chosen":"IRONCLAD","items_purchased":["PrismaticShard"],"campfire_rested":1,"item_purchase_floors":[4],"current_hp_per_floor":[78,78,80,80,80,39,63,28,28,0],"gold":117,"neow_bonus":"REMOVE_CARD","is_prod":false,"is_daily":false,"chose_seed":false,"campfire_upgraded":0,"win_rate":0,"timestamp":1547210691,"path_taken":["M","?","M","$","M","E","R","E","T","E"],"build_version":"2019-01-10","purchased_purges":0,"victory":false,"max_hp_per_floor":[80,80,80,80,80,80,80,80,80,80],"card_choices":[{"not_picked":["Cleave","Headbutt"],"picked":"Pommel Strike","floor":1},{"not_picked":["Headbutt","Cleave"],"picked":"Shrug It Off","floor":3},{"not_picked":["Body Slam","Perfected Strike"],"picked":"Sucker Punch","floor":5},{"not_picked":["Reckless Charge","Acrobatics"],"picked":"Sweeping Beam","floor":6},{"not_picked":["Skim","Heavy Blade"],"picked":"Dagger Spray","floor":8}],"player_experience":2068280,"relics_obtained":[{"floor":6,"key":"The Courier"},{"floor":8,"key":"Letter Opener"},{"floor":9,"key":"Matryoshka"}],"event_choices":[{"damage_healed":0,"gold_gain":100,"player_choice":"Pray","damage_taken":0,"max_hp_gain":0,"max_hp_loss":0,"event_name":"Golden Shrine","floor":2,"gold_loss":0}],"is_beta":false,"boss_relics":[],"items_purged_floors":[],"is_endless":false,"potions_floor_spawned":[6,8],"killed_by":"Lagavulin","ascension_level":0}