{"gold_per_floor":[114,129,144,144,114,114,145,161,236,246,246,246,246,265,265,369,369,389,389,389,399,399,399,427,445,469,469,485,485,499,499,499,595,595,607,350,450,450,461,461,488,488,488,498,508,508,508],"floor_reached":47,"playtime":3764,"items_purged":["Decay"],"score":768,"play_id":"235dbc85-b379-48b5-ae64-22cc32a53a4e","local_time":"20180718231657","is_ascension_mode":true,"campfire_choices":[{"data":"Neutralize","floor":6,"key":"SMITH"},{"data":"Terror","floor":15,"key":"SMITH"},{"data":"RitualDagger","floor":23,"key":"SMITH"},{"floor":27,"key":"REST"},{"floor":29,"key":"REST"},{"data":"Die Die Die","floor":32,"key":"SMITH"},{"data":"Parasite","floor":40,"key":"PURGE"}],"neow_cost":"NONE","seed_source_timestamp":19789102677218,"circlet_count":0,"master_deck":["Defend_G","Defend_G","Defend_G","Defend_G","Defend_G","Strike_G","Strike_G","Strike_G","Strike_G","Survivor","Neutralize+1","Underhanded Strike","Terror+1","Footwork+1","Deadly Poison","Dagger Throw","Dagger Throw","Calculated Gamble","Die Die Die","Deadly Poison","Catalyst","Deadly Poison+1","RitualDagger+1","Malaise+1","Deflect","PiercingWail+1","PiercingWail","Die Die Die","Clumsy","Catalyst+1","Bandage Up","Madness","Madness","PiercingWail+1","Finisher+1","Outmaneuver+1","Underhanded Strike"],"relics":["Runic Pyramid","Ice Cream","Ancient Tea Set","Shuriken","Juzu Bracelet","Eternal Feather","Peace Pipe","Happy Flower","Nilry\u0027s Codex","Calling Bell","Ornamental Fan","Boot","Mango","Toxic Egg 2","Darkstone Periapt"],"potions_floor_usage":[18,24,30,33,33,39,41,44,45],"damage_taken":[{"damage":7,"enemies":"Jaw Worm","floor":1,"turns":4},{"damage":0,"enemies":"Cultist","floor":2,"turns":4},{"damage":0,"enemies":"Small Slimes","floor":3,"turns":4},{"damage":0,"enemies":"Looter","floor":5,"turns":4},{"damage":0,"enemies":"Lagavulin","floor":7,"turns":8},{"damage":3,"enemies":"3 Louse","floor":8,"turns":4},{"damage":3,"enemies":"Red Slaver","floor":10,"turns":4},{"damage":0,"enemies":"Looter","floor":14,"turns":3},{"damage":0,"enemies":"The Guardian","floor":16,"turns":8},{"damage":8,"enemies":"Shell Parasite","floor":18,"turns":7},{"damage":17,"enemies":"2 Thieves","floor":21,"turns":4},{"damage":25,"enemies":"Book of Stabbing","floor":24,"turns":5},{"damage":6,"enemies":"3 Cultists","floor":25,"turns":5},{"damage":15,"enemies":"Centurion and Healer","floor":28,"turns":9},{"damage":0,"enemies":"Chosen and Byrds","floor":30,"turns":5},{"damage":35,"enemies":"Automaton","floor":33,"turns":11},{"damage":0,"enemies":"Flame Bruiser 1 Orb","floor":35,"turns":6},{"damage":25,"enemies":"Orb Walker","floor":39,"turns":5},{"damage":35,"enemies":"Nemesis","floor":41,"turns":7},{"damage":24,"enemies":"Transient","floor":44,"turns":5},{"damage":7,"enemies":"4 Shapes","floor":45,"turns":8},{"damage":18,"enemies":"2 Orb Walkers","floor":47,"turns":2}],"seed_played":"-46578461321244905","potions_obtained":[{"floor":7,"key":"Ancient Potion"},{"floor":8,"key":"FearPotion"},{"floor":16,"key":"SteroidPotion"},{"floor":18,"key":"GamblersBrew"},{"floor":21,"key":"Explosive Potion"},{"floor":33,"key":"SpeedPotion"},{"floor":39,"key":"Swift Potion"},{"floor":44,"key":"Block Potion"}],"is_trial":false,"path_per_floor":["M","M","M","?","M","R","E","M","T","M","?","?","?","M","R","B",null,"M","?","?","M","?","R","E","M","T","R","M","R","M","?","R","B",null,"M","$","?","?","M","R","E","?","T","M","M","?"],"character_chosen":"THE_SILENT","items_purchased":["Bandage Up","Regen Potion"],"campfire_rested":2,"item_purchase_floors":[36,36],"current_hp_per_floor":[56,56,56,56,56,56,56,53,53,50,43,43,43,43,43,43,63,55,55,55,38,32,40,15,9,9,40,25,56,56,40,50,15,70,70,70,70,59,52,66,35,35,35,11,8,8,0],"gold":508,"neow_bonus":"BOSS_RELIC","is_prod":false,"is_daily":false,"chose_seed":false,"campfire_upgraded":4,"win_rate":0,"timestamp":1531921617,"path_taken":["M","M","M","?","M","R","E","M","T","M","?","?","?","M","R","BOSS","M","?","?","M","?","R","E","M","T","R","M","R","M","?","R","BOSS","M","$","?","?","M","R","E","?","T","M","M","?","E"],"build_version":"2018-07-12","purchased_purges":1,"victory":false,"max_hp_per_floor":[70,70,70,70,70,70,70,70,70,70,70,70,70,70,70,70,70,70,70,70,70,70,70,70,70,70,70,70,70,70,70,70,70,84,84,84,84,84,84,81,81,81,81,81,81,81,81],"card_choices":[{"not_picked":["Acrobatics","Poisoned Stab"],"picked":"Underhanded Strike","floor":1},{"not_picked":["Flying Knee","Endless Agony"],"picked":"Terror","floor":2},{"not_picked":["Flying Knee","Crippling Poison"],"picked":"Footwork","floor":3},{"not_picked":["All Out Attack","Dagger Spray"],"picked":"Deadly Poison","floor":5},{"not_picked":["Cloak And Dagger","Quick Slash"],"picked":"Dagger Throw","floor":7},{"not_picked":["Backflip","Flying Knee"],"picked":"Dagger Throw","floor":8},{"not_picked":["Malaise","Sucker Punch"],"picked":"Calculated Gamble","floor":10},{"not_picked":["Predator","Reflex"],"picked":"Deadly Poison","floor":14},{"not_picked":["Envenom","Venomology"],"picked":"Die Die Die","floor":16},{"not_picked":["Sucker Punch","Deflect"],"picked":"Catalyst","floor":18},{"not_picked":["Deflect","Acrobatics+1"],"picked":"Deadly Poison+1","floor":21},{"not_picked":["Accuracy","Acrobatics+1"],"picked":"Malaise+1","floor":24},{"not_picked":["Flying Knee","Dagger Throw"],"picked":"Deflect","floor":25},{"not_picked":["Catalyst","Adrenaline"],"picked":"PiercingWail+1","floor":28},{"not_picked":["Sucker Punch","All Out Attack"],"picked":"PiercingWail","floor":30},{"not_picked":["Tools of the Trade","After Image"],"picked":"Die Die Die","floor":33},{"not_picked":["PiercingWail","Backflip+1"],"picked":"Catalyst+1","floor":35},{"not_picked":["Prepared+1","Dagger Spray"],"picked":"PiercingWail+1","floor":39},{"not_picked":["Prepared+1","Acrobatics+1"],"picked":"Finisher+1","floor":41},{"not_picked":["Deflect+1","Dash+1"],"picked":"Outmaneuver+1","floor":44},{"not_picked":["Doppelganger+1","Expertise+1"],"picked":"Underhanded Strike","floor":45}],"player_experience":182658,"relics_obtained":[{"floor":7,"key":"Ancient Tea Set"},{"floor":9,"key":"Shuriken"},{"floor":24,"key":"Peace Pipe"},{"floor":26,"key":"Happy Flower"},{"floor":31,"key":"Nilry\u0027s Codex"},{"floor":34,"key":"Ornamental Fan"},{"floor":34,"key":"Boot"},{"floor":34,"key":"Mango"},{"floor":41,"key":"Toxic Egg 2"},{"floor":43,"key":"Darkstone Periapt"}],"event_choices":[{"event_name":"Wheel of Change","player_choice":"Relic","floor":4,"damage_taken":0},{"event_name":"Scrap Ooze","player_choice":"success","floor":11,"damage_taken":7},{"event_name":"Living Wall","player_choice":"Grow","floor":12,"damage_taken":0},{"event_name":"Transmorgrifier","player_choice":"Transform","floor":13,"damage_taken":0},{"event_name":"Vampires","player_choice":"Ignored","floor":19,"damage_taken":0},{"event_name":"Ghosts","player_choice":"Ignored","floor":20,"damage_taken":0},{"event_name":"Nest","player_choice":"Joined the Cult","floor":22,"damage_taken":0},{"event_name":"Cursed Tome","player_choice":"Obtained Book","floor":31,"damage_taken":0},{"event_name":"Golden Shrine","player_choice":"Pray","floor":37,"damage_taken":0},{"event_name":"Winding Halls","player_choice":"Embrace Madness","floor":38,"damage_taken":0},{"event_name":"The Moai Head","player_choice":"Ignored","floor":42,"damage_taken":0},{"event_name":"Falling","player_choice":"Removed Attack","floor":46,"damage_taken":0}],"boss_relics":[{"not_picked":["White Beast Statue","Snecko Eye"],"picked":"Eternal Feather"},{"not_picked":["Runic Dome","Empty Cage"],"picked":"Calling Bell"}],"items_purged_floors":[36],"is_endless":false,"potions_floor_spawned":[7,8,16,18,21,33,39,44],"killed_by":"2 Orb Walkers","ascension_level":7}