{"gold_per_floor":[118,118,132,57,57,57,7,7,31,48,33,33,50,61,61,61],"floor_reached":16,"playtime":667,"items_purged":[],"score":147,"play_id":"f58fb687-7747-4700-842e-232ad94dbbf8","local_time":"20180720211915","is_ascension_mode":true,"campfire_choices":[{"data":"Zap","floor":6,"key":"SMITH"},{"data":"Blizzard","floor":8,"key":"SMITH"},{"floor":12,"key":"REST"},{"floor":15,"key":"REST"}],"neow_cost":"NONE","seed_source_timestamp":599719666310360,"circlet_count":0,"master_deck":["Strike_B","Defend_B","Defend_B","Defend_B","Defend_B","Zap+1","Dualcast","AscendersBane","Leap","Blizzard+1","Chill","Melter","Hologram"],"relics":["Cracked Core","Vajra","Strawberry"],"potions_floor_usage":[11],"damage_taken":[{"damage":7,"enemies":"Jaw Worm","floor":1,"turns":3},{"damage":12,"enemies":"Small Slimes","floor":3,"turns":3},{"damage":0,"enemies":"2 Louse","floor":10,"turns":3},{"damage":9,"enemies":"Exordium Thugs","floor":11,"turns":2},{"damage":0,"enemies":"3 Louse","floor":13,"turns":2},{"damage":5,"enemies":"Large Slime","floor":14,"turns":6},{"damage":86,"enemies":"Slime Boss","floor":16,"turns":17}],"seed_played":"-1819376392041489175","potions_obtained":[{"floor":1,"key":"SmokeBomb"},{"floor":3,"key":"Ancient Potion"}],"is_trial":false,"path_per_floor":["M","?","M","$","?","R","?","R","T","M","M","R","M","M","R"],"character_chosen":"DEFECT","items_purchased":["Chill"],"campfire_rested":2,"item_purchase_floors":[4],"current_hp_per_floor":[61,54,42,42,42,42,42,42,49,49,40,64,64,59,82,0],"gold":61,"neow_bonus":"RANDOM_COMMON_RELIC","is_prod":false,"is_daily":false,"chose_seed":false,"campfire_upgraded":2,"win_rate":0,"timestamp":1532135955,"path_taken":["M","?","M","?","?","R","?","R","T","M","?","R","M","M","R","BOSS"],"build_version":"2018-07-19v2","purchased_purges":0,"victory":false,"max_hp_per_floor":[75,75,75,75,75,75,75,75,82,82,82,82,82,82,82,82],"card_choices":[{"not_picked":["Double Energy","Tempest"],"picked":"Leap","floor":1},{"not_picked":["Undo","Leap"],"picked":"Blizzard","floor":3},{"not_picked":["Conserve Battery","Rebound"],"picked":"Melter","floor":10},{"not_picked":["Force Field","White Noise","Ball Lightning"],"picked":"SKIP","floor":13},{"not_picked":["Streamline","Melter"],"picked":"Hologram","floor":14}],"player_experience":1213008,"relics_obtained":[{"floor":9,"key":"Strawberry"}],"event_choices":[{"event_name":"Golden Wing","player_choice":"Card Removal","floor":2,"damage_taken":0},{"event_name":"Living Wall","player_choice":"Forget","floor":5,"damage_taken":0},{"event_name":"The Cleric","player_choice":"Card Removal","floor":7,"damage_taken":0}],"is_beta":false,"boss_relics":[],"items_purged_floors":[],"is_endless":false,"potions_floor_spawned":[1,3,11],"killed_by":"Slime Boss","ascension_level":12}