{"gold_per_floor":[114,129,144,159,159,159,189,189,189,204,234,249,249,279,279,379,379,394,394,409,424,439,439,469,494,569,569,599,614,644,659,659,759,759,774,789,804,764,779,809,824,854,879,894,369,469,119,134,134,134],"floor_reached":51,"playtime":2657,"items_purged":[],"score":1043,"play_id":"ad38b70d-81fa-40c6-9763-1034835419a2","local_time":"20181210112701","daily_mods":["Chimera","Hoarder","Night Terrors"],"is_ascension_mode":false,"campfire_choices":[{"data":"Zap","floor":6.0,"key":"SMITH"},{"data":"Barrage","floor":8.0,"key":"SMITH"},{"data":"Barrage","floor":13.0,"key":"SMITH"},{"data":"Barrage","floor":15.0,"key":"SMITH"},{"data":"Meteor Strike","floor":23.0,"key":"SMITH"},{"data":"Defragment","floor":32.0,"key":"SMITH"},{"data":"Meteor Strike","floor":49,"key":"SMITH"}],"neow_cost":"","seed_source_timestamp":0,"circlet_count":0,"master_deck":["Bash","Survivor","Zap+1","Strike_G","Strike_B","Defend_R","Defend_G+1","Defend_B","Barrage+1","Barrage+1","Barrage+1","Ball Lightning","Ball Lightning","Ball Lightning","Self Repair","Self Repair","Cold Snap","Cold Snap","Cold Snap","Compile Driver","Compile Driver","Compile Driver","Go for the Eyes","Go for the Eyes","Go for the Eyes","Glacier","Glacier+1","Glacier","Meteor Strike+1","Meteor Strike+1","Meteor Strike","Recycle","Recycle","Recycle+1","Doom and Gloom","Doom and Gloom","Doom and Gloom","Core Surge","Core Surge","Core Surge","Stack+1","Stack+1","Stack+1","Coolheaded+1","Coolheaded","Coolheaded","Hologram","Hologram","Hologram","Defragment+1","Defragment","Defragment","Leap+1","Leap+1","Leap+1","Loop+1","Loop+1","Loop+1","Skim","Skim","Skim","All For One","All For One","All For One"],"special_seed":17875,"relics":["Cracked Core","Potion Belt","Anchor","Centennial Puzzle","PreservedInsect","Snecko Eye","Symbiotic Virus","Ancient Tea Set","Meat on the Bone","Boot","Emotion Chip","Coffee Dripper","Vajra","Blood Vial","War Paint","Lee\u0027s Waffle","Pear","Turnip","DataDisk","Oddly Smooth Stone"],"potions_floor_usage":[41,50,50,50,50,50],"damage_taken":[{"damage":1.0,"enemies":"Jaw Worm","floor":1.0,"turns":4.0},{"damage":0.0,"enemies":"Cultist","floor":2.0,"turns":3.0},{"damage":0.0,"enemies":"2 Louse","floor":3.0,"turns":1.0},{"damage":8.0,"enemies":"Lots of Slimes","floor":4.0,"turns":4.0},{"damage":31.0,"enemies":"Lagavulin","floor":7.0,"turns":6.0},{"damage":0.0,"enemies":"Exordium Wildlife","floor":10.0,"turns":2.0},{"damage":0.0,"enemies":"3 Sentries","floor":11.0,"turns":5.0},{"damage":0.0,"enemies":"Blue Slaver","floor":12.0,"turns":2.0},{"damage":0.0,"enemies":"Gremlin Nob","floor":14.0,"turns":2.0},{"damage":28.0,"enemies":"The Guardian","floor":16.0,"turns":10.0},{"damage":0.0,"enemies":"Chosen","floor":18.0,"turns":2.0},{"damage":0.0,"enemies":"Spheric Guardian","floor":20.0,"turns":2.0},{"damage":0.0,"enemies":"Chosen and Byrds","floor":21.0,"turns":4.0},{"damage":0.0,"enemies":"Snecko","floor":22.0,"turns":2.0},{"damage":1.0,"enemies":"Gremlin Leader","floor":24.0,"turns":3.0},{"damage":0.0,"enemies":"Book of Stabbing","floor":28.0,"turns":2.0},{"damage":0.0,"enemies":"Sentry and Sphere","floor":29.0,"turns":3.0},{"damage":0.0,"enemies":"Gremlin Leader","floor":30.0,"turns":3.0},{"damage":2.0,"enemies":"3 Cultists","floor":31.0,"turns":5.0},{"damage":1.0,"enemies":"Collector","floor":33.0,"turns":7.0},{"damage":1,"enemies":"3 Shapes","floor":35,"turns":2},{"damage":0,"enemies":"Orb Walker","floor":36,"turns":2},{"damage":5,"enemies":"Sphere and 2 Shapes","floor":37,"turns":3},{"damage":5,"enemies":"Maw","floor":39,"turns":7},{"damage":0,"enemies":"Giant Head","floor":40,"turns":6},{"damage":0,"enemies":"Writhing Mass","floor":41,"turns":5},{"damage":35,"enemies":"Nemesis","floor":42,"turns":5},{"damage":0,"enemies":"Sphere and 2 Shapes","floor":44,"turns":6},{"damage":0,"enemies":"Mind Bloom Boss Battle","floor":46,"turns":3},{"damage":0,"enemies":"Maw","floor":48,"turns":3},{"damage":0,"enemies":"Donu and Deca","floor":50,"turns":7}],"seed_played":"-7146687675477179986","potions_obtained":[{"floor":3.0,"key":"Energy Potion"},{"floor":4.0,"key":"Fire Potion"},{"floor":10.0,"key":"Regen Potion"},{"floor":12.0,"key":"LiquidBronze"},{"floor":18.0,"key":"AttackPotion"},{"floor":20.0,"key":"AttackPotion"},{"floor":28.0,"key":"Block Potion"},{"floor":29.0,"key":"GamblersBrew"},{"floor":30.0,"key":"FearPotion"},{"floor":33,"key":"AttackPotion"},{"floor":39,"key":"SpeedPotion"},{"floor":40,"key":"Swift Potion"},{"floor":41,"key":"FearPotion"}],"is_trial":false,"path_per_floor":["M","M","M","M","?","R","E","R","T","M","E","M","R","E","R","B",null,"M","?","M","M","M","R","E","T","T","?","E","M","E","M","R","B","B",null,"M","M","M","?","M","E","M","E","T","M","$","?","$","M","R","B",null],"character_chosen":"DEFECT","items_purchased":["Lee\u0027s Waffle","Pear","FocusPotion","DataDisk","Oddly Smooth Stone","Swift Potion"],"campfire_rested":0,"item_purchase_floors":[45,45,45,47,47,47],"current_hp_per_floor":[74,74,74,75,68,68,51,51,51,51,65,65,65,72,72,58,75,75,75,75,75,75,75,74,74,74,60,60,60,60,72,72,71,80,79,80,80,80,80,80,80,52,52,68,97,97,97,97,97,97],"gold":134,"neow_bonus":"","is_prod":false,"is_daily":true,"chose_seed":false,"campfire_upgraded":7,"win_rate":0,"timestamp":1544437621,"path_taken":["M","M","M","M","?","R","E","R","T","M","E","M","R","E","R","BOSS","M","?","M","?","M","R","E","?","T","?","E","M","E","M","R","BOSS","BOSS","M","M","M","?","?","E","M","E","T","M","$","?","$","M","R","BOSS"],"build_version":"2018-12-06","purchased_purges":0,"victory":true,"max_hp_per_floor":[75,75,75,75,75,75,75,75,75,75,75,75,75,75,75,75,75,75,75,75,75,75,75,75,75,75,80,80,80,80,80,80,80,80,80,80,80,80,80,80,80,80,80,80,97,97,97,97,97,97],"card_choices":[{"not_picked":["Stack","Static Discharge"],"picked":"Barrage","floor":1.0},{"not_picked":["Conserve Battery","Stack"],"picked":"Ball Lightning","floor":2.0},{"not_picked":["BootSequence","Steam Power"],"picked":"Self Repair","floor":3.0},{"not_picked":["Static Discharge","Redo","Rebound"],"picked":"SKIP","floor":4.0},{"not_picked":["Scrape","Reprogram","Hyperbeam"],"picked":"SKIP","floor":7.0},{"not_picked":["Reinforced Body","Reprogram"],"picked":"Cold Snap","floor":10.0},{"not_picked":["Genetic Algorithm","Turbo"],"picked":"Compile Driver","floor":11.0},{"not_picked":["Sweeping Beam","Cold Snap"],"picked":"Go for the Eyes","floor":12.0},{"not_picked":["Streamline","Reinforced Body"],"picked":"Glacier","floor":14.0},{"not_picked":["Reboot","Creative AI"],"picked":"Meteor Strike","floor":16.0},{"not_picked":["Genetic Algorithm","Leap","Recycle"],"picked":"SKIP","floor":18.0},{"not_picked":["Genetic Algorithm","Leap"],"picked":"Recycle","floor":18.0},{"not_picked":["Steam","Go for the Eyes","Leap"],"picked":"SKIP","floor":20.0},{"not_picked":["Barrage","Hologram"],"picked":"Core Surge","floor":21.0},{"not_picked":["Streamline","Turbo"],"picked":"Stack+1","floor":22.0},{"not_picked":["Leap","Amplify","Streamline"],"picked":"SKIP","floor":24.0},{"not_picked":["Auto Shields","Rebound+1","Darkness"],"picked":"SKIP","floor":28.0},{"not_picked":["Ball Lightning+1","Rebound"],"picked":"Coolheaded","floor":29.0},{"not_picked":["Reinforced Body+1","Tempest"],"picked":"Hologram","floor":30.0},{"not_picked":["Beam Cell","Reinforced Body"],"picked":"Defragment","floor":31.0},{"not_picked":["Fusion","Go for the Eyes"],"picked":"Leap+1","floor":35},{"not_picked":["Hologram","Coolheaded","Self Repair+1"],"picked":"SKIP","floor":36},{"not_picked":["Compile Driver+1","Chill+1"],"picked":"Loop+1","floor":37},{"not_picked":["Steam Power","Rebound+1","Go for the Eyes"],"picked":"SKIP","floor":39},{"not_picked":["Ball Lightning","Cold Snap"],"picked":"Skim","floor":40},{"not_picked":["Aggregate+1","Doom and Gloom","Rebound+1"],"picked":"SKIP","floor":41},{"not_picked":["Self Repair","Double Energy","Ball Lightning"],"picked":"SKIP","floor":42},{"not_picked":["Beam Cell+1","Reinforced Body+1"],"picked":"All For One","floor":44},{"not_picked":["Cold Snap","Seek","Tempest"],"picked":"SKIP","floor":48}],"player_experience":1775081,"relics_obtained":[{"floor":7.0,"key":"Potion Belt"},{"floor":9.0,"key":"Anchor"},{"floor":11.0,"key":"Centennial Puzzle"},{"floor":14.0,"key":"PreservedInsect"},{"floor":24.0,"key":"Symbiotic Virus"},{"floor":25.0,"key":"Ancient Tea Set"},{"floor":26.0,"key":"Meat on the Bone"},{"floor":28.0,"key":"Boot"},{"floor":30.0,"key":"Emotion Chip"},{"floor":40,"key":"Vajra"},{"floor":42,"key":"Blood Vial"},{"floor":43,"key":"War Paint"},{"floor":46,"key":"Turnip"}],"event_choices":[{"cards_removed":["Self Repair"],"damage_healed":0.0,"max_hp_gain":0.0,"max_hp_loss":0.0,"gold_gain":0.0,"event_name":"Golden Wing","player_choice":"Card Removal","floor":5.0,"gold_loss":0.0,"damage_taken":7.0},{"damage_healed":0.0,"max_hp_gain":0.0,"max_hp_loss":0.0,"gold_gain":0.0,"cards_transformed":["Strike_R"],"event_name":"Transmorgrifier","player_choice":"Transformed","floor":19.0,"gold_loss":0.0,"damage_taken":0.0,"cards_obtained":["Doom and Gloom"]},{"damage_healed":0.0,"max_hp_gain":5.0,"max_hp_loss":0.0,"gold_gain":0.0,"event_name":"Forgotten Altar","player_choice":"Shed Blood","floor":27.0,"gold_loss":0.0,"damage_taken":19.0},{"damage_healed":0,"gold_gain":0,"player_choice":"Upgraded Two","damage_taken":0,"max_hp_gain":0,"max_hp_loss":0,"event_name":"Designer","floor":38,"gold_loss":40,"cards_upgraded":["Coolheaded","Defend_G"]},{"damage_healed":0,"gold_gain":0,"player_choice":"Fight","damage_taken":0,"max_hp_gain":0,"max_hp_loss":0,"event_name":"MindBloom","floor":46,"gold_loss":0}],"is_beta":false,"boss_relics":[{"not_picked":["Runic Dome","Empty Cage"],"picked":"Snecko Eye"},{"not_picked":["Orrery","Lizard Tail"],"picked":"Coffee Dripper"}],"items_purged_floors":[],"is_endless":false,"potions_floor_spawned":[3,4,10,12,18,20,28,29,30,33,39,40,41,48],"ascension_level":0}