{"gold_per_floor":[111,111,111,125,21,54,54,54,54,85,100,119,119,140,140,260,260,275,190,190,205,224,224,79,120,120,143,179,191,221,257,269,407,419,456,482,594,620,632,644,692,704,716,728,765,777,789],"floor_reached":47,"playtime":2188,"items_purged":["Strike_B"],"score":530,"play_id":"fdc77534-44ac-4782-8c1f-df96905a2e98","local_time":"20181209154930","is_ascension_mode":false,"campfire_choices":[{"floor":7,"key":"REST"},{"floor":13,"key":"REST"},{"floor":15,"key":"REST"},{"floor":23,"key":"REST"},{"floor":29,"key":"REST"},{"floor":32,"key":"REST"},{"floor":40,"key":"REST"},{"floor":42,"key":"REST"},{"floor":46,"key":"RECALL"}],"neow_cost":"NONE","seed_source_timestamp":81673236445923,"circlet_count":0,"master_deck":["Strike_B+1","Strike_B","Defend_B","Defend_B","Defend_B","Defend_B","Zap","Dualcast","Sweeping Beam","Leap","Static Discharge","Consume","Electrodynamics","Ball Lightning","Genetic Algorithm","Cold Snap","Buffer","Go for the Eyes+1","Coolheaded","Rebound","Doom and Gloom+1","Normality","Genetic Algorithm","Compile Driver+1","FTL+1","Chill","Creative AI","Static Discharge+1","Leap","Self Repair","Doubt"],"relics":["Inserter","Golden Idol","Mercury Hourglass","Singing Bowl","Cursed Key","Blood Vial","Molten Egg 2","Dead Branch","MawBank","Sozu","Whetstone","DataDisk"],"potions_floor_usage":[6,10,16,16,25,28,47,47],"damage_taken":[{"damage":15,"enemies":"Jaw Worm","floor":1,"turns":4},{"damage":2,"enemies":"2 Louse","floor":4,"turns":2},{"damage":21,"enemies":"Lagavulin","floor":6,"turns":7},{"damage":50,"enemies":"Gremlin Nob","floor":10,"turns":4},{"damage":1,"enemies":"Cultist","floor":11,"turns":4},{"damage":0,"enemies":"Large Slime","floor":12,"turns":4},{"damage":9,"enemies":"Red Slaver","floor":14,"turns":4},{"damage":21,"enemies":"Slime Boss","floor":16,"turns":6},{"damage":10,"enemies":"Spheric Guardian","floor":18,"turns":4},{"damage":8,"enemies":"Shell Parasite","floor":21,"turns":6},{"damage":16,"enemies":"Snake Plant","floor":22,"turns":4},{"damage":43,"enemies":"Slavers","floor":25,"turns":4},{"damage":16,"enemies":"Shelled Parasite and Fungi","floor":27,"turns":6},{"damage":18,"enemies":"Book of Stabbing","floor":28,"turns":7},{"damage":0,"enemies":"Centurion and Healer","floor":30,"turns":5},{"damage":7,"enemies":"Cultist and Chosen","floor":31,"turns":4},{"damage":47,"enemies":"Collector","floor":33,"turns":10},{"damage":11,"enemies":"3 Shapes","floor":35,"turns":5},{"damage":39,"enemies":"Orb Walker","floor":36,"turns":4},{"damage":10,"enemies":"Jaw Worm Horde","floor":38,"turns":3},{"damage":42,"enemies":"Reptomancer","floor":41,"turns":6},{"damage":10,"enemies":"3 Darklings","floor":45,"turns":5},{"damage":27,"enemies":"Transient","floor":47,"turns":5}],"seed_played":"-787852606404936296","potions_obtained":[{"floor":4,"key":"Explosive Potion"},{"floor":6,"key":"Poison Potion"},{"floor":12,"key":"Explosive Potion"},{"floor":14,"key":"LiquidBronze"},{"floor":18,"key":"FearPotion"},{"floor":21,"key":"Regen Potion"},{"floor":27,"key":"FocusPotion"},{"floor":33,"key":"SpeedPotion"}],"is_trial":false,"path_per_floor":["M","?","?","M","$","E","R","?","T","E","M","M","R","M","R","B",null,"M","?","?","M","M","R","$","E","T","M","E","R","M","M","R","B",null,"M","M","?","M","?","R","E","R","T","?","M","R","M"],"character_chosen":"DEFECT","items_purchased":["Static Discharge","Consume","Coolheaded","Rebound"],"campfire_rested":8,"item_purchase_floors":[5,5,24,24],"current_hp_per_floor":[60,60,42,40,40,19,41,66,66,16,15,15,37,28,50,29,75,67,67,67,63,49,72,72,43,43,29,13,36,38,33,56,11,79,70,33,33,25,25,48,8,31,31,31,25,25,0],"gold":789,"neow_bonus":"BOSS_RELIC","is_prod":false,"is_daily":false,"chose_seed":false,"campfire_upgraded":0,"win_rate":0,"timestamp":1544388570,"path_taken":["M","?","?","M","$","E","R","?","T","E","M","?","R","M","R","BOSS","M","?","?","M","M","R","$","E","T","?","E","R","M","M","R","BOSS","M","?","?","?","?","R","E","R","T","?","M","R","M"],"build_version":"2018-12-06","purchased_purges":1,"victory":false,"max_hp_per_floor":[75,75,75,75,75,75,75,75,75,75,75,75,75,75,75,75,75,77,77,77,79,79,79,79,79,79,79,79,79,79,79,79,79,79,81,81,81,81,77,77,77,77,77,77,79,79,79],"card_choices":[{"not_picked":["Gash","Steam Power"],"picked":"Sweeping Beam","floor":1},{"not_picked":["Tempest","Gash"],"picked":"Leap","floor":4},{"not_picked":["Lockon","Rip and Tear","Tempest"],"picked":"SKIP","floor":6},{"not_picked":["Double Energy","Redo"],"picked":"Electrodynamics","floor":10},{"not_picked":["Go for the Eyes","Rebound"],"picked":"Ball Lightning","floor":11},{"not_picked":["FTL","Double Energy"],"picked":"Genetic Algorithm","floor":12},{"not_picked":["Compile Driver","Steam"],"picked":"Cold Snap","floor":14},{"not_picked":["Amplify","Electrodynamics"],"picked":"Buffer","floor":16},{"not_picked":["Chaos","Stack","Turbo+1"],"picked":"Singing Bowl","floor":18},{"not_picked":["Ball Lightning","Redo","Turbo"],"picked":"Singing Bowl","floor":21},{"not_picked":["Electrodynamics","Beam Cell+1"],"picked":"Go for the Eyes","floor":22},{"not_picked":["Gash","Rip and Tear"],"picked":"Doom and Gloom+1","floor":25},{"not_picked":["Gash+1","Rip and Tear+1"],"picked":"Genetic Algorithm","floor":27},{"not_picked":["Undo","Force Field"],"picked":"Compile Driver+1","floor":28},{"not_picked":["Heatsinks","Turbo"],"picked":"FTL+1","floor":30},{"not_picked":["Streamline+1","Rebound+1"],"picked":"Chill","floor":31},{"not_picked":["Hyperbeam+1","Reboot"],"picked":"Creative AI","floor":33},{"not_picked":["Ball Lightning+1","Turbo+1","Tempest"],"picked":"Singing Bowl","floor":35},{"not_picked":["Chaos+1","Double Energy"],"picked":"Static Discharge+1","floor":36},{"not_picked":["Ball Lightning+1","Steam+1"],"picked":"Leap","floor":38},{"not_picked":["Heatsinks","Lockon+1"],"picked":"Self Repair","floor":41},{"not_picked":["Beam Cell+1","Ball Lightning+1","Melter+1"],"picked":"Singing Bowl","floor":45}],"player_experience":1821569,"relics_obtained":[{"floor":6,"key":"Mercury Hourglass"},{"floor":10,"key":"Singing Bowl"},{"floor":25,"key":"Molten Egg 2"},{"floor":26,"key":"Dead Branch"},{"floor":28,"key":"MawBank"},{"floor":41,"key":"Whetstone"},{"floor":43,"key":"DataDisk"}],"event_choices":[{"damage_healed":0,"gold_gain":0,"player_choice":"Ignored","damage_taken":0,"max_hp_gain":0,"max_hp_loss":0,"event_name":"Liars Game","floor":2,"gold_loss":0},{"damage_healed":0,"gold_gain":0,"player_choice":"Take Damage","damage_taken":18,"relics_obtained":["Golden Idol"],"max_hp_gain":0,"max_hp_loss":0,"event_name":"Golden Idol","floor":3,"gold_loss":0},{"damage_healed":25,"gold_gain":0,"player_choice":"Banana","damage_taken":0,"max_hp_gain":0,"max_hp_loss":0,"event_name":"Big Fish","floor":8,"gold_loss":0},{"damage_healed":0,"gold_gain":0,"player_choice":"Obtained Relic","damage_taken":0,"relics_obtained":["Blood Vial"],"max_hp_gain":0,"max_hp_loss":0,"event_name":"Addict","floor":19,"gold_loss":85},{"cards_removed":["Strike_B"],"damage_healed":0,"gold_gain":0,"player_choice":"Purged","damage_taken":0,"max_hp_gain":0,"max_hp_loss":0,"event_name":"Purifier","floor":20,"gold_loss":0},{"damage_healed":0,"gold_gain":100,"player_choice":"Pray","damage_taken":0,"max_hp_gain":0,"max_hp_loss":0,"event_name":"Golden Shrine","floor":37,"gold_loss":0},{"damage_healed":0,"gold_gain":0,"player_choice":"Max HP","damage_taken":0,"max_hp_gain":0,"max_hp_loss":4,"event_name":"Winding Halls","floor":39,"gold_loss":0},{"damage_healed":0,"gold_gain":0,"player_choice":"Ignored","damage_taken":0,"max_hp_gain":0,"max_hp_loss":0,"event_name":"Mysterious Sphere","floor":44,"gold_loss":0}],"is_beta":false,"boss_relics":[{"not_picked":["Tiny House","Velvet Choker"],"picked":"Cursed Key"},{"not_picked":["Runic Dome","Astrolabe"],"picked":"Sozu"}],"items_purged_floors":[24],"is_endless":false,"potions_floor_spawned":[4,6,12,14,18,21,27,33,35,38,41],"killed_by":"Transient","ascension_level":0}