{"path_per_floor":["M","M","$","M","M","R","E","R","T","R","E","?","M","M","R","B",null,"M","$","M","?","?","E","?","M","T","R","M","?","E","?","R","B",null,"M","?","?","?","?","R","?","M","T","E","?","M","$","M","R","B"],"character_chosen":"DEFECT","items_purchased":["Coolheaded","Chaos","Juzu Bracelet","Orichalcum","Pen Nib","War Paint","Hologram","BootSequence","All For One"],"gold_per_floor":[110,124,18,32,51,51,78,78,78,78,108,187,205,221,221,320,320,340,40,51,51,51,77,77,96,96,96,107,107,137,169,169,265,295,312,312,359,359,581,581,581,599,599,631,631,647,6,25,25,25],"floor_reached":51,"campfire_rested":5,"playtime":7842,"item_purchase_floors":[3,3,19,19,47,47,47,47,47],"current_hp_per_floor":[75,63,63,56,52,74,67,67,67,67,27,27,25,30,52,43,75,60,60,62,62,46,22,22,31,45,71,58,58,61,53,79,88,94,94,82,71,94,94,94,94,91,91,47,47,49,49,41,69,62],"items_purged":["Meteor Strike"],"gold":25,"score":809,"play_id":"7ae2eeb5-30e8-4cc8-a3f8-eec4eb1d4619","local_time":"20180607202929","is_prod":false,"is_daily":false,"chose_seed":false,"is_ascension_mode":true,"campfire_upgraded":3,"win_rate":0,"timestamp":1528417769,"campfire_choices":[{"floor":6,"key":"REST"},{"data":"Chaos","floor":8,"key":"SMITH"},{"data":"Glacier","floor":10,"key":"SMITH"},{"floor":15,"key":"REST"},{"floor":27,"key":"REST"},{"floor":32,"key":"REST"},{"data":"Machine Learning","floor":40,"key":"SMITH"},{"floor":49,"key":"REST"}],"path_taken":["M","M","$","M","M","R","E","R","T","R","E","?","M","M","R","BOSS","M","?","M","?","?","E","?","M","T","R","M","?","E","?","R","BOSS","M","?","?","?","?","R","?","M","T","E","?","M","$","M","R","BOSS"],"build_version":"2018-05-31","seed_source_timestamp":84278611288062,"purchased_purges":1,"victory":true,"master_deck":["Strike_B","Strike_B","Strike_B+1","Defend_B","Defend_B","Defend_B","Defend_B","Zap","Dualcast","Reinforced Body+1","Coolheaded","Chaos+1","Go for the Eyes","Glacier+1","Conserve Battery","Capacitor","Self Repair","Redo","Machine Learning+1","Glacier","Writhe","Doom and Gloom","Sweeping Beam","Rainbow","Coolheaded","BootSequence","Echo Form","Recycle+1","Beam Cell","Madness","Madness","Cold Snap+1","Defragment","Capacitor","Steam+1","Multi-Cast","Steam Power+1","Hologram","BootSequence","All For One","White Noise+1"],"max_hp_per_floor":[75,75,75,75,75,75,75,75,75,75,75,75,75,75,75,75,75,75,75,75,75,75,75,75,75,89,89,89,89,89,89,89,89,94,94,94,94,94,94,94,94,94,94,94,94,94,94,94,94,94],"relics":["Cracked Core","DataDisk","Blood Vial","Letter Opener","Inserter","Juzu Bracelet","Orichalcum","Calipers","Enchiridion","Du-Vu Doll","Mango","Oddly Smooth Stone","Red Mask","Tiny House","Peace Pipe","Bottled Lightning","Ancient Tea Set","Pen Nib","War Paint"],"card_choices":[{"not_picked":["Streamline","Reprogram"],"picked":"Scrape","floor":1},{"not_picked":["Sweeping Beam","Stack"],"picked":"Reinforced Body","floor":2},{"not_picked":["Sunder","Compile Driver"],"picked":"Go for the Eyes","floor":4},{"not_picked":["Go for the Eyes","Auto Shields"],"picked":"Glacier","floor":5},{"not_picked":["Reboot","Consume"],"picked":"Conserve Battery","floor":7},{"not_picked":["Coolheaded","Barrage"],"picked":"Capacitor","floor":11},{"not_picked":["Chill","Sweeping Beam"],"picked":"Self Repair","floor":13},{"not_picked":["Force Field","Rip and Tear"],"picked":"Redo","floor":14},{"not_picked":["Biased Cognition","Creative AI"],"picked":"Machine Learning","floor":16},{"not_picked":["Turbo","Reinforced Body"],"picked":"Glacier","floor":18},{"not_picked":["Gash","Barrage","Rebound"],"picked":"SKIP","floor":20},{"not_picked":["Double Energy","Melter+1"],"picked":"Doom and Gloom","floor":23},{"not_picked":["Barrage","Tempest+1"],"picked":"Sweeping Beam","floor":25},{"not_picked":["Gash","Reprogram+1"],"picked":"Rainbow","floor":28},{"not_picked":["Steam","Rebound"],"picked":"Coolheaded","floor":30},{"not_picked":["Rebound","Compile Driver"],"picked":"BootSequence","floor":31},{"not_picked":["Seek","Creative AI"],"picked":"Echo Form","floor":33},{"not_picked":["Rip and Tear","Storm"],"picked":"Recycle+1","floor":34},{"not_picked":["Ball Lightning+1","Compile Driver"],"picked":"Beam Cell","floor":35},{"not_picked":["Beam Cell","Ball Lightning"],"picked":"Cold Snap+1","floor":37},{"not_picked":["Self Repair","Aggregate"],"picked":"Defragment","floor":42},{"not_picked":["Go for the Eyes+1","Recycle+1"],"picked":"Capacitor","floor":44},{"not_picked":["Stack+1","Self Repair"],"picked":"Steam Power+1","floor":46},{"not_picked":["FTL+1","Conserve Battery+1"],"picked":"White Noise+1","floor":48}],"player_experience":394219,"potions_floor_usage":[7,16,16,35,44,50],"damage_taken":[{"damage":0,"enemies":"Small Slimes","floor":1,"turns":3},{"damage":12,"enemies":"Jaw Worm","floor":2,"turns":4},{"damage":7,"enemies":"Cultist","floor":4,"turns":4},{"damage":4,"enemies":"Large Slime","floor":5,"turns":6},{"damage":7,"enemies":"3 Sentries","floor":7,"turns":9},{"damage":42,"enemies":"Gremlin Nob","floor":11,"turns":7},{"damage":4,"enemies":"3 Louse","floor":13,"turns":3},{"damage":4,"enemies":"2 Fungi Beasts","floor":14,"turns":5},{"damage":18,"enemies":"Hexaghost","floor":16,"turns":16},{"damage":22,"enemies":"Chosen","floor":18,"turns":7},{"damage":7,"enemies":"Spheric Guardian","floor":20,"turns":6},{"damage":33,"enemies":"Slavers","floor":23,"turns":9},{"damage":0,"enemies":"Centurion and Healer","floor":25,"turns":13},{"damage":22,"enemies":"3 Cultists","floor":28,"turns":6},{"damage":6,"enemies":"Gremlin Leader","floor":30,"turns":13},{"damage":17,"enemies":"Masked Bandits","floor":31,"turns":6},{"damage":0,"enemies":"Champ","floor":33,"turns":16},{"damage":13,"enemies":"3 Shapes","floor":35,"turns":5},{"damage":20,"enemies":"Mysterious Sphere","floor":37,"turns":8},{"damage":17,"enemies":"3 Darklings","floor":42,"turns":6},{"damage":53,"enemies":"2 Orb Walkers","floor":44,"turns":7},{"damage":7,"enemies":"4 Shapes","floor":46,"turns":10},{"damage":17,"enemies":"Sphere and 2 Shapes","floor":48,"turns":9},{"damage":16,"enemies":"Time Eater","floor":50,"turns":16}],"relics_obtained":[{"floor":7,"key":"DataDisk"},{"floor":9,"key":"Blood Vial"},{"floor":11,"key":"Letter Opener"},{"floor":22,"key":"Enchiridion"},{"floor":23,"key":"Du-Vu Doll"},{"floor":26,"key":"Mango"},{"floor":30,"key":"Oddly Smooth Stone"},{"floor":31,"key":"Red Mask"},{"floor":37,"key":"Peace Pipe"},{"floor":43,"key":"Bottled Lightning"},{"floor":44,"key":"Ancient Tea Set"}],"event_choices":[{"event_name":"Golden Wing","player_choice":"Gained Gold","floor":12,"damage_taken":0},{"event_name":"The Mausoleum","player_choice":"Yes","floor":21,"damage_taken":0},{"event_name":"Cursed Tome","player_choice":"Obtained Book","floor":22,"damage_taken":0},{"event_name":"Ghosts","player_choice":"Ignored","floor":24,"damage_taken":0},{"event_name":"Back to Basics","player_choice":"Elegance","floor":29,"damage_taken":0},{"event_name":"Masked Bandits","player_choice":"Fought over 137 gold","floor":31,"damage_taken":0},{"event_name":"Winding Halls","player_choice":"Embrace Madness","floor":36,"damage_taken":0},{"event_name":"Mysterious Sphere","player_choice":"Fight","floor":37,"damage_taken":0},{"event_name":"Bonfire Elementals","player_choice":"UNCOMMON","floor":38,"damage_taken":0},{"event_name":"Tomb of Lord Red Mask","player_choice":"Wore Mask","floor":39,"damage_taken":0},{"event_name":"Accursed Blacksmith","player_choice":"Ignore","floor":41,"damage_taken":0},{"event_name":"Match and Keep!","player_choice":"2 cards matched","floor":45,"damage_taken":0}],"boss_relics":[{"not_picked":["Calling Bell","Cursed Key"],"picked":"Inserter"},{"not_picked":["Nuclear Battery","Runic Pyramid"],"picked":"Tiny House"}],"items_purged_floors":[47],"potions_floor_spawned":[2,5,11,13,20,28,30,31,42,44,48],"seed_played":"-3491082099798157008","ascension_level":1,"potions_obtained":[{"floor":2,"key":"Fire Potion"},{"floor":5,"key":"GamblersBrew"},{"floor":11,"key":"Energy Potion"},{"floor":13,"key":"EssenceOfSteel"},{"floor":20,"key":"SpeedPotion"},{"floor":28,"key":"FairyPotion"},{"floor":31,"key":"Explosive Potion"},{"floor":34,"key":"FearPotion"},{"floor":42,"key":"Poison Potion"},{"floor":44,"key":"Block Potion"}],"is_trial":false}