{"gold_per_floor":[115,115,126,126,51,51,81,81,81,112,129,129,462,65,65,168,168,185,185,185,195,205,205,205],"floor_reached":24,"playtime":1536,"items_purged":["Defend_G","Strike_G"],"score":367,"play_id":"67f55149-8cc3-425b-84be-364a60bf9c72","local_time":"20180702201403","is_ascension_mode":true,"campfire_choices":[{"data":"Skewer","floor":6,"key":"SMITH"},{"floor":8,"key":"REST"},{"floor":12,"key":"REST"},{"data":"1","floor":15,"key":"LIFT"},{"floor":23,"key":"REST"}],"neow_cost":"","seed_source_timestamp":513908994645372,"circlet_count":0,"master_deck":["Defend_G","Defend_G","Defend_G","Defend_G","Strike_G","Strike_G+1","Strike_G","Strike_G+1","Survivor","Neutralize+1","Skewer+1","Blur","Dagger Throw","Dodge and Roll","Dagger Spray","Backflip","Die Die Die","Necronomicurse","All Out Attack","Backflip"],"relics":["Ring of the Snake","Happy Flower","Girya","Frozen Egg 2","Old Coin","Shuriken","Black Star","Necronomicon"],"potions_floor_usage":[16,16,22,22,24],"damage_taken":[{"damage":3,"enemies":"Cultist","floor":1,"turns":4},{"damage":2,"enemies":"Jaw Worm","floor":3,"turns":3},{"damage":17,"enemies":"3 Sentries","floor":7,"turns":11},{"damage":36,"enemies":"Lagavulin","floor":10,"turns":7},{"damage":0,"enemies":"2 Louse","floor":11,"turns":2},{"damage":6,"enemies":"Gremlin Nob","floor":13,"turns":3},{"damage":0,"enemies":"The Guardian","floor":16,"turns":9},{"damage":45,"enemies":"Shell Parasite","floor":18,"turns":7},{"damage":0,"enemies":"Chosen","floor":21,"turns":4},{"damage":12,"enemies":"Snake Plant","floor":22,"turns":3},{"damage":33,"enemies":"Gremlin Leader","floor":24,"turns":5}],"seed_played":"-4010951739984204647","potions_obtained":[{"floor":1,"key":"Fire Potion"},{"floor":10,"key":"EssenceOfSteel"},{"floor":13,"key":"EssenceOfSteel"},{"floor":18,"key":"Fire Potion"},{"floor":22,"key":"GamblersBrew"}],"is_trial":false,"path_per_floor":["M","?","M","?","$","R","E","R","T","E","M","R","E","$","R","B",null,"M","?","?","M","M","R"],"character_chosen":"THE_SILENT","items_purchased":["Shuriken","Backflip"],"campfire_rested":3,"item_purchase_floors":[14,14],"current_hp_per_floor":[60,46,44,44,44,44,27,48,48,12,12,33,27,27,27,27,59,14,37,21,21,9,30,0],"gold":205,"neow_bonus":"","is_prod":false,"is_daily":false,"chose_seed":false,"campfire_upgraded":1,"win_rate":0,"timestamp":1530580443,"path_taken":["M","?","M","?","?","R","E","R","T","E","M","R","E","?","R","BOSS","M","?","?","?","?","R","E"],"build_version":"2018-06-29","purchased_purges":2,"victory":false,"max_hp_per_floor":[70,70,70,70,70,70,70,70,70,70,70,70,70,70,70,70,70,70,70,70,70,70,70,70],"card_choices":[{"not_picked":["Reflex","Cloak And Dagger"],"picked":"Skewer","floor":1},{"not_picked":["Endless Agony","Quick Slash"],"picked":"Blur","floor":3},{"not_picked":["Slice","Venomology"],"picked":"Dagger Throw","floor":7},{"not_picked":["Bouncing Flask","Deflect","Dagger Throw"],"picked":"SKIP","floor":10},{"not_picked":["Quick Slash","Concentrate"],"picked":"Dodge and Roll","floor":11},{"not_picked":["PiercingWail","Grand Finale"],"picked":"Dagger Spray","floor":13},{"not_picked":["Bullet Time","Storm of Steel"],"picked":"Die Die Die","floor":16},{"not_picked":["Poisoned Stab","Acrobatics","Riddle With Holes"],"picked":"SKIP","floor":18},{"not_picked":["Terror","Caltrops+1"],"picked":"All Out Attack","floor":21},{"not_picked":["Flying Knee+1","Deflect"],"picked":"Backflip","floor":22}],"player_experience":242481,"relics_obtained":[{"floor":7,"key":"Happy Flower"},{"floor":9,"key":"Girya"},{"floor":10,"key":"Frozen Egg 2"},{"floor":13,"key":"Old Coin"},{"floor":20,"key":"Necronomicon"}],"event_choices":[{"event_name":"Shining Light","player_choice":"Entered Light","floor":2,"damage_taken":0},{"event_name":"Accursed Blacksmith","player_choice":"Forge","floor":4,"damage_taken":0},{"event_name":"The Library","player_choice":"Heal","floor":19,"damage_taken":0},{"event_name":"Cursed Tome","player_choice":"Obtained Book","floor":20,"damage_taken":0}],"boss_relics":[{"not_picked":["Eternal Feather","Runic Pyramid"],"picked":"Black Star"}],"items_purged_floors":[5,14],"is_endless":false,"potions_floor_spawned":[1,10,13,18,22],"killed_by":"Gremlin Leader","ascension_level":8}