{"gold_per_floor":[116,116,76,76,91,91,91,125,125,24,58,58,7,27,27,157,157,180,180,194,194],"floor_reached":21,"playtime":448,"items_purged":["Strike_G"],"score":210,"play_id":"ee7abbd8-58e2-498a-9b74-f3503837e870","local_time":"20180724211903","is_ascension_mode":false,"campfire_choices":[{"data":"All Out Attack","floor":6,"key":"SMITH"},{"floor":15,"key":"REST"}],"neow_cost":"","seed_source_timestamp":70063351216446,"circlet_count":0,"master_deck":["Defend_G","Defend_G","Defend_G","Defend_G","Defend_G","Strike_G","Strike_G","Strike_G","Survivor","Neutralize","Dagger Spray","All Out Attack+1","Infinite Blades","Dagger Spray","Outmaneuver","Dagger Spray","Prepared","Dagger Spray","Storm of Steel","Poisoned Stab","RitualDagger","Finisher"],"relics":["Ring of the Snake","Golden Idol","Shuriken","Tough Bandages","Matryoshka","WristBlade"],"potions_floor_usage":[8,11,11,16,16,16,21],"damage_taken":[{"damage":6,"enemies":"Small Slimes","floor":1,"turns":3},{"damage":0,"enemies":"Cultist","floor":5,"turns":3},{"damage":8,"enemies":"3 Sentries","floor":8,"turns":5},{"damage":21,"enemies":"Lagavulin","floor":11,"turns":5},{"damage":0,"enemies":"Jaw Worm","floor":14,"turns":2},{"damage":27,"enemies":"The Guardian","floor":16,"turns":9},{"damage":9,"enemies":"2 Thieves","floor":18,"turns":3},{"damage":17,"enemies":"Spheric Guardian","floor":20,"turns":4},{"damage":41,"enemies":"Slaver and Parasite","floor":21,"turns":4}],"seed_played":"-1286029321564640898","potions_obtained":[{"floor":3,"key":"Poison Potion"},{"floor":3,"key":"Fire Potion"},{"floor":3,"key":"Weak Potion"},{"floor":8,"key":"FearPotion"},{"floor":11,"key":"Poison Potion"},{"floor":14,"key":"Fire Potion"},{"floor":18,"key":"Block Potion"}],"is_trial":false,"path_per_floor":["M","?","?","?","M","R","?","E","T","$","E","?","$","M","R","B",null,"M","?","M"],"character_chosen":"THE_SILENT","items_purchased":["Outmaneuver","Prepared"],"campfire_rested":1,"item_purchase_floors":[10,13],"current_hp_per_floor":[64,64,64,47,47,47,64,56,56,56,35,35,35,35,55,28,67,58,52,35,0],"gold":194,"neow_bonus":"","is_prod":false,"is_daily":false,"chose_seed":false,"campfire_upgraded":1,"win_rate":0,"timestamp":1532432943,"path_taken":["M","?","?","?","?","R","?","E","T","?","E","?","$","M","R","BOSS","M","?","M","M"],"build_version":"2018-07-19v2","purchased_purges":1,"victory":false,"max_hp_per_floor":[70,70,70,70,70,70,70,70,70,70,70,67,67,67,67,67,67,67,67,67,67],"card_choices":[{"not_picked":["Deadly Poison","Flying Knee"],"picked":"Dagger Spray","floor":1},{"not_picked":["Tactician","Setup"],"picked":"Infinite Blades","floor":5},{"not_picked":["Phantasmal Killer","Prepared"],"picked":"Dagger Spray","floor":8},{"not_picked":["Dodge and Roll","Calculated Gamble"],"picked":"Dagger Spray","floor":11},{"not_picked":["Sucker Punch","Bane"],"picked":"Dagger Spray","floor":14},{"not_picked":["Wraith Form v2","Burst"],"picked":"Storm of Steel","floor":16},{"not_picked":["Sucker Punch","Bouncing Flask+1"],"picked":"Poisoned Stab","floor":18},{"not_picked":["Deadly Poison","Sucker Punch"],"picked":"Finisher","floor":20}],"player_experience":250059,"relics_obtained":[{"floor":8,"key":"Shuriken"},{"floor":9,"key":"Tough Bandages"},{"floor":11,"key":"Matryoshka"}],"event_choices":[{"event_name":"Transmorgrifier","player_choice":"Transform","floor":2,"damage_taken":0},{"event_name":"The Woman in Blue","player_choice":"Bought 3 Potions","floor":3,"damage_taken":0},{"event_name":"Golden Idol","player_choice":"Take Damage","floor":4,"damage_taken":0},{"event_name":"Mushrooms","player_choice":"Healed and dodged fight","floor":7,"damage_taken":0},{"event_name":"Purifier","player_choice":"One Purge","floor":12,"damage_taken":0},{"event_name":"Nest","player_choice":"Joined the Cult","floor":19,"damage_taken":0}],"is_beta":false,"boss_relics":[{"not_picked":["Snecko Eye","Black Star"],"picked":"WristBlade"}],"items_purged_floors":[10],"is_endless":false,"potions_floor_spawned":[8,11,14,18],"killed_by":"Slaver and Parasite","ascension_level":0}