{"gold_per_floor":[119,119,194,159,174,174,232,232,232,250,276,276,293,325,325,422,422,435,435,535,517,528,528,104,120,144,144,155,155,70,81,81,177,177,177],"floor_reached":35,"playtime":5528,"items_purged":["Strike_G"],"score":506,"play_id":"b74bd052-4ac6-4d32-b53c-35417e4cbbe9","local_time":"20190123212541","is_ascension_mode":true,"campfire_choices":[{"data":"Neutralize","floor":6,"key":"SMITH"},{"floor":8,"key":"REST"},{"floor":12,"key":"REST"},{"floor":15,"key":"REST"},{"floor":23,"key":"REST"},{"floor":27,"key":"REST"},{"data":"Noxious Fumes","floor":32,"key":"SMITH"}],"neow_cost":"NONE","seed_source_timestamp":330073348969463,"circlet_count":0,"master_deck":["Defend_G+1","Defend_G","Defend_G+1","Defend_G","Defend_G+1","Strike_G","Strike_G","Strike_G","Strike_G","Survivor","Neutralize+1","Deadly Poison+1","Backstab","Bane","Backstab","Leg Sweep","Caltrops","Corpse Explosion","Dodge and Roll+1","Noxious Fumes+1","Catalyst","Expertise","Shame","Deflect+1","Doubt","Adrenaline"],"relics":["Ring of the Snake","Regal Pillow","Tiny Chest","Bronze Scales","War Paint","Smiling Mask","Cursed Key","Bottled Tornado","Bag of Preparation","Bag of Marbles","Strawberry","Snecko Eye"],"potions_floor_usage":[7,11,13,16,21,25,33],"damage_taken":[{"damage":0,"enemies":"Cultist","floor":1,"turns":4},{"damage":0,"enemies":"Small Slimes","floor":5,"turns":4},{"damage":16,"enemies":"3 Sentries","floor":7,"turns":14},{"damage":0,"enemies":"2 Louse","floor":10,"turns":2},{"damage":19,"enemies":"Lagavulin","floor":11,"turns":5},{"damage":0,"enemies":"Gremlin Gang","floor":13,"turns":3},{"damage":20,"enemies":"Gremlin Nob","floor":14,"turns":4},{"damage":43,"enemies":"Slime Boss","floor":16,"turns":15},{"damage":5,"enemies":"Chosen","floor":18,"turns":4},{"damage":4,"enemies":"2 Thieves","floor":21,"turns":4},{"damage":26,"enemies":"Shelled Parasite and Fungi","floor":22,"turns":5},{"damage":14,"enemies":"Snecko","floor":25,"turns":7},{"damage":0,"enemies":"Snake Plant","floor":28,"turns":3},{"damage":7,"enemies":"Chosen and Byrds","floor":31,"turns":5},{"damage":65,"enemies":"Automaton","floor":33,"turns":9},{"damage":0,"enemies":"3 Darklings","floor":35,"turns":1}],"seed_played":"-5962372462429769847","potions_obtained":[{"floor":5,"key":"Block Potion"},{"floor":7,"key":"PowerPotion"},{"floor":11,"key":"Fire Potion"},{"floor":13,"key":"SpeedPotion"},{"floor":16,"key":"FairyPotion"},{"floor":18,"key":"Regen Potion"},{"floor":22,"key":"Swift Potion"},{"floor":25,"key":"Explosive Potion"}],"is_trial":false,"path_per_floor":["M","?","?","?","M","R","E","R","T","M","E","R","M","E","R","B",null,"M","?","?","M","M","R","$","M","T","R","M","T","?","M","R","B",null,"M"],"character_chosen":"THE_SILENT","items_purchased":["Catalyst","Bottled Tornado","Expertise"],"campfire_rested":5,"item_purchase_floors":[24,24,24],"current_hp_per_floor":[63,49,38,55,55,55,39,70,70,70,51,70,70,50,70,27,59,54,54,54,64,38,70,70,56,56,70,70,70,77,70,70,5,59,59],"gold":177,"neow_bonus":"RANDOM_COMMON_RELIC","is_prod":false,"is_daily":false,"chose_seed":false,"campfire_upgraded":2,"win_rate":0,"timestamp":1548300341,"path_taken":["M","?","?","?","M","R","E","R","T","M","E","R","M","E","R","BOSS","M","?","?","M","?","R","$","?","T","R","M","?","?","M","R","BOSS","M"],"build_version":"2019-01-23","purchased_purges":1,"victory":false,"max_hp_per_floor":[70,70,70,70,70,70,70,70,70,70,70,70,70,70,70,70,70,70,70,70,70,70,70,70,70,70,70,70,70,77,77,77,77,77,77],"card_choices":[{"not_picked":["Outmaneuver","Backflip"],"picked":"Deadly Poison","floor":1},{"not_picked":["Bouncing Flask","Heel Hook"],"picked":"Backstab","floor":5},{"not_picked":["PiercingWail","Blade Dance"],"picked":"Bane","floor":7},{"not_picked":["Sucker Punch","Bouncing Flask"],"picked":"Backstab","floor":10},{"not_picked":["Underhanded Strike","A Thousand Cuts","Reflex"],"picked":"SKIP","floor":11},{"not_picked":["PiercingWail","Poisoned Stab"],"picked":"Leg Sweep","floor":13},{"not_picked":["Sucker Punch","Calculated Gamble"],"picked":"Caltrops","floor":14},{"not_picked":["Die Die Die","Envenom"],"picked":"Corpse Explosion","floor":16},{"not_picked":["Deflect","Terror"],"picked":"Dodge and Roll+1","floor":18},{"not_picked":["Deadly Poison","Blade Dance","Expertise"],"picked":"SKIP","floor":21},{"not_picked":["Cloak And Dagger","Eviscerate","Setup+1"],"picked":"SKIP","floor":22},{"not_picked":["Dagger Spray","Prepared","Crippling Poison"],"picked":"SKIP","floor":25},{"not_picked":["Concentrate","Dagger Spray+1"],"picked":"Deflect+1","floor":28},{"not_picked":["Outmaneuver","Slice","Underhanded Strike"],"picked":"SKIP","floor":31},{"not_picked":["Burst","A Thousand Cuts"],"picked":"Adrenaline","floor":33}],"player_experience":626899,"relics_obtained":[{"floor":7,"key":"Tiny Chest"},{"floor":9,"key":"Bronze Scales"},{"floor":11,"key":"War Paint"},{"floor":14,"key":"Smiling Mask"},{"floor":26,"key":"Bag of Preparation"},{"floor":29,"key":"Bag of Marbles"}],"event_choices":[{"damage_healed":0,"gold_gain":0,"player_choice":"Entered Light","damage_taken":14,"max_hp_gain":0,"max_hp_loss":0,"event_name":"Shining Light","floor":2,"gold_loss":0,"cards_upgraded":["Defend_G","Defend_G"]},{"damage_healed":0,"gold_gain":75,"player_choice":"Gather Gold","damage_taken":11,"max_hp_gain":0,"max_hp_loss":0,"event_name":"World of Goop","floor":3,"gold_loss":0},{"damage_healed":17,"gold_gain":0,"player_choice":"Healed","damage_taken":0,"max_hp_gain":0,"max_hp_loss":0,"event_name":"The Cleric","floor":4,"gold_loss":35},{"damage_healed":0,"gold_gain":0,"player_choice":"Read","damage_taken":0,"max_hp_gain":0,"max_hp_loss":0,"event_name":"The Library","floor":19,"gold_loss":0,"cards_obtained":["Noxious Fumes"]},{"damage_healed":0,"gold_gain":100,"player_choice":"Pray","damage_taken":0,"max_hp_gain":0,"max_hp_loss":0,"event_name":"Golden Shrine","floor":20,"gold_loss":0},{"damage_healed":0,"gold_gain":0,"player_choice":"Obtained Relic","damage_taken":0,"relics_obtained":["Strawberry"],"max_hp_gain":0,"max_hp_loss":0,"event_name":"Addict","floor":30,"gold_loss":85}],"is_beta":true,"boss_relics":[{"not_picked":["Astrolabe","Lizard Tail"],"picked":"Cursed Key"},{"not_picked":["Calling Bell","Sozu"],"picked":"Snecko Eye"}],"items_purged_floors":[24],"is_endless":false,"potions_floor_spawned":[5,7,11,13,16,18,22,25],"killed_by":"3 Darklings","ascension_level":7}