{"gold_per_floor":[109,109,51,66,66,99,120,159,185,185,185],"floor_reached":11,"playtime":357,"items_purged":[],"score":201,"play_id":"18a6b027-b30e-49b0-b13e-409aaf16acd7","local_time":"20181224081929","is_ascension_mode":true,"campfire_choices":[],"neow_cost":"NONE","seed_source_timestamp":363395974048283,"circlet_count":0,"master_deck":["AscendersBane","Strike_B","Strike_B","Strike_B","Defend_B","Defend_B","Defend_B+1","Defend_B","Zap","Dualcast+1","Ball Lightning","Steam","Glacier","Beam Cell","Compile Driver","Doom and Gloom"],"relics":["Cracked Core","NeowsBlessing","Golden Idol","Vajra","War Paint","PreservedInsect"],"potions_floor_usage":[],"damage_taken":[{"damage":0,"enemies":"2 Louse","floor":1,"turns":1},{"damage":0,"enemies":"Small Slimes","floor":4,"turns":1},{"damage":0,"enemies":"Lagavulin","floor":6,"turns":1},{"damage":0,"enemies":"Cultist","floor":7,"turns":3},{"damage":32,"enemies":"3 Sentries","floor":8,"turns":11},{"damage":7,"enemies":"Large Slime","floor":11,"turns":1}],"seed_played":"6476125102526491502","potions_obtained":[{"floor":8,"key":"Ancient Potion"}],"is_trial":false,"path_per_floor":["M","?","$","M","?","E","M","E","T","?","M"],"character_chosen":"DEFECT","items_purchased":["Steam"],"campfire_rested":0,"item_purchase_floors":[3],"current_hp_per_floor":[64,40,40,40,33,33,33,1,1,1,0],"gold":185,"neow_bonus":"THREE_ENEMY_KILL","is_prod":false,"is_daily":false,"chose_seed":false,"campfire_upgraded":0,"win_rate":0,"timestamp":1545657569,"path_taken":["M","?","$","M","?","E","M","E","T","?","M"],"build_version":"2018-12-20","purchased_purges":0,"victory":false,"max_hp_per_floor":[71,71,71,71,71,71,71,71,71,71,71],"card_choices":[{"not_picked":["Stack","Conserve Battery"],"picked":"Ball Lightning","floor":1},{"not_picked":["Gash","Leap"],"picked":"Glacier","floor":4},{"not_picked":["Skim","Meteor Strike"],"picked":"Beam Cell","floor":6},{"not_picked":["Leap","Stack"],"picked":"Compile Driver","floor":7},{"not_picked":["Sweeping Beam","Recycle"],"picked":"Doom and Gloom","floor":8}],"player_experience":1950379,"relics_obtained":[{"floor":6,"key":"Vajra"},{"floor":8,"key":"War Paint"},{"floor":9,"key":"PreservedInsect"}],"event_choices":[{"damage_healed":0,"gold_gain":0,"player_choice":"Take Damage","damage_taken":24,"relics_obtained":["Golden Idol"],"max_hp_gain":0,"max_hp_loss":0,"event_name":"Golden Idol","floor":2,"gold_loss":0},{"cards_removed":["Strike_B"],"damage_healed":0,"gold_gain":0,"player_choice":"Card Removal","damage_taken":7,"max_hp_gain":0,"max_hp_loss":0,"event_name":"Golden Wing","floor":5,"gold_loss":0},{"damage_healed":0,"gold_gain":0,"player_choice":"Ignored","damage_taken":0,"max_hp_gain":0,"max_hp_loss":0,"event_name":"Shining Light","floor":10,"gold_loss":0}],"is_beta":false,"boss_relics":[],"items_purged_floors":[],"is_endless":false,"potions_floor_spawned":[8],"killed_by":"Large Slime","ascension_level":18}