{"gold_per_floor":[113,113,129,139,218,218,243,243,243,274,274,274,60,77,77,181,181,200,200,220,42,53,53],"floor_reached":23,"playtime":1441,"items_purged":["Strike_R","Strike_R"],"score":239,"play_id":"a801c284-ba72-4cba-91d6-c512692c33f5","local_time":"20180629090645","is_ascension_mode":true,"campfire_choices":[{"data":"Bash","floor":6,"key":"SMITH"},{"floor":8,"key":"REST"},{"data":"Feed","floor":12,"key":"SMITH"},{"floor":15,"key":"REST"}],"neow_cost":"CURSE","seed_source_timestamp":393223816828429,"circlet_count":0,"master_deck":["Strike_R","Strike_R","Strike_R","Defend_R","Defend_R","Defend_R","Defend_R","Bash+1","Doubt","Pommel Strike","Bash","Swift Strike","Pommel Strike","Clash","Feed+1","Clothesline","Bludgeon","Flex","Blood for Blood","Impervious","Bludgeon","Metallicize"],"relics":["Burning Blood","Incense Burner","Blue Candle","Bottled Lightning","Bag of Marbles","Prayer Wheel","Eternal Feather"],"potions_floor_usage":[10,16,22],"damage_taken":[{"damage":6,"enemies":"Cultist","floor":1,"turns":4},{"damage":0,"enemies":"2 Louse","floor":3,"turns":3},{"damage":15,"enemies":"Small Slimes","floor":4,"turns":3},{"damage":29,"enemies":"Gremlin Nob","floor":7,"turns":4},{"damage":33,"enemies":"3 Sentries","floor":10,"turns":7},{"damage":11,"enemies":"Exordium Thugs","floor":14,"turns":6},{"damage":47,"enemies":"Slime Boss","floor":16,"turns":11},{"damage":24,"enemies":"2 Thieves","floor":18,"turns":3},{"damage":39,"enemies":"Shell Parasite","floor":20,"turns":4},{"damage":32,"enemies":"Centurion and Healer","floor":22,"turns":7},{"damage":7,"enemies":"Gremlin Leader","floor":23,"turns":4}],"seed_played":"4360132613448222542","potions_obtained":[{"floor":1,"key":"LiquidBronze"},{"floor":7,"key":"BloodPotion"},{"floor":16,"key":"FearPotion"},{"floor":18,"key":"SteroidPotion"},{"floor":20,"key":"Explosive Potion"}],"is_trial":false,"path_per_floor":["M","?","M","M","?","R","E","R","T","E","T","R","$","M","R","B",null,"M","?","M","$","M"],"character_chosen":"IRONCLAD","items_purchased":["Bludgeon","Metallicize"],"campfire_rested":2,"item_purchase_floors":[13,21],"current_hp_per_floor":[80,80,80,71,71,71,48,72,72,53,53,53,53,48,72,35,84,66,66,33,33,7,0],"gold":53,"neow_bonus":"ONE_RARE_RELIC","is_prod":false,"is_daily":false,"chose_seed":false,"campfire_upgraded":2,"win_rate":0,"timestamp":1530277605,"path_taken":["M","?","M","M","?","R","E","R","T","E","?","R","$","?","R","BOSS","M","?","?","$","M","E"],"build_version":"2018-06-28","purchased_purges":2,"victory":false,"max_hp_per_floor":[80,80,80,80,80,80,80,80,80,80,80,80,80,80,80,84,84,84,84,84,84,84,84],"card_choices":[{"not_picked":["Havoc","Shockwave"],"picked":"Pommel Strike","floor":1},{"not_picked":["Warcry","Headbutt"],"picked":"Pommel Strike","floor":3},{"not_picked":["Heavy Blade","Body Slam"],"picked":"Clash","floor":4},{"not_picked":["Clothesline","Uppercut"],"picked":"Feed","floor":7},{"not_picked":["Havoc","Fire Breathing"],"picked":"Clothesline","floor":10},{"not_picked":["Havoc","Dark Embrace"],"picked":"Flex","floor":14},{"not_picked":["Armaments","Feel No Pain"],"picked":"Blood for Blood","floor":14},{"not_picked":["Immolate","Offering"],"picked":"Impervious","floor":16},{"not_picked":["Wild Strike","Iron Wave"],"picked":"Bludgeon","floor":18},{"not_picked":["Havoc","Pummel","Clothesline"],"picked":"SKIP","floor":18},{"not_picked":["Intimidate","Twin Strike","Havoc"],"picked":"SKIP","floor":20},{"not_picked":["True Grit","Hemokinesis","Anger"],"picked":"SKIP","floor":20},{"not_picked":["Ghostly Armor","Iron Wave","Searing Blow"],"picked":"SKIP","floor":22},{"not_picked":["Intimidate","Havoc","Heavy Blade+1"],"picked":"SKIP","floor":22}],"player_experience":842722,"relics_obtained":[{"floor":7,"key":"Blue Candle"},{"floor":9,"key":"Bottled Lightning"},{"floor":10,"key":"Bag of Marbles"},{"floor":11,"key":"Prayer Wheel"}],"event_choices":[{"event_name":"Match and Keep!","player_choice":"2 cards matched","floor":2,"damage_taken":0},{"event_name":"Golden Wing","player_choice":"Gained Gold","floor":5,"damage_taken":0},{"event_name":"Drug Dealer","player_choice":"Ignored","floor":19,"damage_taken":0}],"boss_relics":[{"not_picked":["Pandora\u0027s Box","Busted Crown"],"picked":"Eternal Feather"}],"items_purged_floors":[13,21],"is_endless":false,"potions_floor_spawned":[1,7,16,18,20],"killed_by":"Gremlin Leader","ascension_level":4}