{"gold_per_floor":[113,133,145,110,25,25,25,25,25,65,65,65,89,112,112,206,206,221,245,195,195],"floor_reached":21,"playtime":755,"items_purged":[],"score":358,"play_id":"51896c52-eac4-4042-9c17-bf4afeff2ba4","local_time":"20190211135327","is_ascension_mode":true,"campfire_choices":[{"data":"Defragment","floor":6,"key":"SMITH"},{"data":"Zap","floor":8,"key":"SMITH"},{"data":"Storm","floor":12,"key":"SMITH"},{"floor":15,"key":"REST"}],"neow_cost":"NONE","seed_source_timestamp":689800886217761,"circlet_count":0,"master_deck":["AscendersBane","Strike_B","Strike_B","Strike_B+1","Strike_B+1","Defend_B","Defend_B","Defend_B","Defend_B","Zap+1","Dualcast","Electrodynamics","Lockon","Storm+1","Redo","Defragment+1","Injury","Defragment+1","Consume","Stack","Creative AI","Defragment","Cold Snap","Go for the Eyes+1","Hello World","Sweeping Beam","Storm+1","Storm"],"relics":["Cracked Core","Golden Idol","Emotion Chip","Whetstone","Orrery"],"potions_floor_usage":[10],"damage_taken":[{"damage":2,"enemies":"Jaw Worm","floor":1,"turns":3},{"damage":4,"enemies":"Small Slimes","floor":2,"turns":3},{"damage":1,"enemies":"2 Louse","floor":3,"turns":3},{"damage":26,"enemies":"3 Sentries","floor":10,"turns":3},{"damage":31,"enemies":"Exordium Thugs","floor":13,"turns":4},{"damage":13,"enemies":"Large Slime","floor":14,"turns":2},{"damage":14,"enemies":"Hexaghost","floor":16,"turns":6},{"damage":12,"enemies":"3 Byrds","floor":18,"turns":2},{"damage":38,"enemies":"2 Thieves","floor":19,"turns":3},{"damage":14,"enemies":"Centurion and Healer","floor":21,"turns":1}],"seed_played":"-7158565898856651407","potions_obtained":[{"floor":3,"key":"Explosive Potion"}],"is_trial":false,"path_per_floor":["M","M","M","?","$","R","?","R","T","E","?","R","M","M","R","B",null,"M","M","?","M"],"character_chosen":"DEFECT","items_purchased":["Defragment"],"campfire_rested":1,"item_purchase_floors":[5],"current_hp_per_floor":[62,58,57,71,71,71,71,71,71,45,45,45,14,1,22,8,55,43,5,5,0],"gold":195,"neow_bonus":"ONE_RANDOM_RARE_CARD","is_prod":false,"is_daily":false,"chose_seed":false,"campfire_upgraded":3,"win_rate":0,"timestamp":1549911207,"path_taken":["M","M","M","?","$","R","?","R","T","E","?","R","M","?","R","BOSS","M","M","?","M"],"build_version":"2019-01-23","purchased_purges":0,"victory":false,"max_hp_per_floor":[71,71,71,71,71,71,71,71,71,71,71,71,71,71,71,71,71,71,71,71,71],"card_choices":[{"not_picked":["Gash","Compile Driver"],"picked":"Lockon","floor":1},{"not_picked":["Go for the Eyes","Redo"],"picked":"Storm","floor":2},{"not_picked":["Compile Driver","Meteor Strike"],"picked":"Redo","floor":3},{"not_picked":["Go for the Eyes","Stack"],"picked":"Defragment","floor":10},{"not_picked":["Hologram","Turbo"],"picked":"Consume","floor":13},{"not_picked":["Compile Driver","Turbo"],"picked":"Stack","floor":14},{"not_picked":["Hyperbeam","Multi-Cast"],"picked":"Creative AI","floor":16},{"not_picked":["Streamline","Aggregate"],"picked":"Defragment","floor":17},{"not_picked":["Gash","Skim"],"picked":"Cold Snap","floor":17},{"not_picked":["Beam Cell","Tempest"],"picked":"Go for the Eyes","floor":17},{"not_picked":["Compile Driver","Go for the Eyes"],"picked":"Hello World","floor":17},{"not_picked":["Hologram","Ball Lightning"],"picked":"Sweeping Beam","floor":17},{"not_picked":["Chaos","Go for the Eyes"],"picked":"Storm+1","floor":18},{"not_picked":["Tempest","Ball Lightning+1"],"picked":"Storm","floor":19}],"player_experience":2395165,"relics_obtained":[{"floor":9,"key":"Emotion Chip"},{"floor":10,"key":"Whetstone"}],"event_choices":[{"damage_healed":17,"gold_gain":0,"player_choice":"Healed","damage_taken":0,"max_hp_gain":0,"max_hp_loss":0,"event_name":"The Cleric","floor":4,"gold_loss":35},{"damage_healed":0,"gold_gain":0,"player_choice":"Take Wound","damage_taken":0,"relics_obtained":["Golden Idol"],"max_hp_gain":0,"max_hp_loss":0,"event_name":"Golden Idol","floor":7,"gold_loss":0,"cards_obtained":["Injury"]},{"damage_healed":0,"gold_gain":0,"player_choice":"Ignored","damage_taken":0,"max_hp_gain":0,"max_hp_loss":0,"event_name":"Liars Game","floor":11,"gold_loss":0},{"damage_healed":0,"gold_gain":0,"player_choice":"Upgraded Two","damage_taken":0,"max_hp_gain":0,"max_hp_loss":0,"event_name":"Designer","floor":20,"gold_loss":50,"cards_upgraded":["Defragment","Go for the Eyes"]}],"is_beta":false,"boss_relics":[{"not_picked":["Ectoplasm","Black Star"],"picked":"Orrery"}],"items_purged_floors":[],"is_endless":false,"potions_floor_spawned":[3],"killed_by":"Centurion and Healer","ascension_level":20}