{"gold_per_floor":[116,132,132,151,12,12,32,45,72,72,92,111,111,111],"floor_reached":14,"playtime":448,"items_purged":[],"score":113,"play_id":"abc65044-50b9-4acf-bc42-0a573fc44124","local_time":"20180629142547","is_ascension_mode":true,"campfire_choices":[{"data":"Storm","floor":6,"key":"SMITH"},{"data":"Zap","floor":10,"key":"SMITH"}],"neow_cost":"NONE","seed_source_timestamp":413358930309122,"circlet_count":0,"master_deck":["Strike_B","Strike_B","Defend_B","Defend_B","Defend_B","Defend_B","Zap+1","Dualcast","Sweeping Beam","Chill","Darkness","Storm+1","Redo","Leap","Loop","Reinforced Body","Coolheaded","Coolheaded"],"relics":["Cracked Core","NeowsBlessing","Bag of Preparation"],"potions_floor_usage":[],"damage_taken":[{"damage":0,"enemies":"Small Slimes","floor":1,"turns":1},{"damage":0,"enemies":"Jaw Worm","floor":2,"turns":1},{"damage":0,"enemies":"Cultist","floor":4,"turns":1},{"damage":0,"enemies":"3 Louse","floor":7,"turns":4},{"damage":3,"enemies":"Exordium Wildlife","floor":8,"turns":4},{"damage":0,"enemies":"Lots of Slimes","floor":11,"turns":3},{"damage":7,"enemies":"Blue Slaver","floor":12,"turns":3},{"damage":77,"enemies":"Gremlin Nob","floor":14,"turns":4}],"seed_played":"275644722782855251","potions_obtained":[{"floor":1,"key":"EssenceOfSteel"},{"floor":8,"key":"SkillPotion"},{"floor":12,"key":"Block Potion"}],"is_trial":false,"path_per_floor":["M","M","?","M","$","R","M","M","T","R","M","M","?"],"character_chosen":"DEFECT","items_purchased":["Storm","Redo","Leap"],"campfire_rested":0,"item_purchase_floors":[5,5,5],"current_hp_per_floor":[68,68,68,68,68,68,68,65,65,65,65,58,51,0],"gold":111,"neow_bonus":"THREE_ENEMY_KILL","is_prod":false,"is_daily":false,"chose_seed":false,"campfire_upgraded":2,"win_rate":0,"timestamp":1530296747,"path_taken":["M","M","?","M","$","R","M","M","T","R","M","M","?","?"],"build_version":"2018-06-28","purchased_purges":0,"victory":false,"max_hp_per_floor":[75,75,75,75,75,75,75,75,75,75,75,75,75,75],"card_choices":[{"not_picked":["Steam Power","Turbo"],"picked":"Sweeping Beam","floor":1},{"not_picked":["Hologram","Barrage"],"picked":"Chill","floor":2},{"not_picked":["Beam Cell","Skim","Turbo"],"picked":"SKIP","floor":4},{"not_picked":["Stack","Meteor Strike"],"picked":"Loop","floor":7},{"not_picked":["Steam Power","Ball Lightning"],"picked":"Reinforced Body","floor":8},{"not_picked":["Steam","Stack"],"picked":"Coolheaded","floor":11},{"not_picked":["Go for the Eyes","Sunder"],"picked":"Coolheaded","floor":12}],"player_experience":861268,"relics_obtained":[{"floor":9,"key":"Bag of Preparation"}],"event_choices":[{"event_name":"Living Wall","player_choice":"Change","floor":3,"damage_taken":0},{"event_name":"Golden Wing","player_choice":"Card Removal","floor":13,"damage_taken":0},{"event_name":"Dead Adventurer","player_choice":"Searched \u00271\u0027 times","floor":14,"damage_taken":0}],"boss_relics":[],"items_purged_floors":[],"is_endless":false,"potions_floor_spawned":[1,8,12,14],"killed_by":"Gremlin Nob","ascension_level":7}