{"path_per_floor":["M","M","?","?","$","E","R","M","T","?","M","$","M","?","R","B",null,"M","M","M"],"character_chosen":"THE_SILENT","items_purchased":["PiercingWail","Noxious Fumes","Catalyst"],"gold_per_floor":[112,124,199,199,70,98,98,116,192,192,207,58,81,81,81,206,206,221,234,252,252],"floor_reached":21,"campfire_rested":2,"playtime":1482,"item_purchase_floors":[5,12,12],"current_hp_per_floor":[70,61,50,50,50,41,62,62,62,45,42,42,39,25,46,46,70,70,67,66,0],"items_purged":["Strike_G"],"gold":252,"score":243,"play_id":"20790cbb-f6cb-44fc-b8da-c7f3ea84da18","local_time":"20180609223306","is_prod":false,"is_daily":false,"chose_seed":false,"is_ascension_mode":true,"campfire_upgraded":0,"win_rate":0,"timestamp":1528597986,"campfire_choices":[{"floor":7,"key":"REST"},{"floor":15,"key":"REST"}],"path_taken":["M","M","?","?","$","E","R","M","T","?","?","?","M","?","R","BOSS","M","M","?","M"],"build_version":"2018-06-07v3","seed_source_timestamp":270868206170056,"purchased_purges":1,"victory":false,"master_deck":["Defend_G","Defend_G","Defend_G","Defend_G","Defend_G","Strike_G","Strike_G","Strike_G","Survivor","Neutralize","Doppelganger","Dagger Spray","Deadly Poison+1","Prepared","PiercingWail+1","After Image","Bouncing Flask","PiercingWail","Noxious Fumes","Catalyst","Blur","Burst","Dodge and Roll+1","Malaise"],"max_hp_per_floor":[70,70,70,70,70,70,70,70,70,70,70,70,70,70,70,70,70,70,70,70,70],"relics":["Ring of the Snake","Happy Flower","Matryoshka","Golden Idol","Eternal Feather"],"card_choices":[{"not_picked":["Concentrate","Dagger Throw"],"picked":"Dagger Spray","floor":1},{"not_picked":["Dagger Throw","Underhanded Strike"],"picked":"Deadly Poison","floor":2},{"not_picked":["Dagger Spray","Accuracy"],"picked":"After Image","floor":6},{"not_picked":["Backflip","Predator"],"picked":"Bouncing Flask","floor":8},{"not_picked":["Bane","Dodge and Roll"],"picked":"PiercingWail","floor":11},{"not_picked":["Skewer","Dagger Spray"],"picked":"Blur","floor":13},{"not_picked":["Doppelganger","Night Terror"],"picked":"Burst","floor":16},{"not_picked":["Outmaneuver+1","Dagger Spray"],"picked":"Dodge and Roll+1","floor":18},{"not_picked":["Finisher","Choke"],"picked":"Malaise","floor":19},{"not_picked":["Slice","Flechettes+1","Flying Knee"],"picked":"SKIP","floor":20}],"player_experience":448935,"potions_floor_usage":[16,16,20,20],"damage_taken":[{"damage":0,"enemies":"2 Louse","floor":1,"turns":4},{"damage":9,"enemies":"Jaw Worm","floor":2,"turns":5},{"damage":9,"enemies":"3 Sentries","floor":6,"turns":11},{"damage":0,"enemies":"Small Slimes","floor":8,"turns":2},{"damage":3,"enemies":"2 Fungi Beasts","floor":11,"turns":3},{"damage":3,"enemies":"Blue Slaver","floor":13,"turns":3},{"damage":0,"enemies":"The Guardian","floor":16,"turns":8},{"damage":0,"enemies":"3 Byrds","floor":18,"turns":6},{"damage":3,"enemies":"Spheric Guardian","floor":19,"turns":5},{"damage":1,"enemies":"Snake Plant","floor":20,"turns":6},{"damage":67,"enemies":"3 Cultists","floor":21,"turns":8}],"relics_obtained":[{"floor":6,"key":"Happy Flower"},{"floor":9,"key":"Matryoshka"}],"event_choices":[{"event_name":"World of Goop","player_choice":"Gather Gold","floor":3,"damage_taken":0},{"event_name":"Living Wall","player_choice":"Change","floor":4,"damage_taken":0},{"event_name":"Golden Idol","player_choice":"Take Damage","floor":10,"damage_taken":0},{"event_name":"Shining Light","player_choice":"Entered Light","floor":14,"damage_taken":0}],"boss_relics":[{"not_picked":["Pandora\u0027s Box","Orrery"],"picked":"Eternal Feather"}],"items_purged_floors":[5],"potions_floor_spawned":[2,8,11,18,19],"seed_played":"7388049405795911949","killed_by":"3 Cultists","ascension_level":1,"potions_obtained":[{"floor":2,"key":"AttackPotion"},{"floor":8,"key":"Dexterity Potion"},{"floor":11,"key":"SteroidPotion"},{"floor":18,"key":"Fire Potion"},{"floor":19,"key":"Strength Potion"}],"is_trial":false}