{"path_per_floor":["M","?","M","?","$","E","M","R","T","?","R","?","$","M","R","B",null,"M","M","M","M","M","R","M","$","T","$","?","M","R","M","R","B",null,"M","?","?","?","M","E","R","M","T","$","R","M","$","M","R","B"],"character_chosen":"THE_SILENT","items_purchased":["Infinite Blades","Backstab","A Thousand Cuts+1","Cloak And Dagger","Accuracy+1","Thread and Needle","Bronze Scales","Dodge and Roll","Dash"],"gold_per_floor":[110,110,130,130,17,52,67,67,67,67,67,97,22,41,41,141,141,154,167,177,196,210,210,224,34,80,80,80,95,95,105,105,206,206,223,223,568,668,681,707,707,724,724,37,37,57,19,38,38,38],"floor_reached":51,"campfire_rested":4,"playtime":3829,"item_purchase_floors":[5,5,25,25,44,44,44,44,47],"current_hp_per_floor":[67,67,67,67,67,53,55,55,55,48,69,69,69,56,56,60,70,62,63,57,52,58,58,40,40,40,40,40,25,46,47,68,23,70,57,57,40,40,42,28,49,55,55,55,55,66,66,60,60,33],"items_purged":["Strike_G","Defend_G"],"gold":38,"score":806,"play_id":"7305a59e-3c42-488d-9913-44048586350e","local_time":"20180617162135","is_prod":false,"is_daily":false,"chose_seed":false,"is_ascension_mode":true,"campfire_upgraded":5,"win_rate":0,"timestamp":1529266895,"campfire_choices":[{"data":"Infinite Blades","floor":8,"key":"SMITH"},{"floor":11,"key":"REST"},{"data":"Backstab","floor":15,"key":"SMITH"},{"data":"Dodge and Roll","floor":23,"key":"SMITH"},{"floor":30,"key":"REST"},{"floor":32,"key":"REST"},{"floor":41,"key":"REST"},{"data":"Dodge and Roll","floor":45,"key":"SMITH"},{"data":"Cloak And Dagger","floor":49,"key":"SMITH"}],"path_taken":["M","?","?","?","$","E","?","R","T","?","R","?","?","M","R","BOSS","M","M","M","M","M","R","M","$","T","$","?","?","R","?","R","BOSS","M","?","?","?","M","E","R","M","T","$","R","M","$","M","R","BOSS"],"build_version":"2018-06-14v2","seed_source_timestamp":302362575042556,"purchased_purges":2,"victory":true,"master_deck":["Defend_G","Defend_G","Strike_G","Strike_G","Strike_G","Survivor","Neutralize","Blade Dance+1","Quick Slash","Infinite Blades+1","Backstab+1","Slice","Escape Plan","Infinite Blades+1","After Image+1","Dodge and Roll+1","Quick Slash","Infinite Blades+1","Backflip","A Thousand Cuts+1","Cloak And Dagger+1","Night Terror","Caltrops+1","Accuracy+1","Dodge and Roll+1","Dash","Caltrops+1"],"max_hp_per_floor":[70,70,70,70,70,70,70,70,70,70,70,70,70,70,70,70,70,70,70,70,70,70,70,70,70,70,70,70,70,70,70,70,70,70,70,70,70,70,70,70,70,70,70,70,70,70,70,70,70,70],"relics":["Ring of the Snake","Bird Faced Urn","Frozen Egg 2","Busted Crown","Bag of Preparation","Sozu","Old Coin","Tough Bandages","Centennial Puzzle","Thread and Needle","Bronze Scales"],"card_choices":[{"not_picked":["Catalyst","Prepared"],"picked":"Blade Dance","floor":1},{"not_picked":["Outmaneuver","Deadly Poison"],"picked":"Quick Slash","floor":3},{"not_picked":["Bane","Calculated Gamble"],"picked":"Slice","floor":6},{"not_picked":["Prepared","PiercingWail"],"picked":"Escape Plan","floor":7},{"not_picked":["Calculated Gamble","Eviscerate"],"picked":"Infinite Blades+1","floor":14},{"not_picked":["Burst","Corpse Explosion"],"picked":"After Image+1","floor":16},{"not_picked":["Poisoned Stab"],"picked":"SKIP","floor":18},{"not_picked":[],"picked":"Dodge and Roll","floor":19},{"not_picked":["Dagger Throw"],"picked":"SKIP","floor":20},{"not_picked":[],"picked":"Quick Slash","floor":21},{"not_picked":[],"picked":"Infinite Blades+1","floor":22},{"not_picked":[],"picked":"Backflip","floor":24},{"not_picked":["Catalyst"],"picked":"SKIP","floor":29},{"not_picked":["Acrobatics"],"picked":"SKIP","floor":31},{"not_picked":[],"picked":"Night Terror","floor":33},{"not_picked":["Dagger Spray+1"],"picked":"SKIP","floor":35},{"not_picked":["Dagger Throw+1"],"picked":"SKIP","floor":39},{"not_picked":[],"picked":"Caltrops+1","floor":40},{"not_picked":["Acrobatics+1"],"picked":"SKIP","floor":42},{"not_picked":["Endless Agony"],"picked":"SKIP","floor":46},{"not_picked":[],"picked":"Caltrops+1","floor":48}],"player_experience":617753,"potions_floor_usage":[16,16,21,29,37,50],"damage_taken":[{"damage":3,"enemies":"Jaw Worm","floor":1,"turns":4},{"damage":0,"enemies":"Cultist","floor":3,"turns":3},{"damage":14,"enemies":"3 Sentries","floor":6,"turns":7},{"damage":0,"enemies":"Small Slimes","floor":7,"turns":3},{"damage":14,"enemies":"Exordium Thugs","floor":14,"turns":3},{"damage":0,"enemies":"Slime Boss","floor":16,"turns":5},{"damage":8,"enemies":"Shell Parasite","floor":18,"turns":5},{"damage":5,"enemies":"Spheric Guardian","floor":19,"turns":4},{"damage":12,"enemies":"Centurion and Healer","floor":20,"turns":8},{"damage":26,"enemies":"Snake Plant","floor":21,"turns":7},{"damage":0,"enemies":"3 Cultists","floor":22,"turns":6},{"damage":26,"enemies":"Slaver and Parasite","floor":24,"turns":7},{"damage":25,"enemies":"Snake Plant","floor":29,"turns":5},{"damage":5,"enemies":"Centurion and Healer","floor":31,"turns":5},{"damage":51,"enemies":"Automaton","floor":33,"turns":10},{"damage":15,"enemies":"3 Darklings","floor":35,"turns":4},{"damage":27,"floor":37,"turns":7},{"damage":8,"enemies":"3 Shapes","floor":39,"turns":4},{"damage":24,"enemies":"Nemesis","floor":40,"turns":7},{"damage":6,"enemies":"Maw","floor":42,"turns":7},{"damage":1,"enemies":"4 Shapes","floor":46,"turns":3},{"damage":14,"enemies":"Sphere and 2 Shapes","floor":48,"turns":3},{"damage":43,"enemies":"Awakened One","floor":50,"turns":11}],"relics_obtained":[{"floor":6,"key":"Bird Faced Urn"},{"floor":9,"key":"Frozen Egg 2"},{"floor":26,"key":"Bag of Preparation"},{"floor":37,"key":"Old Coin"},{"floor":40,"key":"Tough Bandages"},{"floor":43,"key":"Centennial Puzzle"}],"event_choices":[{"event_name":"Upgrade Shrine","player_choice":"Upgraded","floor":2,"damage_taken":0},{"event_name":"Liars Game","player_choice":"disagreed","floor":4,"damage_taken":0},{"event_name":"Golden Wing","player_choice":"Card Removal","floor":10,"damage_taken":0},{"event_name":"Dead Adventurer","player_choice":"Searched \u00271\u0027 times","floor":12,"damage_taken":0},{"event_name":"The Mausoleum","player_choice":"No","floor":28,"damage_taken":0},{"event_name":"Falling","player_choice":"Removed Skill","floor":36,"damage_taken":0},{"event_name":"Mysterious Sphere","player_choice":"Fight","floor":37,"damage_taken":0},{"event_name":"Golden Shrine","player_choice":"Pray","floor":38,"damage_taken":0}],"boss_relics":[{"not_picked":["Calling Bell","Black Star"],"picked":"Busted Crown"},{"not_picked":["Cursed Key","Coffee Dripper"],"picked":"Sozu"}],"items_purged_floors":[13,44],"is_endless":false,"potions_floor_spawned":[1,3,14,18,29,33,40,42,46],"seed_played":"-1790137452770481060","ascension_level":3,"potions_obtained":[{"floor":1,"key":"SteroidPotion"},{"floor":3,"key":"Energy Potion"},{"floor":14,"key":"FearPotion"},{"floor":18,"key":"Regen Potion"},{"floor":29,"key":"FearPotion"},{"floor":33,"key":"Weak Potion"}],"is_trial":false}