{"gold_per_floor":[116,72,72,82,102,102,114,134,185,212,225,225,48,48,48,151,151,166,166,184,134,145,145,177,177,177,177,208,221,221,246,246,246],"floor_reached":33,"playtime":1193,"items_purged":[],"score":434,"play_id":"43a0e6f2-6acf-461a-8da9-79768ca5a0d0","local_time":"20190109215154","is_ascension_mode":true,"campfire_choices":[{"data":"Bash","floor":6.0,"key":"SMITH"},{"data":"Flex","floor":12.0,"key":"SMITH"},{"data":"Apotheosis","floor":15.0,"key":"SMITH"},{"floor":23.0,"key":"REST"},{"data":"Heavy Blade","floor":25.0,"key":"SMITH"},{"floor":27.0,"key":"REST"},{"floor":32,"key":"REST"}],"neow_cost":"NONE","seed_source_timestamp":420825080244306,"circlet_count":0,"master_deck":["Strike_R","Strike_R","Strike_R","Strike_R","Strike_R","Defend_R","Defend_R","Defend_R","Defend_R","Bash+1","Clothesline","Ghostly Armor","Twin Strike","Cleave","Flex+1","Apotheosis+1","Double Tap","Iron Wave+1","Heavy Blade+1","Whirlwind","Bludgeon","Body Slam"],"special_seed":0,"relics":["Velvet Choker","PreservedInsect","Dodecahedron","Sozu","Ancient Tea Set","Turnip","Red Mask","Bird Faced Urn"],"potions_floor_usage":[],"damage_taken":[{"damage":2.0,"enemies":"Jaw Worm","floor":1.0,"turns":3.0},{"damage":3.0,"enemies":"2 Louse","floor":4.0,"turns":2.0},{"damage":0.0,"enemies":"Small Slimes","floor":5.0,"turns":3.0},{"damage":0.0,"enemies":"2 Fungi Beasts","floor":7.0,"turns":4.0},{"damage":5.0,"enemies":"Gremlin Gang","floor":8.0,"turns":3.0},{"damage":12.0,"enemies":"Gremlin Nob","floor":10.0,"turns":3.0},{"damage":8.0,"enemies":"Blue Slaver","floor":11.0,"turns":2.0},{"damage":16.0,"enemies":"The Guardian","floor":16.0,"turns":10.0},{"damage":28.0,"enemies":"Spheric Guardian","floor":18.0,"turns":4.0},{"damage":11.0,"enemies":"Colosseum Slavers","floor":19.0,"turns":4.0},{"damage":0.0,"enemies":"3 Byrds","floor":20.0,"turns":5.0},{"damage":4.0,"enemies":"Cultist and Chosen","floor":22.0,"turns":4.0},{"damage":0.0,"enemies":"Gremlin Leader","floor":24.0,"turns":4.0},{"damage":20.0,"enemies":"Masked Bandits","floor":28.0,"turns":4.0},{"damage":19.0,"enemies":"3 Cultists","floor":29.0,"turns":5.0},{"damage":19,"enemies":"Book of Stabbing","floor":31,"turns":3},{"damage":59,"enemies":"Champ","floor":33,"turns":8}],"seed_played":"-2907776778802283083","potions_obtained":[{"floor":4.0,"key":"Explosive Potion"},{"floor":7.0,"key":"Regen Potion"},{"floor":11.0,"key":"Ancient Potion"}],"is_trial":false,"path_per_floor":["M","?","?","M","M","R","M","M","T","E","M","R","$","?","R","B",null,"M","?","M","?","M","R","E","R","T","R","?","M","?","E","R","B"],"character_chosen":"IRONCLAD","items_purchased":["Apotheosis"],"campfire_rested":3,"item_purchase_floors":[13],"current_hp_per_floor":[70,70,75,72,72,72,72,67,67,55,47,47,47,47,47,31,72,44,33,33,33,29,54,54,54,54,79,59,40,40,21,46,0],"gold":246,"neow_bonus":"BOSS_RELIC","is_prod":false,"is_daily":false,"chose_seed":false,"campfire_upgraded":4,"win_rate":0,"timestamp":1547038314,"path_taken":["M","?","?","M","M","R","M","M","T","E","M","R","$","?","R","BOSS","M","?","M","?","?","R","E","R","T","R","?","M","?","E","R","BOSS"],"build_version":"2019-01-03v4","purchased_purges":0,"victory":false,"max_hp_per_floor":[80,80,85,85,85,85,85,85,85,85,85,85,85,85,85,85,85,85,85,85,85,85,85,85,85,85,85,85,85,85,85,85,85],"card_choices":[{"not_picked":["Clash","Headbutt"],"picked":"Clothesline","floor":1.0},{"not_picked":["Headbutt","Clothesline","Rage"],"picked":"SKIP","floor":4.0},{"not_picked":["Thunderclap","Sword Boomerang"],"picked":"Ghostly Armor","floor":5.0},{"not_picked":["Combust","Warcry"],"picked":"Twin Strike","floor":7.0},{"not_picked":["Iron Wave","Fire Breathing"],"picked":"Cleave","floor":8.0},{"not_picked":["Wild Strike","Power Through","Dark Embrace"],"picked":"SKIP","floor":10.0},{"not_picked":["Ghostly Armor","Wild Strike"],"picked":"Flex","floor":11.0},{"not_picked":["Berserk","Offering"],"picked":"Double Tap","floor":16.0},{"not_picked":["Headbutt","Warcry"],"picked":"Iron Wave+1","floor":18.0},{"not_picked":["Iron Wave","Armaments"],"picked":"Heavy Blade","floor":20.0},{"not_picked":["Perfected Strike","Power Through","Headbutt"],"picked":"SKIP","floor":22.0},{"not_picked":["Evolve","Havoc","Warcry"],"picked":"SKIP","floor":24.0},{"not_picked":["Carnage+1","Wild Strike"],"picked":"Whirlwind","floor":28.0},{"not_picked":["Armaments","Evolve","Burning Pact"],"picked":"SKIP","floor":29.0},{"not_picked":["Havoc","Pummel"],"picked":"Body Slam","floor":31}],"player_experience":355674,"relics_obtained":[{"floor":9.0,"key":"PreservedInsect"},{"floor":10.0,"key":"Dodecahedron"},{"floor":24.0,"key":"Ancient Tea Set"},{"floor":26.0,"key":"Turnip"},{"floor":28.0,"key":"Red Mask"},{"floor":31,"key":"Bird Faced Urn"}],"event_choices":[{"damage_healed":0.0,"max_hp_gain":0.0,"max_hp_loss":0.0,"gold_gain":0.0,"event_name":"World of Goop","player_choice":"Left Gold","floor":2.0,"gold_loss":44.0,"damage_taken":0.0},{"damage_healed":0.0,"max_hp_gain":5.0,"max_hp_loss":0.0,"gold_gain":0.0,"event_name":"Big Fish","player_choice":"Donut","floor":3.0,"gold_loss":0.0,"damage_taken":0.0},{"damage_healed":0.0,"max_hp_gain":0.0,"max_hp_loss":0.0,"gold_gain":0.0,"event_name":"Liars Game","player_choice":"Ignored","floor":14.0,"gold_loss":0.0,"damage_taken":0.0},{"damage_healed":0.0,"max_hp_gain":0.0,"max_hp_loss":0.0,"gold_gain":0.0,"event_name":"Colosseum","player_choice":"Fight","floor":19.0,"gold_loss":0.0,"damage_taken":0.0},{"damage_healed":0.0,"max_hp_gain":0.0,"max_hp_loss":0.0,"gold_gain":0.0,"event_name":"Colosseum","player_choice":"Fled From Nobs","floor":19.0,"gold_loss":0.0,"damage_taken":0.0},{"damage_healed":0.0,"max_hp_gain":0.0,"max_hp_loss":0.0,"gold_gain":0.0,"event_name":"The Joust","player_choice":"Bet on Owner","floor":21.0,"gold_loss":50.0,"damage_taken":0.0},{"damage_healed":0.0,"max_hp_gain":0.0,"max_hp_loss":0.0,"gold_gain":0.0,"event_name":"Masked Bandits","player_choice":"Fought Bandits","floor":28.0,"gold_loss":0.0,"damage_taken":0.0},{"damage_healed":0,"gold_gain":0,"player_choice":"1 cards matched","damage_taken":0,"max_hp_gain":0,"max_hp_loss":0,"event_name":"Match and Keep!","floor":30,"gold_loss":0,"cards_obtained":["Bludgeon"]}],"is_beta":false,"boss_relics":[{"not_picked":["Busted Crown","Calling Bell"],"picked":"Sozu"}],"items_purged_floors":[],"is_endless":false,"potions_floor_spawned":[4,7,11,20,24,29],"killed_by":"Champ","ascension_level":8}