{"path_per_floor":["M","M","M","?","$","R","?","?","T","?","$","M","E","M","R","B",null,"M","$","M","?","M","M","M","M","T","R","?","M","E","?","R","B",null,"M","?","?","M","?","R","M","$","T","M","R","M","M","$","R"],"character_chosen":"THE_SILENT","items_purchased":["Boot","PiercingWail","Panache","Infinite Blades","Backstab","Flash of Steel","Footwork","Escape Plan","Slice+1","Whetstone","Panacea","Deflect","Dagger Throw+1"],"gold_per_floor":[109,128,140,215,43,43,43,43,122,297,28,43,74,90,90,192,192,211,5,16,16,33,51,66,86,86,86,86,98,127,153,153,248,248,265,265,487,499,554,554,571,21,47,60,60,71,84,9,9,9],"floor_reached":50,"campfire_rested":5,"playtime":4290,"item_purchase_floors":[5,5,11,19,19,19,42,42,42,42,42,48,48],"current_hp_per_floor":[70,70,70,59,59,59,59,56,56,56,56,49,34,30,51,54,70,69,69,58,58,30,26,8,8,8,29,29,27,35,37,58,13,70,65,65,65,69,66,66,70,70,70,46,67,69,52,52,70,0],"items_purged":["Strike_G","Strike_G"],"gold":9,"score":516,"play_id":"a4e70f50-0269-4ff1-aa5c-1c13b1107f11","local_time":"20180601090753","is_prod":false,"is_daily":false,"chose_seed":false,"is_ascension_mode":false,"campfire_upgraded":2,"win_rate":0.0,"timestamp":1527858473,"campfire_choices":[{"data":"A Thousand Cuts","floor":6,"key":"SMITH"},{"floor":15,"key":"REST"},{"floor":27,"key":"REST"},{"floor":32,"key":"REST"},{"data":"After Image","floor":40,"key":"SMITH"},{"floor":45,"key":"REST"},{"floor":49,"key":"REST"}],"path_taken":["M","M","M","?","$","R","?","?","T","?","$","M","E","?","R","BOSS","M","$","M","?","M","M","M","M","T","R","?","?","E","?","R","BOSS","M","?","?","M","?","R","M","$","T","M","R","M","M","?","R","BOSS"],"build_version":"2018-05-31","seed_source_timestamp":50314912771653,"purchased_purges":2,"victory":false,"master_deck":["Defend_G","Defend_G","Defend_G","Defend_G","Defend_G","Strike_G+1","Survivor","Neutralize","Blade Dance","Quick Slash","A Thousand Cuts+1","PiercingWail","Deflect","Doubt","Panache","Backstab","Dagger Spray","Quick Slash","Glass Knife","Prepared","Infinite Blades+1","Backstab","Flash of Steel","Cloak And Dagger","Accuracy","All Out Attack+1","Backstab","Acrobatics+1","After Image+1","Noxious Fumes","Dash+1","Die Die Die+1","Cloak And Dagger+1","A Thousand Cuts+1","Deflect+1","PiercingWail","Cloak And Dagger+1","Footwork","Escape Plan","Slice+1","Panacea","Deadly Poison+1","Envenom","Noxious Fumes","Deflect","Dagger Throw+1"],"max_hp_per_floor":[70,70,70,70,70,70,70,70,70,70,70,70,70,70,70,70,70,70,70,70,70,70,70,70,70,70,70,70,70,70,70,70,70,70,70,70,70,70,70,70,70,70,70,70,70,70,70,70,70,70],"relics":["Ring of the Snake","NeowsBlessing","Boot","Peace Pipe","Blue Candle","Bag of Preparation","Lizard Tail","Bird Faced Urn","Molten Egg 2","Red Mask","Sozu","Ice Cream","Whetstone","Vajra"],"card_choices":[{"not_picked":["PiercingWail","Eviscerate"],"picked":"Blade Dance","floor":1},{"not_picked":["Sucker Punch","Outmaneuver"],"picked":"Quick Slash","floor":2},{"not_picked":["Dagger Throw","Caltrops"],"picked":"A Thousand Cuts","floor":3},{"not_picked":["Blade Dance","Endless Agony"],"picked":"Backstab","floor":12},{"not_picked":["Dodge and Roll","Bane"],"picked":"Dagger Spray","floor":13},{"not_picked":["Riddle With Holes","Slice"],"picked":"Quick Slash","floor":14},{"not_picked":["Tactician","A Thousand Cuts"],"picked":"Glass Knife","floor":16},{"not_picked":["Quick Slash","Outmaneuver"],"picked":"Prepared","floor":18},{"not_picked":["Deadly Poison","Flying Knee"],"picked":"Cloak And Dagger","floor":20},{"not_picked":["Bane+1","Skewer"],"picked":"Accuracy","floor":22},{"not_picked":["Cloak And Dagger","Prepared"],"picked":"All Out Attack","floor":23},{"not_picked":["All Out Attack","Deadly Poison"],"picked":"Backstab","floor":24},{"not_picked":["Poisoned Stab+1","Outmaneuver"],"picked":"Acrobatics+1","floor":25},{"not_picked":["Cloak And Dagger","Flechettes"],"picked":"After Image","floor":29},{"not_picked":["Deflect+1","Dagger Spray+1"],"picked":"Noxious Fumes","floor":30},{"not_picked":["Predator+1","Well Laid Plans"],"picked":"Dash+1","floor":31},{"not_picked":["Venomology","Glass Knife+1"],"picked":"Die Die Die+1","floor":33},{"not_picked":["Acrobatics+1","Dodge and Roll+1"],"picked":"Cloak And Dagger+1","floor":35},{"not_picked":["Leg Sweep+1","Prepared+1"],"picked":"Deflect+1","floor":38},{"not_picked":["Masterful Stab+1","Accuracy+1"],"picked":"PiercingWail","floor":39},{"not_picked":["Infinite Blades","Dodge and Roll"],"picked":"Cloak And Dagger+1","floor":41},{"not_picked":["Outmaneuver","All Out Attack+1"],"picked":"Deadly Poison+1","floor":44},{"not_picked":["Predator+1","Deadly Poison"],"picked":"Envenom","floor":46},{"not_picked":["Sucker Punch+1","Dodge and Roll+1"],"picked":"Noxious Fumes","floor":47}],"player_experience":236583,"potions_floor_usage":[12,13,13,16,16,23,23,24,30],"damage_taken":[{"damage":0,"enemies":"2 Louse","floor":1,"turns":1},{"damage":0,"enemies":"Jaw Worm","floor":2,"turns":1},{"damage":0,"enemies":"Small Slimes","floor":3,"turns":1},{"damage":7,"enemies":"Looter","floor":12,"turns":2},{"damage":15,"enemies":"Gremlin Nob","floor":13,"turns":3},{"damage":4,"enemies":"3 Louse","floor":14,"turns":2},{"damage":12,"enemies":"The Guardian","floor":16,"turns":10},{"damage":1,"enemies":"3 Byrds","floor":18,"turns":4},{"damage":11,"enemies":"Spheric Guardian","floor":20,"turns":3},{"damage":28,"enemies":"Slaver and Parasite","floor":22,"turns":6},{"damage":4,"enemies":"Centurion and Healer","floor":23,"turns":4},{"damage":18,"enemies":"Snake Plant","floor":24,"turns":4},{"damage":0,"enemies":"Sentry and Sphere","floor":25,"turns":2},{"damage":8,"enemies":"Snecko","floor":29,"turns":3},{"damage":38,"enemies":"Book of Stabbing","floor":30,"turns":5},{"damage":8,"enemies":"Masked Bandits","floor":31,"turns":5},{"damage":55,"enemies":"Collector","floor":33,"turns":8},{"damage":9,"enemies":"Orb Walker","floor":35,"turns":3},{"damage":1,"enemies":"3 Darklings","floor":38,"turns":4},{"damage":12,"enemies":"Mysterious Sphere","floor":39,"turns":3},{"damage":4,"enemies":"4 Shapes","floor":41,"turns":6},{"damage":30,"enemies":"Maw","floor":44,"turns":7},{"damage":5,"enemies":"3 Darklings","floor":46,"turns":3},{"damage":18,"enemies":"4 Shapes","floor":47,"turns":5},{"damage":88,"enemies":"Awakened One","floor":50,"turns":7}],"relics_obtained":[{"floor":9,"key":"Blue Candle"},{"floor":13,"key":"Bag of Preparation"},{"floor":26,"key":"Bird Faced Urn"},{"floor":30,"key":"Molten Egg 2"},{"floor":31,"key":"Red Mask"},{"floor":39,"key":"Ice Cream"},{"floor":43,"key":"Vajra"}],"event_choices":[{"event_name":"World of Goop","player_choice":"Gather Gold","floor":4,"damage_taken":0},{"event_name":"Living Wall","player_choice":"Change","floor":7,"damage_taken":0},{"event_name":"Scrap Ooze","player_choice":"success","floor":8,"damage_taken":3},{"event_name":"Liars Game","player_choice":"agreed","floor":10,"damage_taken":0},{"event_name":"Wheel of Change","player_choice":"Card Removal","floor":21,"damage_taken":0},{"event_name":"Upgrade Shrine","player_choice":"Upgraded","floor":28,"damage_taken":0},{"event_name":"Masked Bandits","player_choice":"Fought over 127 gold","floor":31,"damage_taken":0},{"event_name":"Duplicator","player_choice":"One dupe","floor":36,"damage_taken":0},{"event_name":"Tomb of Lord Red Mask","player_choice":"Wore Mask","floor":37,"damage_taken":0},{"event_name":"Mysterious Sphere","player_choice":"Fight","floor":39,"damage_taken":0}],"boss_relics":[{"not_picked":["Pandora\u0027s Box","Philosopher\u0027s Stone"],"picked":"Lizard Tail"},{"not_picked":["Calling Bell","Velvet Choker"],"picked":"Sozu"}],"items_purged_floors":[11,42],"potions_floor_spawned":[3,12,14,18,22,23,25,31,35,38,46,47],"seed_played":"-5844722554817425815","killed_by":"Awakened One","ascension_level":0,"potions_obtained":[{"floor":3,"key":"EntropicBrew"},{"floor":14,"key":"Regen Potion"},{"floor":18,"key":"GhostInAJar"},{"floor":22,"key":"PowerPotion"},{"floor":23,"key":"Ancient Potion"},{"floor":25,"key":"Energy Potion"},{"floor":31,"key":"GamblersBrew"}],"is_trial":false}