{"gold_per_floor":[115,125,141,141,141,169,169,188,188,188,205,224,224,174,174,304,304,324,338,248,69,83,83,118,118,118,139,39,64,79,119,119,242,242,265,598,651,665,665,665],"floor_reached":40,"playtime":2883,"items_purged":["Strike_R","Defend_R"],"score":492,"play_id":"b12827ad-1d01-42d3-bbd1-36526cc1cedb","local_time":"20190210083223","is_ascension_mode":true,"campfire_choices":[{"data":"Anger","floor":7,"key":"SMITH"},{"floor":10,"key":"REST"},{"data":"Disarm","floor":15,"key":"SMITH"},{"data":"Metallicize","floor":23,"key":"SMITH"},{"floor":25,"key":"REST"},{"floor":32,"key":"REST"}],"neow_cost":"NONE","seed_source_timestamp":2790668241474782,"circlet_count":0,"master_deck":["Strike_R+1","Strike_R","Defend_R","Defend_R","Defend_R","Bash+1","Anger+1","Clothesline+1","Disarm+1","Metallicize+1","Inflame","Iron Wave","Metallicize+1","Iron Wave+1","True Grit","Immolate","Limit Break","Madness","Madness"],"relics":["Burning Blood","Pen Nib","Pantograph","Potion Belt","Black Star","Oddly Smooth Stone","Anchor","Darkstone Periapt","Frozen Egg 2","Bottled Lightning","Mark of Pain"],"potions_floor_usage":[6,16,19,22,24,31,31,38],"damage_taken":[{"damage":2,"enemies":"Jaw Worm","floor":1,"turns":3},{"damage":1,"enemies":"Cultist","floor":2,"turns":3},{"damage":0,"enemies":"Small Slimes","floor":3,"turns":3},{"damage":40,"enemies":"3 Sentries","floor":6,"turns":8},{"damage":6,"enemies":"3 Louse","floor":8,"turns":2},{"damage":24,"enemies":"Lots of Slimes","floor":11,"turns":5},{"damage":15,"enemies":"Large Slime","floor":12,"turns":5},{"damage":10,"enemies":"Hexaghost","floor":16,"turns":11},{"damage":41,"enemies":"3 Byrds","floor":18,"turns":8},{"damage":21,"enemies":"Shell Parasite","floor":19,"turns":6},{"damage":2,"enemies":"Cultist and Chosen","floor":22,"turns":8},{"damage":13,"enemies":"Book of Stabbing","floor":24,"turns":7},{"damage":29,"enemies":"Shelled Parasite and Fungi","floor":27,"turns":7},{"damage":4,"enemies":"Centurion and Healer","floor":29,"turns":6},{"damage":10,"enemies":"Snecko","floor":30,"turns":8},{"damage":33,"enemies":"Slavers","floor":31,"turns":9},{"damage":42,"enemies":"Champ","floor":33,"turns":13},{"damage":6,"enemies":"Orb Walker","floor":35,"turns":6},{"damage":5,"enemies":"3 Shapes","floor":38,"turns":7},{"damage":70,"enemies":"Giant Head","floor":40,"turns":7}],"seed_played":"-6481098430440440232","potions_obtained":[{"floor":2,"key":"Poison Potion"},{"floor":6,"key":"SteroidPotion"},{"floor":11,"key":"EssenceOfSteel"},{"floor":19,"key":"BloodPotion"},{"floor":22,"key":"SpeedPotion"},{"floor":27,"key":"Regen Potion"},{"floor":29,"key":"BloodPotion"},{"floor":35,"key":"AttackPotion"}],"is_trial":false,"path_per_floor":["M","M","M","?","?","E","R","M","T","R","M","M","?","?","R","B",null,"M","M","?","$","M","R","E","R","T","M","$","M","M","E","R","B",null,"M","?","T","M","?","E"],"character_chosen":"IRONCLAD","items_purchased":["Iron Wave","Metallicize"],"campfire_rested":3,"item_purchase_floors":[21,21],"current_hp_per_floor":[80,80,80,77,77,43,43,43,43,67,49,40,40,40,40,61,74,39,24,24,24,35,35,28,50,50,27,27,29,25,20,42,31,74,74,74,74,74,65,0],"gold":665,"neow_bonus":"UPGRADE_CARD","is_prod":false,"is_daily":false,"chose_seed":false,"campfire_upgraded":3,"win_rate":0,"timestamp":1549809143,"path_taken":["M","M","M","?","?","E","R","?","T","R","M","M","?","?","R","BOSS","M","M","?","$","M","R","E","R","T","?","?","M","M","E","R","BOSS","M","?","?","?","?","E"],"build_version":"2019-02-06","purchased_purges":2,"victory":false,"max_hp_per_floor":[80,80,80,80,80,80,80,80,80,80,80,80,74,74,74,74,74,74,74,74,74,74,74,74,74,74,74,74,74,74,74,74,74,74,74,74,74,74,74,74],"card_choices":[{"not_picked":["Thunderclap","Armaments"],"picked":"Anger","floor":1},{"not_picked":["Power Through","Armaments"],"picked":"Clothesline","floor":2},{"not_picked":["Clash","Heavy Blade","Thunderclap"],"picked":"SKIP","floor":3},{"not_picked":["Twin Strike","Cleave","Sword Boomerang"],"picked":"SKIP","floor":6},{"not_picked":["Corruption","Sever Soul"],"picked":"Disarm","floor":8},{"not_picked":["Armaments","Bludgeon","Wild Strike"],"picked":"SKIP","floor":11},{"not_picked":["Perfected Strike","Flex","Evolve"],"picked":"SKIP","floor":12},{"not_picked":["Flex","Anger+1"],"picked":"Metallicize+1","floor":18},{"not_picked":["Havoc+1","Iron Wave"],"picked":"Inflame","floor":19},{"not_picked":["Spot Weakness","Headbutt"],"picked":"Iron Wave+1","floor":22},{"not_picked":["Iron Wave","Rage"],"picked":"True Grit","floor":24},{"not_picked":["Headbutt","Clothesline","Twin Strike"],"picked":"SKIP","floor":27},{"not_picked":["Pummel+1","Rupture","Hemokinesis+1"],"picked":"SKIP","floor":29},{"not_picked":["Thunderclap+1","Uppercut","Cleave"],"picked":"SKIP","floor":30},{"not_picked":["Shockwave","Twin Strike","Seeing Red+1"],"picked":"SKIP","floor":31},{"not_picked":["Bludgeon","Dark Embrace+1"],"picked":"Immolate","floor":33},{"not_picked":["Twin Strike+1","Flex","Warcry"],"picked":"SKIP","floor":35},{"not_picked":["Intimidate+1","Wild Strike+1"],"picked":"Limit Break","floor":38}],"player_experience":96577,"relics_obtained":[{"floor":6,"key":"Pantograph"},{"floor":9,"key":"Potion Belt"},{"floor":24,"key":"Oddly Smooth Stone"},{"floor":24,"key":"Anchor"},{"floor":26,"key":"Darkstone Periapt"},{"floor":31,"key":"Frozen Egg 2"},{"floor":31,"key":"Bottled Lightning"}],"event_choices":[{"damage_healed":0,"gold_gain":0,"player_choice":"Success","damage_taken":3,"relics_obtained":["Pen Nib"],"max_hp_gain":0,"max_hp_loss":0,"event_name":"Scrap Ooze","floor":4,"gold_loss":0},{"damage_healed":0,"gold_gain":0,"player_choice":"Upgraded","damage_taken":0,"max_hp_gain":0,"max_hp_loss":0,"event_name":"Upgrade Shrine","floor":5,"gold_loss":0,"cards_upgraded":["Clothesline"]},{"damage_healed":0,"gold_gain":0,"player_choice":"Lose Max HP","damage_taken":0,"relics_obtained":["Golden Idol"],"max_hp_gain":0,"max_hp_loss":6,"event_name":"Golden Idol","floor":13,"gold_loss":0},{"cards_removed":["Strike_R"],"damage_healed":0,"gold_gain":0,"player_choice":"Card Removal","damage_taken":0,"max_hp_gain":0,"max_hp_loss":0,"event_name":"The Cleric","floor":14,"gold_loss":50},{"cards_removed":["Strike_R"],"damage_healed":0,"gold_gain":0,"player_choice":"Upgrade and Remove","damage_taken":0,"max_hp_gain":0,"max_hp_loss":0,"event_name":"Designer","floor":20,"gold_loss":90,"cards_upgraded":["Strike_R"]},{"damage_healed":0,"gold_gain":333,"player_choice":"Gave Idol","damage_taken":0,"max_hp_gain":0,"max_hp_loss":0,"event_name":"The Moai Head","floor":36,"relics_lost":["Golden Idol"],"gold_loss":0},{"damage_healed":0,"gold_gain":0,"player_choice":"Embrace Madness","damage_taken":9,"max_hp_gain":0,"max_hp_loss":0,"event_name":"Winding Halls","floor":39,"gold_loss":0,"cards_obtained":["Madness","Madness"]}],"is_beta":true,"boss_relics":[{"not_picked":["Eternal Feather","Runic Cube"],"picked":"Black Star"},{"not_picked":["Black Blood","Empty Cage"],"picked":"Mark of Pain"}],"items_purged_floors":[21,28],"is_endless":false,"potions_floor_spawned":[2,6,11,19,22,27,29,35],"killed_by":"Giant Head","ascension_level":3}