{"path_per_floor":["M","?","M","M","?","E","R","M","T","$","M","?","R","M","R","B",null,"M","$","?","M","$","R"],"character_chosen":"IRONCLAD","items_purchased":["Pantograph","Armaments","Bandage Up"],"gold_per_floor":[110,110,121,135,235,262,262,272,295,19,35,35,35,49,49,153,153,171,3,3,14,14,14,14],"floor_reached":24,"campfire_rested":2,"playtime":1103,"item_purchase_floors":[10,10,19],"current_hp_per_floor":[74,58,64,66,66,45,69,62,62,62,57,77,77,73,73,31,80,80,80,80,42,42,66,0],"items_purged":["Strike_R"],"gold":14,"score":225,"play_id":"4d950f3f-4352-4cd9-8d1d-fc1b27f92c05","local_time":"20180609140845","is_prod":false,"is_daily":false,"chose_seed":false,"is_ascension_mode":true,"campfire_upgraded":2,"win_rate":0,"timestamp":1528567725,"campfire_choices":[{"floor":7,"key":"REST"},{"data":"Armaments","floor":13,"key":"SMITH"},{"data":"Intimidate","floor":15,"key":"SMITH"},{"floor":23,"key":"REST"}],"path_taken":["M","?","?","M","?","E","R","?","T","$","M","?","R","?","R","BOSS","M","$","?","M","$","R","E"],"build_version":"2018-06-07v3","seed_source_timestamp":240988644996166,"purchased_purges":1,"victory":false,"master_deck":["Strike_R","Strike_R","Strike_R","Strike_R","Defend_R","Defend_R","Defend_R+1","Bash","Bludgeon+1","True Grit","Thunderclap","Battle Trance","Armaments","Pommel Strike","Armaments+1","Intimidate+1","Parasite","Flame Barrier","Barricade","Searing Blow+1","Bandage Up","Rage","Ghostly Armor"],"max_hp_per_floor":[80,80,80,80,80,80,80,80,80,80,80,80,80,80,80,80,80,80,80,80,80,80,80,80],"relics":["Burning Blood","Lantern","Anchor","Pantograph","Runic Pyramid"],"card_choices":[{"not_picked":["Wild Strike","Warcry"],"picked":"True Grit","floor":1},{"not_picked":["Rage","Twin Strike"],"picked":"Thunderclap","floor":3},{"not_picked":["Disarm","Headbutt"],"picked":"Battle Trance","floor":4},{"not_picked":["Bludgeon","Heavy Blade"],"picked":"Armaments","floor":6},{"not_picked":["Sever Soul","Clash"],"picked":"Pommel Strike","floor":8},{"not_picked":["True Grit","Reckless Charge"],"picked":"Intimidate","floor":11},{"not_picked":["Shrug It Off","Reckless Charge"],"picked":"Flame Barrier","floor":14},{"not_picked":["Dark Embrace","Fiend Fire"],"picked":"Barricade","floor":16},{"not_picked":["Sword Boomerang","Headbutt"],"picked":"Searing Blow+1","floor":18},{"not_picked":["Uppercut+1","Spot Weakness"],"picked":"Ghostly Armor","floor":21}],"player_experience":436730,"potions_floor_usage":[16,16],"damage_taken":[{"damage":12,"enemies":"Jaw Worm","floor":1,"turns":2},{"damage":0,"enemies":"Cultist","floor":3,"turns":2},{"damage":4,"enemies":"Small Slimes","floor":4,"turns":2},{"damage":27,"enemies":"Lagavulin","floor":6,"turns":4},{"damage":13,"enemies":"Blue Slaver","floor":8,"turns":3},{"damage":11,"enemies":"3 Louse","floor":11,"turns":3},{"damage":10,"enemies":"Exordium Thugs","floor":14,"turns":3},{"damage":55,"enemies":"Hexaghost","floor":16,"turns":10},{"damage":2,"enemies":"3 Byrds","floor":18,"turns":2},{"damage":48,"enemies":"Chosen","floor":21,"turns":8},{"damage":67,"enemies":"Gremlin Leader","floor":24,"turns":6}],"relics_obtained":[{"floor":6,"key":"Lantern"},{"floor":9,"key":"Anchor"}],"event_choices":[{"event_name":"Shining Light","player_choice":"Entered Light","floor":2,"damage_taken":0},{"event_name":"Golden Shrine","player_choice":"Pray","floor":5,"damage_taken":0},{"event_name":"Mushrooms","player_choice":"Healed and dodged fight","floor":12,"damage_taken":0},{"event_name":"The Library","player_choice":"Read","floor":20,"damage_taken":0}],"boss_relics":[{"not_picked":["Orrery","Calling Bell"],"picked":"Runic Pyramid"}],"items_purged_floors":[19],"potions_floor_spawned":[8,11,14],"seed_played":"-3112176133815862409","killed_by":"Gremlin Leader","ascension_level":3,"potions_obtained":[{"floor":8,"key":"Fire Potion"},{"floor":11,"key":"SkillPotion"},{"floor":14,"key":"SpeedPotion"}],"is_trial":false}