{"path_per_floor":["M","M","?","M","$","E","R","$","T","M","?","M","R","M","R","B",null,"M","$","M","?","M","R","?","M","T","M","M","$","?","M","R","B",null,"M","M","?","M","?","R","M","M","T","M","$","M","E","M","R","B"],"character_chosen":"THE_SILENT","items_purchased":["Cloak And Dagger","Noxious Fumes","Cloak And Dagger","Noxious Fumes","Escape Plan","Pantograph","Apotheosis","Infinite Blades"],"gold_per_floor":[116,129,129,145,25,60,60,15,15,33,33,46,46,60,60,185,185,209,56,81,81,94,94,94,108,131,145,169,88,187,210,210,330,330,353,369,369,387,387,387,408,431,461,480,4,18,58,71,71,71],"floor_reached":51,"campfire_rested":2,"playtime":2971,"item_purchase_floors":[5,5,8,19,29,45,45,45],"current_hp_per_floor":[70,66,65,65,65,52,52,52,52,51,44,44,44,44,44,43,65,59,59,58,42,42,42,42,40,40,30,19,19,19,9,28,6,65,64,63,63,49,49,49,48,32,32,40,40,25,25,19,38,22],"items_purged":["Strike_G"],"gold":71,"score":737,"play_id":"fc43bbdb-ae12-4f0f-9cf4-3d390fe13115","local_time":"20180618015353","is_prod":false,"is_daily":false,"chose_seed":true,"is_ascension_mode":false,"campfire_upgraded":5,"win_rate":0,"timestamp":1529279633,"campfire_choices":[{"data":"Noxious Fumes","floor":7,"key":"SMITH"},{"data":"Cloak And Dagger","floor":13,"key":"SMITH"},{"data":"Cloak And Dagger","floor":15,"key":"SMITH"},{"data":"Malaise","floor":23,"key":"SMITH"},{"floor":32,"key":"REST"},{"data":"A Thousand Cuts","floor":40,"key":"SMITH"},{"floor":49,"key":"REST"}],"path_taken":["M","M","?","?","$","E","R","?","T","M","?","M","R","M","R","BOSS","M","$","M","?","M","R","?","?","T","M","M","$","?","?","R","BOSS","M","M","?","M","?","R","M","M","T","?","$","M","E","M","R","BOSS"],"build_version":"2018-06-14v2","seed_source_timestamp":3457779061936890,"purchased_purges":1,"victory":true,"master_deck":["Defend_G","Defend_G","Defend_G","Defend_G","Strike_G","Survivor","Neutralize","Finisher","Predator","Cloak And Dagger+1","Noxious Fumes+1","After Image","Cloak And Dagger+1","Endless Agony","Slice","Cloak And Dagger","Die Die Die","Malaise+1","Noxious Fumes","Endless Agony","Necronomicurse","Infinite Blades","Noxious Fumes","Prepared","A Thousand Cuts+1","Escape Plan","Prepared","Bullet Time","Footwork+1","Prepared+1","Enlightenment","Prepared","Deflect","Burst","Writhe","Terror+1","Apotheosis","Infinite Blades","Footwork","Footwork+1","Well Laid Plans+1"],"max_hp_per_floor":[70,70,65,65,65,65,65,65,65,65,65,65,65,65,65,65,65,65,65,65,65,65,65,65,65,65,65,65,65,65,65,65,65,65,65,65,65,65,65,65,65,65,65,65,65,65,65,65,65,65],"relics":["Empty Cage","Golden Idol","Gambling Chip","Torii","Lizard Tail","Necronomicon","Snake Skull","Cursed Key","Tiny Chest","Pantograph","Juzu Bracelet"],"card_choices":[{"not_picked":["Bane","Underhanded Strike"],"picked":"Finisher","floor":1},{"not_picked":["Bane","Deadly Poison"],"picked":"Predator","floor":2},{"not_picked":["Eviscerate","Poisoned Stab","Outmaneuver"],"picked":"SKIP","floor":4},{"not_picked":["Endless Agony","Acrobatics"],"picked":"After Image","floor":6},{"not_picked":["Prepared","Masterful Stab"],"picked":"Endless Agony","floor":10},{"not_picked":["Choke","Calculated Gamble"],"picked":"Slice","floor":12},{"not_picked":["Dash","Calculated Gamble"],"picked":"Cloak And Dagger","floor":14},{"not_picked":["Doppelganger","Corpse Explosion"],"picked":"Die Die Die","floor":16},{"not_picked":["Poisoned Stab","Quick Slash"],"picked":"Malaise","floor":18},{"not_picked":["Expertise","Backflip+1"],"picked":"Endless Agony","floor":20},{"not_picked":["Outmaneuver","Grand Finale"],"picked":"Infinite Blades","floor":22},{"not_picked":["PiercingWail","Crippling Poison"],"picked":"Noxious Fumes","floor":25},{"not_picked":["Outmaneuver","Dagger Throw+1"],"picked":"Prepared","floor":27},{"not_picked":["Deflect+1","Prepared"],"picked":"A Thousand Cuts","floor":28},{"not_picked":["Dodge and Roll","Dagger Spray"],"picked":"Prepared","floor":31},{"not_picked":["Wraith Form v2","A Thousand Cuts"],"picked":"Bullet Time","floor":33},{"not_picked":["Blur+1","Terror"],"picked":"Footwork+1","floor":35},{"not_picked":["PiercingWail+1","Concentrate"],"picked":"Prepared+1","floor":36},{"not_picked":["Swift Strike","Flash of Steel"],"picked":"Enlightenment","floor":37},{"not_picked":["Deadly Poison+1","PiercingWail+1"],"picked":"Prepared","floor":38},{"not_picked":["Deadly Poison","Bane"],"picked":"Deflect","floor":41},{"not_picked":["PiercingWail+1","Deadly Poison"],"picked":"Burst","floor":42},{"not_picked":["PiercingWail","Deflect"],"picked":"Terror+1","floor":44},{"not_picked":["Caltrops+1","Dagger Spray"],"picked":"Footwork","floor":46},{"not_picked":["PiercingWail+1","Flechettes"],"picked":"Footwork+1","floor":47},{"not_picked":["Setup","Slice+1"],"picked":"Well Laid Plans+1","floor":48}],"player_experience":866725,"potions_floor_usage":[22,33,33,33,44,50],"damage_taken":[{"damage":0,"enemies":"2 Louse","floor":1,"turns":4},{"damage":4,"enemies":"Small Slimes","floor":2,"turns":5},{"damage":0,"enemies":"Cultist","floor":4,"turns":3},{"damage":13,"enemies":"Gremlin Nob","floor":6,"turns":4},{"damage":1,"enemies":"Red Slaver","floor":10,"turns":3},{"damage":0,"enemies":"Blue Slaver","floor":12,"turns":3},{"damage":0,"enemies":"3 Louse","floor":14,"turns":2},{"damage":1,"enemies":"Slime Boss","floor":16,"turns":9},{"damage":6,"enemies":"3 Byrds","floor":18,"turns":5},{"damage":1,"enemies":"Shell Parasite","floor":20,"turns":6},{"damage":0,"enemies":"Centurion and Healer","floor":22,"turns":3},{"damage":2,"enemies":"Snake Plant","floor":25,"turns":5},{"damage":10,"enemies":"3 Cultists","floor":27,"turns":4},{"damage":11,"enemies":"Cultist and Chosen","floor":28,"turns":6},{"damage":10,"enemies":"Snecko","floor":31,"turns":5},{"damage":22,"enemies":"Collector","floor":33,"turns":9},{"damage":1,"enemies":"3 Shapes","floor":35,"turns":5},{"damage":1,"enemies":"Orb Walker","floor":36,"turns":3},{"damage":14,"enemies":"Maw","floor":38,"turns":9},{"damage":1,"enemies":"4 Shapes","floor":41,"turns":5},{"damage":16,"enemies":"Sphere and 2 Shapes","floor":42,"turns":5},{"damage":1,"enemies":"3 Darklings","floor":44,"turns":5},{"damage":15,"enemies":"4 Shapes","floor":46,"turns":3},{"damage":0,"enemies":"Nemesis","floor":47,"turns":9},{"damage":6,"enemies":"Maw","floor":48,"turns":7},{"damage":41,"enemies":"Donu and Deca","floor":50,"turns":7}],"relics_obtained":[{"floor":6,"key":"Gambling Chip"},{"floor":9,"key":"Torii"},{"floor":21,"key":"Necronomicon"},{"floor":26,"key":"Snake Skull"},{"floor":43,"key":"Tiny Chest"},{"floor":47,"key":"Juzu Bracelet"}],"event_choices":[{"event_name":"Golden Idol","player_choice":"Lose Max HP","floor":3,"damage_taken":0},{"event_name":"Golden Wing","player_choice":"Card Removal","floor":11,"damage_taken":0},{"event_name":"Cursed Tome","player_choice":"Obtained Book","floor":21,"damage_taken":0},{"event_name":"Ghosts","player_choice":"Ignored","floor":24,"damage_taken":0},{"event_name":"Nest","player_choice":"Stole From Cult","floor":30,"damage_taken":0},{"event_name":"SensoryStone","player_choice":"Memory 1","floor":37,"damage_taken":0},{"event_name":"Purifier","player_choice":"One Purge","floor":39,"damage_taken":0}],"boss_relics":[{"not_picked":["Velvet Choker","Pandora\u0027s Box"],"picked":"Lizard Tail"},{"not_picked":["Eternal Feather","Black Star"],"picked":"Cursed Key"}],"items_purged_floors":[19],"is_endless":false,"potions_floor_spawned":[2,10,12,16,27,28,31,38,41,44,48],"seed_played":"61538827421845053","ascension_level":0,"potions_obtained":[{"floor":2,"key":"Dexterity Potion"},{"floor":10,"key":"Dexterity Potion"},{"floor":12,"key":"Strength Potion"},{"floor":27,"key":"Ancient Potion"},{"floor":31,"key":"EssenceOfSteel"},{"floor":38,"key":"Energy Potion"},{"floor":41,"key":"Regen Potion"},{"floor":44,"key":"GamblersBrew"},{"floor":48,"key":"PowerPotion"}],"is_trial":false}