{"path_per_floor":["M","?","M","?","M","R","$","M","T","M","M","M","M","$","R","B",null,"M","?","?","?","?","R","?","M","T","R","$","R","M","?","R"],"character_chosen":"IRONCLAD","items_purchased":[],"gold_per_floor":[116,66,76,76,88,88,13,29,53,66,76,91,104,4,4,102,102,118,208,208,208,208,208,208,224,298,298,173,173,186,186,186,186],"floor_reached":33,"campfire_rested":3,"playtime":645,"item_purchase_floors":[],"current_hp_per_floor":[79,79,71,71,71,71,71,71,71,71,71,68,57,57,80,28,80,76,60,44,29,29,54,54,54,54,79,79,79,42,70,70,0],"items_purged":["Strike_R","Strike_R","Defend_R"],"gold":186,"score":237,"play_id":"77c4c31b-d089-4951-b563-be002353a06c","local_time":"20180527003100","is_prod":false,"is_daily":false,"chose_seed":false,"is_ascension_mode":false,"campfire_upgraded":3,"win_rate":0.0,"timestamp":1527399060,"campfire_choices":[{"data":"Carnage","floor":6,"key":"SMITH"},{"floor":15,"key":"REST"},{"floor":23,"key":"REST"},{"floor":27,"key":"REST"},{"data":"Thunderclap","floor":29,"key":"SMITH"},{"data":"Flex","floor":32,"key":"SMITH"}],"path_taken":["M","?","M","?","M","R","?","?","T","M","M","M","M","$","R","BOSS","M","?","?","?","?","R","?","M","T","R","$","R","M","?","R","BOSS"],"build_version":"2018-05-25","seed_source_timestamp":0,"purchased_purges":3,"victory":false,"master_deck":["Strike_R","Strike_R","Defend_R","Defend_R","Defend_R","Bash","Whirlwind+1","Carnage+1","Flex+1","Thunderclap+1","Offering"],"max_hp_per_floor":[80,80,80,80,80,80,80,80,80,80,80,80,80,80,80,80,80,80,80,80,85,85,85,85,85,85,85,85,85,85,85,85,85],"relics":["Runic Dome","Juzu Bracelet","Mark of Pain","Enchiridion","Kunai"],"card_choices":[{"not_picked":["Sever Soul","Fire Breathing"],"picked":"Whirlwind","floor":1},{"not_picked":["Cleave","Flame Barrier","Warcry"],"picked":"SKIP","floor":3},{"not_picked":["Iron Wave","Heavy Blade"],"picked":"Carnage","floor":5},{"not_picked":["Warcry","Ghostly Armor"],"picked":"Flex","floor":8},{"not_picked":["Bloodletting","True Grit"],"picked":"Thunderclap","floor":10},{"not_picked":["Disarm","Corruption","Wild Strike"],"picked":"SKIP","floor":11},{"not_picked":["Flame Barrier","Searing Blow","Warcry"],"picked":"SKIP","floor":12},{"not_picked":["Thunderclap","Searing Blow","Rage"],"picked":"SKIP","floor":13},{"not_picked":["Demon Form","Juggernaut"],"picked":"Offering","floor":16},{"not_picked":["Cleave","Rage","Heavy Blade+1"],"picked":"SKIP","floor":18},{"not_picked":["Thunderclap","Warcry","Clothesline"],"picked":"SKIP","floor":25},{"not_picked":["Twin Strike","Cleave","Wild Strike"],"picked":"SKIP","floor":30}],"player_experience":148561,"potions_floor_usage":[12,12,25,25,33,33],"damage_taken":[{"damage":1,"enemies":"Jaw Worm","floor":1,"turns":3},{"damage":8,"enemies":"Small Slimes","floor":3,"turns":2},{"damage":0,"enemies":"2 Louse","floor":5,"turns":1},{"damage":0,"enemies":"Gremlin Gang","floor":8,"turns":1},{"damage":0,"enemies":"3 Louse","floor":10,"turns":1},{"damage":0,"enemies":"Exordium Wildlife","floor":11,"turns":2},{"damage":3,"enemies":"Exordium Thugs","floor":12,"turns":4},{"damage":11,"enemies":"Large Slime","floor":13,"turns":3},{"damage":52,"enemies":"The Guardian","floor":16,"turns":7},{"damage":4,"enemies":"3 Byrds","floor":18,"turns":1},{"damage":16,"enemies":"Shell Parasite","floor":25,"turns":4},{"damage":37,"enemies":"Centurion and Healer","floor":30,"turns":5},{"damage":87,"enemies":"Automaton","floor":33,"turns":6}],"relics_obtained":[{"floor":9,"key":"Juzu Bracelet"},{"floor":20,"key":"Enchiridion"},{"floor":26,"key":"Kunai"}],"event_choices":[{"event_name":"The Cleric","player_choice":"Card Removal","floor":2,"damage_taken":0},{"event_name":"Upgrade Shrine","player_choice":"Upgraded","floor":4,"damage_taken":0},{"event_name":"Knowing Skull","player_choice":"GOLD ","floor":19,"damage_taken":0},{"event_name":"Cursed Tome","player_choice":"Obtained Book","floor":20,"damage_taken":0},{"event_name":"Forgotten Altar","player_choice":"Shed Blood","floor":21,"damage_taken":0},{"event_name":"Vampires","player_choice":"Ignored","floor":22,"damage_taken":0},{"event_name":"Ghosts","player_choice":"Ignored","floor":24,"damage_taken":0},{"event_name":"The Library","player_choice":"Heal","floor":31,"damage_taken":0}],"boss_relics":[{"not_picked":["Velvet Choker","Lizard Tail"],"picked":"Mark of Pain"}],"items_purged_floors":[7,14,28],"potions_floor_spawned":[1,3,11,12,16,25],"seed_played":"5073590355834336500","killed_by":"Automaton","ascension_level":0,"potions_obtained":[{"floor":1,"key":"BloodPotion"},{"floor":3,"key":"LiquidBronze"},{"floor":11,"key":"EssenceOfSteel"},{"floor":12,"key":"BloodPotion"},{"floor":16,"key":"Strength Potion"},{"floor":25,"key":"Dexterity Potion"}],"is_trial":false}