{"gold_per_floor":[214,226,226,226,17,17,33,33,33,67,167,183,49,81,81,81],"floor_reached":16,"playtime":419,"items_purged":["Strike_G"],"score":266,"play_id":"b8787aeb-9381-49cc-b704-485c8d5b26ab","local_time":"20190125120023","is_ascension_mode":true,"campfire_choices":[{"floor":6,"key":"REST"},{"data":"Skewer","floor":8,"key":"SMITH"},{"data":"Finisher","floor":15,"key":"SMITH"}],"neow_cost":"NONE","seed_source_timestamp":769399330985481,"circlet_count":0,"master_deck":["AscendersBane","Defend_G","Defend_G","Defend_G","Defend_G","Defend_G","Strike_G","Strike_G","Strike_G","Strike_G","Survivor","Neutralize","Finisher+1","Cloak And Dagger","Skewer+1","Dash","Dagger Spray","Caltrops"],"relics":["Ring of the Snake","Centennial Puzzle","Bag of Preparation","PreservedInsect","Mercury Hourglass","Meat on the Bone"],"potions_floor_usage":[10],"damage_taken":[{"damage":0,"enemies":"2 Louse","floor":1,"turns":3},{"damage":5,"enemies":"Small Slimes","floor":2,"turns":6},{"damage":1,"enemies":"Cultist","floor":7,"turns":3},{"damage":0,"enemies":"Gremlin Nob","floor":10,"turns":3},{"damage":0,"enemies":"Exordium Wildlife","floor":12,"turns":2},{"damage":4,"enemies":"3 Sentries","floor":14,"turns":4},{"damage":43,"enemies":"Slime Boss","floor":16,"turns":7}],"seed_played":"2117654589408814127","potions_obtained":[{"floor":2,"key":"AttackPotion"}],"is_trial":false,"path_per_floor":["M","M","?","?","$","R","M","R","T","E","?","M","$","E","R","B"],"character_chosen":"THE_SILENT","items_purchased":["Bag of Preparation","Skewer","Dagger Spray"],"campfire_rested":1,"item_purchase_floors":[5,5,13],"current_hp_per_floor":[59,54,28,28,28,47,46,46,46,46,46,46,46,42,42,0],"gold":81,"neow_bonus":"HUNDRED_GOLD","is_prod":false,"is_daily":false,"chose_seed":false,"campfire_upgraded":2,"win_rate":0,"timestamp":1548414023,"path_taken":["M","M","?","?","$","R","M","R","T","E","?","M","$","E","R","BOSS"],"build_version":"2019-01-23","purchased_purges":1,"victory":false,"max_hp_per_floor":[66,66,66,66,66,66,66,66,66,66,66,66,66,66,66,66],"card_choices":[{"not_picked":["Prepared","Dodge and Roll"],"picked":"Finisher","floor":1},{"not_picked":["Outmaneuver","Deflect"],"picked":"Cloak And Dagger","floor":2},{"not_picked":["Poisoned Stab","Quick Slash"],"picked":"Dash","floor":7},{"not_picked":["Blade Dance","Slice","Setup"],"picked":"SKIP","floor":10},{"not_picked":["Flechettes","Tactician","Prepared"],"picked":"SKIP","floor":12},{"not_picked":["Deflect","Dagger Throw"],"picked":"Caltrops","floor":14}],"player_experience":1928112,"relics_obtained":[{"floor":9,"key":"PreservedInsect"},{"floor":10,"key":"Mercury Hourglass"},{"floor":14,"key":"Meat on the Bone"}],"event_choices":[{"damage_healed":0,"gold_gain":0,"player_choice":"Success","damage_taken":26,"relics_obtained":["Centennial Puzzle"],"max_hp_gain":0,"max_hp_loss":0,"event_name":"Scrap Ooze","floor":3,"gold_loss":0},{"damage_healed":0,"gold_gain":0,"player_choice":"Ignored","damage_taken":0,"max_hp_gain":0,"max_hp_loss":0,"event_name":"Golden Idol","floor":4,"gold_loss":0},{"damage_healed":0,"gold_gain":100,"player_choice":"Gold","damage_taken":0,"max_hp_gain":0,"max_hp_loss":0,"event_name":"Wheel of Change","floor":11,"gold_loss":0}],"is_beta":false,"boss_relics":[],"items_purged_floors":[13],"is_endless":false,"potions_floor_spawned":[2],"killed_by":"Slime Boss","ascension_level":20}