{"path_per_floor":["M","?","?","M","?","R","M","M","T","R","M","?","M","?","R"],"character_chosen":"DEFECT","items_purchased":[],"gold_per_floor":[141,141,141,152,152,152,169,181,181,181,201,201,215,215,215,215],"floor_reached":16,"campfire_rested":1,"playtime":596,"item_purchase_floors":[],"current_hp_per_floor":[62,62,55,61,66,66,70,63,63,63,56,56,48,23,48,0],"items_purged":[],"gold":215,"score":120,"play_id":"cb58d4a4-b378-4118-a54d-b577a0247a25","local_time":"20180621225922","is_prod":false,"is_daily":false,"chose_seed":false,"is_ascension_mode":true,"campfire_upgraded":2,"win_rate":0,"timestamp":1529636362,"campfire_choices":[{"data":"Storm","floor":6,"key":"SMITH"},{"data":"White Noise","floor":10,"key":"SMITH"},{"floor":15,"key":"REST"}],"path_taken":["M","?","?","M","?","R","M","M","T","R","M","?","?","?","R","BOSS"],"build_version":"2018-06-14v2","seed_source_timestamp":675056240488106,"purchased_purges":0,"victory":false,"master_deck":["Strike_B","Strike_B+1","Defend_B","Defend_B","Defend_B","Defend_B","Zap","Dualcast","Self Repair","Storm+1","Cold Snap","Self Repair","White Noise+1","Redo","Undo","Leap"],"max_hp_per_floor":[80,80,80,80,85,85,85,85,85,85,85,85,85,85,85,85],"relics":["Tiny House","Shuriken","Matryoshka"],"card_choices":[{"not_picked":["Coolheaded","Melter"],"picked":"Self Repair","floor":0},{"not_picked":["Sweeping Beam","Barrage"],"picked":"Storm","floor":1},{"not_picked":["Hologram","Turbo"],"picked":"Cold Snap","floor":4},{"not_picked":["Compile Driver","Coolheaded"],"picked":"Self Repair","floor":7},{"not_picked":["Double Energy","Scrape"],"picked":"White Noise","floor":8},{"not_picked":["Aggregate","Sweeping Beam"],"picked":"Redo","floor":11},{"not_picked":["Ball Lightning","Beam Cell"],"picked":"Leap","floor":13}],"player_experience":693909,"potions_floor_usage":[16,16],"damage_taken":[{"damage":18,"enemies":"Jaw Worm","floor":1,"turns":4},{"damage":1,"enemies":"Cultist","floor":4,"turns":3},{"damage":3,"enemies":"Small Slimes","floor":7,"turns":4},{"damage":21,"enemies":"2 Fungi Beasts","floor":8,"turns":5},{"damage":28,"enemies":"Large Slime","floor":11,"turns":7},{"damage":22,"enemies":"Looter","floor":13,"turns":3},{"damage":51,"enemies":"Slime Boss","floor":16,"turns":7}],"relics_obtained":[{"floor":9,"key":"Shuriken"}],"event_choices":[{"event_name":"Accursed Blacksmith","player_choice":"Ignore","floor":2,"damage_taken":0},{"event_name":"Golden Wing","player_choice":"Card Removal","floor":3,"damage_taken":0},{"event_name":"Big Fish","player_choice":"Donut","floor":5,"damage_taken":0},{"event_name":"Transmorgrifier","player_choice":"Transform","floor":12,"damage_taken":0},{"event_name":"Scrap Ooze","player_choice":"success","floor":14,"damage_taken":25}],"boss_relics":[],"items_purged_floors":[],"is_endless":false,"potions_floor_spawned":[4,7,13],"seed_played":"1310500444003364748","killed_by":"Slime Boss","ascension_level":6,"potions_obtained":[{"floor":0,"key":"FocusPotion"},{"floor":4,"key":"Energy Potion"},{"floor":7,"key":"EssenceOfSteel"}],"is_trial":false}