{"gold_per_floor":[368,378,86,102,112,112,112,146,173,173,173,184,199,131,131,233,233,243,9,24,34,49,49,68,103,103,116,116,41,41,61,61,61],"floor_reached":33,"playtime":3779,"items_purged":["Strike_R","Strike_R","Strike_R","Strike_R"],"score":312,"play_id":"008837ce-2a3a-48ce-911f-ab216ef92642","local_time":"20190209120310","is_ascension_mode":true,"campfire_choices":[{"data":"Armaments","floor":6,"key":"SMITH"},{"floor":11,"key":"REST"},{"data":"Shockwave","floor":15,"key":"SMITH"},{"data":"Offering","floor":23,"key":"SMITH"},{"floor":28,"key":"REST"},{"data":"J.A.X.","floor":32,"key":"SMITH"}],"neow_cost":"TEN_PERCENT_HP_LOSS","seed_source_timestamp":2716022024782906,"circlet_count":0,"master_deck":["Strike_R+1","Defend_R","Defend_R+1","Defend_R","Defend_R","Bash","Armaments+1","Whirlwind","Shrug It Off","True Grit+1","Battle Trance+1","Shockwave+1","Offering+1","Feel No Pain","Flame Barrier","J.A.X.+1"],"relics":["Burning Blood","Membership Card","Strawberry","War Paint","Philosopher\u0027s Stone","Letter Opener","Oddly Smooth Stone","Orichalcum"],"potions_floor_usage":[18,18,22,24,33],"damage_taken":[{"damage":6,"enemies":"Cultist","floor":1,"turns":3},{"damage":10,"enemies":"Jaw Worm","floor":2,"turns":5},{"damage":1,"enemies":"Small Slimes","floor":4,"turns":4},{"damage":7,"enemies":"2 Fungi Beasts","floor":5,"turns":4},{"damage":64,"enemies":"Gremlin Nob","floor":8,"turns":6},{"damage":0,"enemies":"Lots of Slimes","floor":12,"turns":1},{"damage":0,"enemies":"Blue Slaver","floor":13,"turns":5},{"damage":34,"enemies":"The Guardian","floor":16,"turns":17},{"damage":15,"enemies":"Spheric Guardian","floor":18,"turns":8},{"damage":14,"enemies":"2 Thieves","floor":20,"turns":5},{"damage":6,"enemies":"Centurion and Healer","floor":21,"turns":8},{"damage":9,"enemies":"Snecko","floor":22,"turns":6},{"damage":6,"enemies":"3 Cultists","floor":24,"turns":2},{"damage":45,"enemies":"Book of Stabbing","floor":25,"turns":10},{"damage":10,"enemies":"Cultist and Chosen","floor":27,"turns":8},{"damage":20,"enemies":"Sentry and Sphere","floor":31,"turns":4},{"damage":32,"enemies":"Automaton","floor":33,"turns":6}],"seed_played":"6397825151619379953","potions_obtained":[{"floor":8,"key":"PowerPotion"},{"floor":12,"key":"Block Potion"},{"floor":13,"key":"GamblersBrew"},{"floor":18,"key":"SteroidPotion"},{"floor":22,"key":"Swift Potion"},{"floor":27,"key":"SpeedPotion"},{"floor":31,"key":"Strength Potion"}],"is_trial":false,"path_per_floor":["M","M","$","M","M","R","?","E","T","?","R","M","M","$","R","B",null,"M","$","M","M","M","R","M","E","T","M","R","$","?","M","R","B"],"character_chosen":"IRONCLAD","items_purchased":["Membership Card","Whirlwind","Shrug It Off","Shockwave","Feel No Pain","Letter Opener"],"campfire_rested":2,"item_purchase_floors":[3,3,3,14,19,19],"current_hp_per_floor":[72,68,68,72,71,71,76,25,25,8,33,39,45,45,45,17,84,75,75,67,67,64,64,64,25,25,21,46,46,46,32,32,0],"gold":61,"neow_bonus":"TWO_FIFTY_GOLD","is_prod":false,"is_daily":false,"chose_seed":false,"campfire_upgraded":4,"win_rate":0,"timestamp":1549735390,"path_taken":["M","M","$","M","?","R","?","E","T","?","R","M","M","$","R","BOSS","M","$","M","M","M","R","M","E","T","M","R","$","?","M","R","BOSS"],"build_version":"2019-02-06","purchased_purges":4,"victory":false,"max_hp_per_floor":[72,72,72,72,72,72,77,84,84,84,84,84,84,84,84,84,84,84,84,84,84,84,84,84,84,84,84,84,84,84,84,84,84],"card_choices":[{"not_picked":["Wild Strike","Rupture"],"picked":"Armaments","floor":1},{"not_picked":["Flex","Second Wind","Burning Pact"],"picked":"SKIP","floor":2},{"not_picked":["Clash","Pommel Strike","Headbutt"],"picked":"SKIP","floor":4},{"not_picked":["Pommel Strike","Flex"],"picked":"True Grit","floor":5},{"not_picked":["Body Slam","Armaments"],"picked":"Battle Trance","floor":8},{"not_picked":["Rage","Body Slam","Cleave"],"picked":"SKIP","floor":12},{"not_picked":["Rampage","Carnage","Wild Strike"],"picked":"SKIP","floor":13},{"not_picked":["Fiend Fire","Brutality"],"picked":"Offering","floor":16},{"not_picked":["Cleave","Havoc","Pummel"],"picked":"SKIP","floor":18},{"not_picked":["Clash","Flex","Shrug It Off+1"],"picked":"SKIP","floor":20},{"not_picked":["Shrug It Off","Battle Trance","Sword Boomerang"],"picked":"SKIP","floor":21},{"not_picked":["Havoc+1","Clothesline","Iron Wave+1"],"picked":"SKIP","floor":22},{"not_picked":["Feel No Pain","Pommel Strike+1","Whirlwind"],"picked":"SKIP","floor":24},{"not_picked":["Offering","Warcry"],"picked":"Flame Barrier","floor":25},{"not_picked":["Heavy Blade","Havoc","Headbutt"],"picked":"SKIP","floor":27},{"not_picked":["Infernal Blade","Havoc","Pummel"],"picked":"SKIP","floor":31}],"player_experience":62276,"relics_obtained":[{"floor":8,"key":"Strawberry"},{"floor":9,"key":"War Paint"},{"floor":25,"key":"Oddly Smooth Stone"},{"floor":26,"key":"Orichalcum"}],"event_choices":[{"damage_healed":0,"gold_gain":0,"player_choice":"Donut","damage_taken":0,"max_hp_gain":5,"max_hp_loss":0,"event_name":"Big Fish","floor":7,"gold_loss":0},{"damage_healed":0,"gold_gain":0,"player_choice":"Entered Light","damage_taken":17,"max_hp_gain":0,"max_hp_loss":0,"event_name":"Shining Light","floor":10,"gold_loss":0,"cards_upgraded":["Strike_R","Battle Trance"]},{"damage_healed":0,"gold_gain":0,"player_choice":"Obtain J.A.X.","damage_taken":0,"max_hp_gain":0,"max_hp_loss":0,"event_name":"Drug Dealer","floor":30,"gold_loss":0,"cards_obtained":["J.A.X."]}],"is_beta":true,"boss_relics":[{"not_picked":["Busted Crown","Mark of Pain"],"picked":"Philosopher\u0027s Stone"}],"items_purged_floors":[3,14,19,29],"is_endless":false,"potions_floor_spawned":[8,12,13,18,22,27,31],"killed_by":"Automaton","ascension_level":3}