{"gold_per_floor":[119,2,2,13,23,23,23,51,51,51,66,84,9,22,22,127,177,189,189,202,233,246,246],"floor_reached":23,"playtime":1463,"items_purged":["Strike_B"],"score":193,"play_id":"9cc5f31b-5e9a-4aef-8f6a-ed112ec56330","local_time":"20180812104807","is_ascension_mode":false,"campfire_choices":[{"data":"Scrape","floor":6,"key":"SMITH"},{"data":"Gash","floor":10,"key":"SMITH"},{"floor":15,"key":"REST"}],"neow_cost":"","seed_source_timestamp":122704595787081,"circlet_count":0,"master_deck":["Strike_B","Strike_B","Strike_B","Defend_B","Defend_B","Defend_B","Defend_B","Zap","Dualcast","Coolheaded","Buffer","Redo+1","Gash+1","Scrape","Scrape+1","Hello World","Static Discharge","Electrodynamics","Glacier","Heatsinks"],"relics":["Cracked Core","Letter Opener","Ornamental Fan","Tiny House","Red Mask"],"potions_floor_usage":[16,16,16,21],"damage_taken":[{"damage":0,"enemies":"Small Slimes","floor":1,"turns":3},{"damage":0,"enemies":"Cultist","floor":4,"turns":3},{"damage":4,"enemies":"Jaw Worm","floor":5,"turns":4},{"damage":18,"enemies":"Gremlin Nob","floor":8,"turns":4},{"damage":13,"enemies":"Red Slaver","floor":11,"turns":2},{"damage":16,"enemies":"Lots of Slimes","floor":12,"turns":2},{"damage":22,"enemies":"Exordium Thugs","floor":14,"turns":5},{"damage":23,"enemies":"The Guardian","floor":16,"turns":10},{"damage":7,"enemies":"Shell Parasite","floor":18,"turns":8},{"damage":16,"enemies":"3 Byrds","floor":20,"turns":2},{"damage":30,"floor":21,"turns":4},{"damage":15,"enemies":"Centurion and Healer","floor":22,"turns":8},{"damage":12,"enemies":"Gremlin Leader","floor":23,"turns":4}],"seed_played":"3127028622627160853","potions_obtained":[{"floor":4,"key":"Explosive Potion"},{"floor":12,"key":"Energy Potion"},{"floor":14,"key":"SkillPotion"},{"floor":17,"key":"Energy Potion"},{"floor":21,"key":"SteroidPotion"}],"is_trial":false,"path_per_floor":["M","$","?","M","M","R","$","E","T","R","M","M","$","M","R","B",null,"M","?","M","?","M"],"character_chosen":"DEFECT","items_purchased":["Buffer","Redo"],"campfire_rested":1,"item_purchase_floors":[2,2],"current_hp_per_floor":[75,75,75,75,71,71,71,53,53,53,40,24,24,2,24,1,80,73,73,57,27,12,0],"gold":246,"neow_bonus":"","is_prod":false,"is_daily":false,"chose_seed":false,"campfire_upgraded":2,"win_rate":0,"timestamp":1534036687,"path_taken":["M","$","?","?","M","R","$","E","T","R","?","?","?","M","R","BOSS","M","?","M","?","M","E"],"build_version":"2018-08-09","purchased_purges":1,"victory":false,"max_hp_per_floor":[75,75,75,75,75,75,75,75,75,75,75,75,75,75,75,75,80,80,80,80,80,80,80],"card_choices":[{"not_picked":["Rebound","Recycle"],"picked":"Coolheaded","floor":1},{"not_picked":["Compile Driver","Rip and Tear"],"picked":"Scrape","floor":4},{"not_picked":["Coolheaded","FTL"],"picked":"Scrape","floor":5},{"not_picked":["Fission","Rebound","Turbo"],"picked":"SKIP","floor":8},{"not_picked":["Sweeping Beam","Barrage"],"picked":"Hello World","floor":11},{"not_picked":["Conserve Battery","Lockon","Sunder"],"picked":"SKIP","floor":12},{"not_picked":["BootSequence","Redo"],"picked":"Static Discharge","floor":14},{"not_picked":["Core Surge","Machine Learning"],"picked":"Electrodynamics","floor":16},{"not_picked":["Conserve Battery","Streamline"],"picked":"Glacier","floor":17},{"not_picked":["Sweeping Beam+1","Steam+1","Redo"],"picked":"SKIP","floor":18},{"not_picked":["Multi-Cast","Compile Driver","Barrage"],"picked":"SKIP","floor":20},{"not_picked":["Skim","Lockon","Sunder"],"picked":"SKIP","floor":22}],"player_experience":310371,"relics_obtained":[{"floor":8,"key":"Letter Opener"},{"floor":9,"key":"Ornamental Fan"},{"floor":21,"key":"Red Mask"}],"event_choices":[{"event_name":"Match and Keep!","player_choice":"1 cards matched","floor":3,"damage_taken":0},{"event_name":"The Library","player_choice":"Read","floor":19,"damage_taken":0},{"event_name":"Masked Bandits","player_choice":"Fought Bandits","floor":21,"damage_taken":0}],"is_beta":false,"boss_relics":[{"not_picked":["Lizard Tail","Black Star"],"picked":"Tiny House"}],"items_purged_floors":[13],"is_endless":false,"potions_floor_spawned":[4,12,14,21],"killed_by":"Gremlin Leader","ascension_level":0}