{"gold_per_floor":[110,35,35,47,0,0,31,106,106,106,6,40,60,80,80,80],"floor_reached":16,"playtime":633,"items_purged":["Strike_R","Strike_R"],"score":106,"play_id":"636b6fd6-f102-446d-ac09-b570487197a0","local_time":"20190108191417","is_ascension_mode":false,"campfire_choices":[{"data":"Pommel Strike","floor":6,"key":"SMITH"},{"floor":10,"key":"REST"},{"floor":15,"key":"REST"}],"neow_cost":"NONE","seed_source_timestamp":390290928769829,"circlet_count":0,"master_deck":["Strike_R","Strike_R","Defend_R","Defend_R","Defend_R","Defend_R","Bash","Pommel Strike+1","Thunderclap","Intimidate","Pummel","True Grit","Pommel Strike"],"relics":["Burning Blood","Bag of Preparation","Calipers","Bird Faced Urn","Regal Pillow","Odd Mushroom"],"potions_floor_usage":[12,16,16],"damage_taken":[{"damage":1,"enemies":"2 Louse","floor":1,"turns":3},{"damage":6,"enemies":"Cultist","floor":4,"turns":3},{"damage":40,"enemies":"3 Sentries","floor":7,"turns":10},{"damage":26,"enemies":"Lagavulin","floor":12,"turns":5},{"damage":0,"enemies":"Small Slimes","floor":13,"turns":3},{"damage":25,"enemies":"The Mushroom Lair","floor":14,"turns":4},{"damage":68,"enemies":"Hexaghost","floor":16,"turns":10}],"seed_played":"7067554555816058652","potions_obtained":[{"floor":7,"key":"AttackPotion"},{"floor":12,"key":"Fire Potion"},{"floor":14,"key":"Weak Potion"}],"is_trial":false,"path_per_floor":["M","$","?","M","$","R","E","?","T","R","$","E","M","?","R","B"],"character_chosen":"IRONCLAD","items_purchased":["Thunderclap"],"campfire_rested":2,"item_purchase_floors":[5],"current_hp_per_floor":[80,80,80,80,80,80,46,35,35,59,59,39,45,26,65,0],"gold":80,"neow_bonus":"REMOVE_CARD","is_prod":false,"is_daily":false,"chose_seed":false,"campfire_upgraded":1,"win_rate":0,"timestamp":1546992857,"path_taken":["M","$","?","M","?","R","E","?","T","R","$","E","M","?","R","BOSS"],"build_version":"2019-01-03v4","purchased_purges":2,"victory":false,"max_hp_per_floor":[80,80,80,80,80,80,80,80,80,80,80,80,80,80,80,80],"card_choices":[{"not_picked":["Armaments","Wild Strike"],"picked":"Shrug It Off","floor":1},{"not_picked":["Hemokinesis","Headbutt"],"picked":"Pommel Strike","floor":4},{"not_picked":["Combust","Sentinel"],"picked":"Intimidate","floor":7},{"not_picked":["Second Wind","Bloodletting"],"picked":"Pummel","floor":12},{"not_picked":["Wild Strike","Shockwave"],"picked":"True Grit","floor":13},{"not_picked":["Clash","Sword Boomerang"],"picked":"Pommel Strike","floor":14}],"player_experience":2047830,"relics_obtained":[{"floor":7,"key":"Calipers"},{"floor":9,"key":"Bird Faced Urn"},{"floor":12,"key":"Regal Pillow"},{"floor":14,"key":"Odd Mushroom"}],"event_choices":[{"cards_removed":["Shrug It Off"],"damage_healed":0,"gold_gain":0,"player_choice":"Gave Card","damage_taken":0,"relics_obtained":["Bag of Preparation"],"max_hp_gain":0,"max_hp_loss":0,"event_name":"WeMeetAgain","floor":3,"gold_loss":0},{"damage_healed":0,"gold_gain":75,"player_choice":"Gather Gold","damage_taken":11,"max_hp_gain":0,"max_hp_loss":0,"event_name":"World of Goop","floor":8,"gold_loss":0},{"damage_healed":0,"gold_gain":0,"player_choice":"Fought Mushrooms","damage_taken":0,"max_hp_gain":0,"max_hp_loss":0,"event_name":"Mushrooms","floor":14,"gold_loss":0}],"is_beta":false,"boss_relics":[],"items_purged_floors":[2,11],"is_endless":false,"potions_floor_spawned":[7,12,14],"killed_by":"Hexaghost","ascension_level":0}