{"path_per_floor":["M","$","M","M","?","R","E","M","T","M","M","M","M","$","R","B",null,"M","?","?","M","M","R","M","R","T","M","E","M"],"character_chosen":"IRONCLAD","items_purchased":["Burning Pact"],"gold_per_floor":[117,8,18,29,29,29,58,77,102,117,136,154,171,71,71,171,171,189,114,114,131,145,145,165,165,236,250,285,305,305],"floor_reached":30,"campfire_rested":3,"playtime":2801,"item_purchase_floors":[2],"current_hp_per_floor":[73,73,69,64,48,72,68,62,62,68,74,78,75,75,75,47,80,67,67,67,67,16,40,24,48,48,53,31,34,0],"items_purged":["Strike_R","Strike_R"],"gold":305,"score":258,"play_id":"9e5241fa-b833-4662-ba4c-2bdfe0220960","local_time":"20180531191736","is_prod":false,"is_daily":false,"chose_seed":false,"is_ascension_mode":false,"campfire_upgraded":1,"win_rate":0,"timestamp":1527808656,"campfire_choices":[{"floor":6,"key":"REST"},{"data":"Carnage","floor":15,"key":"SMITH"},{"floor":23,"key":"REST"},{"floor":25,"key":"REST"}],"path_taken":["M","$","M","M","?","R","E","M","T","M","M","?","M","$","R","BOSS","M","?","?","M","M","R","M","R","T","?","E","M","M"],"build_version":"2018-05-24","seed_source_timestamp":1994912789139,"purchased_purges":2,"victory":false,"master_deck":["Strike_R+1","Defend_R","Defend_R+1","Bash","Dropkick","Seeing Red+1","Burning Pact+1","Disarm","Carnage+1","Rage","Warcry","Pummel","Armaments","Reaper","Offering","Headbutt+1","Shockwave+1","Power Through+1","Warcry","Writhe","Carnage+1","Headbutt+1","Blood for Blood+1","Rage"],"max_hp_per_floor":[80,80,80,80,80,80,80,80,80,80,80,80,80,80,80,80,80,80,80,80,80,80,80,80,80,80,80,80,80,80],"relics":["Burning Blood","War Paint","Anchor","Astrolabe","Potion Belt","Molten Egg 2","Du-Vu Doll"],"card_choices":[{"not_picked":["Flex","Cleave"],"picked":"Seeing Red","floor":1},{"not_picked":["Havoc","Wild Strike"],"picked":"Disarm","floor":3},{"not_picked":["Clash","Clothesline"],"picked":"Carnage","floor":4},{"not_picked":["Twin Strike","Shrug It Off"],"picked":"Rage","floor":7},{"not_picked":["Wild Strike","Barricade"],"picked":"Perfected Strike","floor":8},{"not_picked":["Clothesline","Corruption"],"picked":"Warcry","floor":10},{"not_picked":["Whirlwind","Headbutt"],"picked":"Pummel","floor":11},{"not_picked":["Sword Boomerang","Anger"],"picked":"Armaments","floor":12},{"not_picked":["Flame Barrier","Body Slam"],"picked":"Reaper","floor":13},{"not_picked":["Demon Form","Impervious"],"picked":"Offering","floor":16},{"not_picked":["Fire Breathing+1","Uppercut"],"picked":"Warcry","floor":18},{"not_picked":["Flex","Wild Strike","Ghostly Armor+1"],"picked":"SKIP","floor":21},{"not_picked":["Twin Strike+1","Clothesline","Flex"],"picked":"SKIP","floor":22},{"not_picked":["Second Wind","Wild Strike"],"picked":"Carnage+1","floor":24},{"not_picked":["Ghostly Armor","Flex"],"picked":"Headbutt+1","floor":27},{"not_picked":["Sentinel","Rupture"],"picked":"Blood for Blood+1","floor":28},{"not_picked":["Clothesline+1","Twin Strike+1"],"picked":"Rage","floor":29}],"player_experience":221899,"potions_floor_usage":[7,8,16,16,16,24,24,28,28],"damage_taken":[{"damage":13,"enemies":"2 Louse","floor":1,"turns":2},{"damage":10,"enemies":"Cultist","floor":3,"turns":4},{"damage":11,"enemies":"Jaw Worm","floor":4,"turns":4},{"damage":25,"enemies":"3 Sentries","floor":7,"turns":7},{"damage":12,"enemies":"Exordium Wildlife","floor":8,"turns":5},{"damage":0,"enemies":"2 Fungi Beasts","floor":10,"turns":2},{"damage":0,"enemies":"Looter","floor":11,"turns":2},{"damage":2,"enemies":"Blue Slaver","floor":12,"turns":2},{"damage":9,"enemies":"Exordium Wildlife","floor":13,"turns":4},{"damage":41,"enemies":"The Guardian","floor":16,"turns":8},{"damage":23,"enemies":"Chosen","floor":18,"turns":6},{"damage":6,"enemies":"Shell Parasite","floor":21,"turns":4},{"damage":63,"enemies":"Cultist and Chosen","floor":22,"turns":12},{"damage":22,"enemies":"Snake Plant","floor":24,"turns":5},{"damage":5,"enemies":"Snecko","floor":27,"turns":4},{"damage":28,"enemies":"Book of Stabbing","floor":28,"turns":5},{"damage":18,"enemies":"3 Cultists","floor":29,"turns":5},{"damage":48,"enemies":"Chosen and Byrds","floor":30,"turns":7}],"relics_obtained":[{"floor":7,"key":"War Paint"},{"floor":9,"key":"Anchor"},{"floor":26,"key":"Molten Egg 2"},{"floor":28,"key":"Du-Vu Doll"}],"event_choices":[{"event_name":"Shining Light","player_choice":"Entered Light","floor":5,"damage_taken":0},{"event_name":"Beggar","player_choice":"Gave Gold","floor":19,"damage_taken":0},{"event_name":"The Mausoleum","player_choice":"Yes","floor":20,"damage_taken":0}],"boss_relics":[{"not_picked":["Snecko Eye","Black Star"],"picked":"Astrolabe"}],"items_purged_floors":[2,14],"potions_floor_spawned":[1,7,12,16,18,21,27],"seed_played":"-6619532804530266303","killed_by":"Chosen and Byrds","ascension_level":0,"potions_obtained":[{"floor":1,"key":"Regen Potion"},{"floor":7,"key":"EntropicBrew"},{"floor":12,"key":"LiquidBronze"},{"floor":16,"key":"FearPotion"},{"floor":18,"key":"Weak Potion"},{"floor":21,"key":"Dexterity Potion"},{"floor":27,"key":"Energy Potion"}],"is_trial":false}