{"gold_per_floor":[114,127,144,69,144,144,44,58,84,84,84,99,99,109,109,206,206,223,223,223,242,69,69,99,118,145,145,156,156,156,166,166,166],"floor_reached":33,"playtime":1438,"items_purged":["Defend_R","Strike_R","Burning Pact"],"score":333,"play_id":"28b285dc-80d8-4ae6-8e4b-20c579f8d259","local_time":"20180629110059","is_ascension_mode":true,"campfire_choices":[{"data":"Rampage","floor":6,"key":"SMITH"},{"data":"Perfected Strike","floor":11,"key":"SMITH"},{"floor":15,"key":"REST"},{"floor":23,"key":"REST"},{"floor":27,"key":"REST"},{"floor":32,"key":"REST"}],"neow_cost":"NONE","seed_source_timestamp":400079808263798,"circlet_count":0,"master_deck":["Strike_R","Strike_R","Strike_R","Strike_R","Defend_R","Defend_R","Defend_R","Bash","Perfected Strike+1","Rampage+1","Intimidate","Perfected Strike+1","Shrug It Off","Feed","Battle Trance","Shrug It Off","Dual Wield","Perfected Strike+1","Decay","Perfected Strike"],"relics":["Black Blood","NeowsBlessing","Lantern","Shuriken","Bronze Scales","Singing Bowl","Oddly Smooth Stone"],"potions_floor_usage":[16,16,16,24,31],"damage_taken":[{"damage":0,"enemies":"Small Slimes","floor":1,"turns":1},{"damage":0,"enemies":"Cultist","floor":2,"turns":1},{"damage":0,"enemies":"2 Louse","floor":3,"turns":1},{"damage":9,"enemies":"Blue Slaver","floor":8,"turns":2},{"damage":9,"enemies":"Red Slaver","floor":12,"turns":2},{"damage":0,"enemies":"Large Slime","floor":14,"turns":4},{"damage":38,"enemies":"Hexaghost","floor":16,"turns":9},{"damage":45,"enemies":"2 Thieves","floor":18,"turns":4},{"damage":0,"enemies":"Chosen","floor":21,"turns":4},{"damage":52,"enemies":"Slavers","floor":24,"turns":6},{"damage":29,"enemies":"Centurion and Healer","floor":25,"turns":7},{"damage":12,"enemies":"Snake Plant","floor":28,"turns":4},{"damage":20,"enemies":"Snecko","floor":31,"turns":4},{"damage":58,"enemies":"Collector","floor":33,"turns":4}],"seed_played":"-3263726954659635925","potions_obtained":[{"floor":2,"key":"EssenceOfSteel"},{"floor":8,"key":"Energy Potion"},{"floor":12,"key":"Explosive Potion"},{"floor":21,"key":"PowerPotion"},{"floor":28,"key":"AttackPotion"}],"is_trial":false,"path_per_floor":["M","M","M","$","?","R","$","M","T","?","R","M","T","M","R","B",null,"M","?","?","M","$","R","E","M","T","R","M","?","?","M","R"],"character_chosen":"IRONCLAD","items_purchased":["Shrug It Off"],"campfire_rested":4,"item_purchase_floors":[22],"current_hp_per_floor":[80,80,80,80,69,69,69,66,66,66,66,63,63,69,80,48,80,45,45,45,55,55,79,40,21,21,45,43,43,43,33,57,0],"gold":166,"neow_bonus":"THREE_ENEMY_KILL","is_prod":false,"is_daily":false,"chose_seed":false,"campfire_upgraded":2,"win_rate":0,"timestamp":1530284459,"path_taken":["M","M","M","$","?","R","$","?","T","?","R","M","?","M","R","BOSS","M","?","?","M","$","R","E","M","T","R","M","?","?","M","R","BOSS"],"build_version":"2018-06-28","purchased_purges":3,"victory":false,"max_hp_per_floor":[80,80,80,80,80,80,80,80,80,80,80,80,80,80,80,80,80,80,80,80,80,80,80,83,83,83,83,83,83,83,83,83,83],"card_choices":[{"not_picked":["Pommel Strike","Havoc"],"picked":"Perfected Strike","floor":1},{"not_picked":["Headbutt","Seeing Red"],"picked":"Rampage","floor":2},{"not_picked":["Havoc","Warcry"],"picked":"Intimidate","floor":3},{"not_picked":["Body Slam","Thunderclap"],"picked":"Perfected Strike","floor":8},{"not_picked":["Sever Soul","Flex"],"picked":"Burning Pact","floor":12},{"not_picked":["Iron Wave","Havoc"],"picked":"Shrug It Off","floor":14},{"not_picked":["Limit Break","Demon Form"],"picked":"Feed","floor":16},{"not_picked":["Second Wind","Cleave","Flex"],"picked":"SKIP","floor":18},{"not_picked":["Clothesline","Combust"],"picked":"Battle Trance","floor":21},{"not_picked":["Burning Pact","Clash"],"picked":"Dual Wield","floor":24},{"not_picked":["Thunderclap","Burning Pact","Clash"],"picked":"SKIP","floor":25},{"not_picked":["Pummel","Combust"],"picked":"Perfected Strike+1","floor":28},{"not_picked":["Cleave","Body Slam+1"],"picked":"Perfected Strike","floor":31}],"player_experience":849463,"relics_obtained":[{"floor":9,"key":"Lantern"},{"floor":13,"key":"Shuriken"},{"floor":24,"key":"Bronze Scales"},{"floor":26,"key":"Singing Bowl"}],"event_choices":[{"event_name":"World of Goop","player_choice":"Gather Gold","floor":5,"damage_taken":0},{"event_name":"Upgrade Shrine","player_choice":"Upgraded","floor":10,"damage_taken":0},{"event_name":"Accursed Blacksmith","player_choice":"Ignore","floor":19,"damage_taken":0},{"event_name":"Ghosts","player_choice":"Ignored","floor":20,"damage_taken":0},{"event_name":"The Mausoleum","player_choice":"Yes","floor":29,"damage_taken":0},{"event_name":"Forgotten Altar","player_choice":"Smashed Altar","floor":30,"damage_taken":0}],"boss_relics":[{"not_picked":["Runic Pyramid","Tiny House"],"picked":"Black Blood"}],"items_purged_floors":[4,7,22],"is_endless":false,"potions_floor_spawned":[2,8,12,21,28],"killed_by":"Collector","ascension_level":4}