{"gold_per_floor":[112,130,130,142,158,183,183,203,203,217,229,229,229,246,246,343,343,358,130,130,130,142,142,42,56,56,76,76,94,111,129,129,129],"floor_reached":33,"playtime":1931,"items_purged":["Strike_B","Strike_B"],"score":355,"play_id":"efd8f172-041a-4e89-aa68-5680f6380796","local_time":"20180715010811","is_ascension_mode":false,"campfire_choices":[{"floor":7,"key":"REST"},{"floor":12,"key":"REST"},{"floor":15,"key":"REST"},{"data":"Zap","floor":23,"key":"SMITH"},{"floor":32,"key":"REST"}],"neow_cost":"","seed_source_timestamp":0,"circlet_count":0,"master_deck":["Strike_B","Defend_B","Defend_B","Defend_B","Defend_B","Zap+1","Dualcast","Darkness","Gash","Beam Cell","Steam Power","Leap","Hologram","Go for the Eyes","Beam Cell","Gash","Machine Learning","Sweeping Beam","Genetic Algorithm","Self Repair","Gash","Steam+1","Steam Power+1","Leap+1"],"relics":["Cracked Core","Strawberry","Symbiotic Virus","Nuclear Battery","Bag of Marbles","Toxic Egg 2"],"potions_floor_usage":[2,14,29,29,30,33,33],"damage_taken":[{"damage":3,"enemies":"Small Slimes","floor":1,"turns":3},{"damage":7,"enemies":"Jaw Worm","floor":2,"turns":4},{"damage":0,"enemies":"Cultist","floor":4,"turns":3},{"damage":17,"enemies":"Exordium Wildlife","floor":5,"turns":4},{"damage":55,"enemies":"Gremlin Nob","floor":6,"turns":5},{"damage":11,"enemies":"Exordium Thugs","floor":8,"turns":3},{"damage":6,"enemies":"Red Slaver","floor":10,"turns":4},{"damage":13,"enemies":"3 Louse","floor":11,"turns":3},{"damage":3,"enemies":"Gremlin Gang","floor":14,"turns":4},{"damage":30,"enemies":"The Guardian","floor":16,"turns":10},{"damage":20,"enemies":"2 Thieves","floor":18,"turns":4},{"damage":1,"enemies":"Chosen","floor":22,"turns":3},{"damage":41,"enemies":"Slaver and Parasite","floor":25,"turns":7},{"damage":17,"enemies":"Centurion and Healer","floor":27,"turns":8},{"damage":6,"enemies":"Cultist and Chosen","floor":29,"turns":5},{"damage":16,"enemies":"Snecko","floor":30,"turns":5},{"damage":9,"enemies":"Centurion and Healer","floor":31,"turns":7},{"damage":56,"enemies":"Champ","floor":33,"turns":10}],"seed_played":"8409638603419825268","potions_obtained":[{"floor":1,"key":"SkillPotion"},{"floor":2,"key":"FairyPotion"},{"floor":6,"key":"FearPotion"},{"floor":10,"key":"LiquidBronze"},{"floor":22,"key":"FocusPotion"},{"floor":25,"key":"PowerPotion"},{"floor":29,"key":"FearPotion"},{"floor":31,"key":"Fire Potion"}],"is_trial":true,"path_per_floor":["M","M","?","M","M","E","R","M","T","M","M","R","?","M","R","B",null,"M","$","?","$","M","R","$","M","T","M","?","M","M","M","R"],"character_chosen":"DEFECT","items_purchased":["Bag of Marbles"],"campfire_rested":4,"item_purchase_floors":[19],"current_hp_per_floor":[72,65,65,65,48,14,38,27,27,21,8,32,32,29,53,23,82,62,62,82,82,81,81,81,40,40,30,30,31,22,20,44,0],"gold":129,"neow_bonus":"","is_prod":false,"is_daily":false,"chose_seed":false,"campfire_upgraded":1,"win_rate":0,"timestamp":1531631291,"path_taken":["M","M","?","M","M","E","R","M","T","M","?","R","?","?","R","BOSS","M","$","?","$","M","R","$","M","T","M","?","M","M","M","R","BOSS"],"build_version":"2018-07-12","purchased_purges":2,"victory":false,"max_hp_per_floor":[75,75,75,75,75,82,82,82,82,82,82,82,82,82,82,82,82,82,82,82,82,82,82,82,82,82,82,82,82,82,82,82,82],"card_choices":[{"not_picked":["Undo","Sweeping Beam"],"picked":"Darkness","floor":1},{"not_picked":["Skim","Turbo"],"picked":"Gash","floor":2},{"not_picked":["Leap","Ball Lightning"],"picked":"Beam Cell","floor":4},{"not_picked":["Barrage","Rebound"],"picked":"Steam Power","floor":5},{"not_picked":["Barrage","Rainbow"],"picked":"Leap","floor":6},{"not_picked":["Coolheaded","Redo"],"picked":"Hologram","floor":8},{"not_picked":["Force Field","Cold Snap"],"picked":"Go for the Eyes","floor":10},{"not_picked":["Skim","Blizzard"],"picked":"Beam Cell","floor":11},{"not_picked":["Streamline","Thunder Strike"],"picked":"Gash","floor":14},{"not_picked":["Fission","Meteor Strike"],"picked":"Machine Learning","floor":16},{"not_picked":["Coolheaded","Blizzard+1"],"picked":"Sweeping Beam","floor":18},{"not_picked":["Coolheaded+1","Steam"],"picked":"Genetic Algorithm","floor":22},{"not_picked":["Meteor Strike","Loop+1"],"picked":"Self Repair","floor":25},{"not_picked":["Skim+1","Leap+1"],"picked":"Gash","floor":27},{"not_picked":["Barrage","Sunder"],"picked":"Steam+1","floor":29},{"not_picked":["Heatsinks","Streamline+1"],"picked":"Steam Power+1","floor":30},{"not_picked":["Streamline","Melter+1"],"picked":"Leap+1","floor":31}],"player_experience":1112262,"relics_obtained":[{"floor":6,"key":"Strawberry"},{"floor":9,"key":"Symbiotic Virus"},{"floor":26,"key":"Toxic Egg 2"}],"event_choices":[{"event_name":"Living Wall","player_choice":"Forget","floor":3,"damage_taken":0},{"event_name":"Golden Idol","player_choice":"Ignored","floor":13,"damage_taken":0},{"event_name":"Wheel of Change","player_choice":"Full Heal","floor":20,"damage_taken":0},{"event_name":"Ghosts","player_choice":"Ignored","floor":28,"damage_taken":0}],"boss_relics":[{"not_picked":["Runic Dome","Velvet Choker"],"picked":"Nuclear Battery"}],"items_purged_floors":[19,24],"is_endless":true,"potions_floor_spawned":[1,2,6,10,22,25,29,31],"killed_by":"Champ","ascension_level":0}