{"gold_per_floor":[111,111,111,123,174,174,191,191,191,50,50,62,77,93,93,93],"floor_reached":16,"playtime":806,"items_purged":[],"score":92,"play_id":"9c1e5c1f-e806-491c-8fa2-d1ab025f13a3","local_time":"20190123131108","is_ascension_mode":false,"campfire_choices":[{"data":"Bash","floor":6,"key":"SMITH"},{"data":"Seeing Red","floor":11,"key":"SMITH"},{"data":"Armaments","floor":15,"key":"SMITH"}],"neow_cost":"NONE","seed_source_timestamp":1022302799626669,"circlet_count":0,"master_deck":["Strike_R+1","Strike_R","Strike_R","Strike_R","Strike_R","Defend_R","Defend_R","Defend_R","Defend_R","Bash+1","True Grit","Shrug It Off+1","True Grit","Shockwave","Seeing Red+1","Burning Pact","Spot Weakness","Armaments+1"],"relics":["Burning Blood","Anchor","Strawberry","Ginger"],"potions_floor_usage":[12,12],"damage_taken":[{"damage":6,"enemies":"Cultist","floor":1,"turns":4},{"damage":2,"enemies":"Jaw Worm","floor":4,"turns":4},{"damage":5,"enemies":"2 Louse","floor":7,"turns":4},{"damage":6,"enemies":"Exordium Wildlife","floor":12,"turns":4},{"damage":10,"enemies":"2 Fungi Beasts","floor":13,"turns":4},{"damage":4,"enemies":"Red Slaver","floor":14,"turns":6},{"damage":72,"enemies":"Slime Boss","floor":16,"turns":13}],"seed_played":"-8777112601454022406","potions_obtained":[{"floor":4,"key":"Poison Potion"},{"floor":7,"key":"Fire Potion"}],"is_trial":false,"path_per_floor":["M","?","?","M","T","R","M","?","T","$","R","M","M","M","R","B"],"character_chosen":"IRONCLAD","items_purchased":["Shockwave","Seeing Red"],"campfire_rested":0,"item_purchase_floors":[10,10],"current_hp_per_floor":[80,85,85,85,92,92,92,74,74,74,74,74,70,72,72,0],"gold":93,"neow_bonus":"RANDOM_COMMON_RELIC","is_prod":false,"is_daily":false,"chose_seed":false,"campfire_upgraded":3,"win_rate":0,"timestamp":1548277868,"path_taken":["M","?","?","M","?","R","?","?","T","$","R","M","M","M","R","BOSS"],"build_version":"2019-01-23","purchased_purges":0,"victory":false,"max_hp_per_floor":[80,85,85,85,92,92,92,92,92,92,92,92,92,92,92,92],"card_choices":[{"not_picked":["Twin Strike","Seeing Red"],"picked":"True Grit","floor":1},{"not_picked":["Pommel Strike","Dropkick"],"picked":"Shrug It Off","floor":4},{"not_picked":["Cleave","Thunderclap"],"picked":"True Grit","floor":7},{"not_picked":["Body Slam","Flex"],"picked":"Burning Pact","floor":12},{"not_picked":["Anger","Warcry"],"picked":"Spot Weakness","floor":13},{"not_picked":["Thunderclap","Perfected Strike"],"picked":"Armaments","floor":14}],"player_experience":145856,"relics_obtained":[{"floor":5,"key":"Strawberry"},{"floor":9,"key":"Ginger"}],"event_choices":[{"damage_healed":0,"gold_gain":0,"player_choice":"Donut","damage_taken":0,"max_hp_gain":5,"max_hp_loss":0,"event_name":"Big Fish","floor":2,"gold_loss":0},{"damage_healed":0,"gold_gain":0,"player_choice":"Ignored","damage_taken":0,"max_hp_gain":0,"max_hp_loss":0,"event_name":"Golden Wing","floor":3,"gold_loss":0},{"damage_healed":0,"gold_gain":0,"player_choice":"Entered Light","damage_taken":18,"max_hp_gain":0,"max_hp_loss":0,"event_name":"Shining Light","floor":8,"gold_loss":0,"cards_upgraded":["Strike_R","Shrug It Off"]}],"is_beta":false,"boss_relics":[],"items_purged_floors":[],"is_endless":false,"potions_floor_spawned":[4,7],"killed_by":"Slime Boss","ascension_level":0}