{"gold_per_floor":[99,99,18,18,18,18,18,3,3,3,3,3,3,3,3,3,3,0,0,0,0,0,0,0,0,0,0,0,0,0,0,0,0],"floor_reached":33,"playtime":1626,"items_purged":[],"score":393,"play_id":"ced203ca-77c0-4514-abbf-36214f7e3dfd","local_time":"20181210103452","is_ascension_mode":false,"campfire_choices":[{"floor":7.0,"key":"REST"},{"floor":13.0,"key":"REST"},{"data":"Static Discharge","floor":15.0,"key":"SMITH"},{"data":"Buffer","floor":23.0,"key":"SMITH"},{"floor":28,"key":"REST"},{"floor":32,"key":"REST"}],"neow_cost":"NONE","seed_source_timestamp":149540673000715,"circlet_count":0,"master_deck":["Strike_B","Strike_B","Strike_B","Strike_B","Defend_B","Defend_B","Defend_B","Defend_B","Zap","Dualcast","Gash","Go for the Eyes","Static Discharge+1","Coolheaded","Compile Driver","FTL","Streamline","Capacitor","Doom and Gloom","Genetic Algorithm","Coolheaded","Buffer","Buffer+1","Beam Cell","Loop","Rebound+1","Steam+1","Hologram","Hologram","Steam"],"special_seed":0,"relics":["Ectoplasm","DataDisk","Smiling Mask","Lizard Tail","Pen Nib","Bottled Tornado"],"potions_floor_usage":[27,29],"damage_taken":[{"damage":1.0,"enemies":"Cultist","floor":1.0,"turns":4.0},{"damage":2.0,"enemies":"Jaw Worm","floor":2.0,"turns":4.0},{"damage":0.0,"enemies":"2 Louse","floor":4.0,"turns":2.0},{"damage":11.0,"enemies":"Large Slime","floor":5.0,"turns":4.0},{"damage":6.0,"enemies":"Exordium Thugs","floor":6.0,"turns":5.0},{"damage":8.0,"enemies":"Looter","floor":8.0,"turns":2.0},{"damage":6.0,"enemies":"3 Sentries","floor":10.0,"turns":4.0},{"damage":8.0,"enemies":"Exordium Wildlife","floor":11.0,"turns":3.0},{"damage":7.0,"enemies":"2 Fungi Beasts","floor":12.0,"turns":3.0},{"damage":14.0,"enemies":"Large Slime","floor":14.0,"turns":5.0},{"damage":1.0,"enemies":"The Guardian","floor":16.0,"turns":9.0},{"damage":21.0,"enemies":"2 Thieves","floor":18.0,"turns":3.0},{"damage":8.0,"enemies":"Shell Parasite","floor":21.0,"turns":6.0},{"damage":0.0,"enemies":"Snecko","floor":22.0,"turns":7.0},{"damage":21.0,"enemies":"Slavers","floor":24.0,"turns":5.0},{"damage":54,"enemies":"Gremlin Leader","floor":27,"turns":6},{"damage":11,"enemies":"Sentry and Sphere","floor":29,"turns":6},{"damage":9,"enemies":"Snake Plant","floor":30,"turns":4},{"damage":43,"enemies":"Collector","floor":33,"turns":11}],"seed_played":"-8635418120984408502","potions_obtained":[{"floor":4.0,"key":"PowerPotion"},{"floor":6.0,"key":"Fire Potion"},{"floor":10.0,"key":"Weak Potion"},{"floor":11.0,"key":"FocusPotion"},{"floor":16.0,"key":"Ancient Potion"},{"floor":22.0,"key":"EssenceOfSteel"},{"floor":27,"key":"Fire Potion"}],"is_trial":false,"path_per_floor":["M","M","$","M","M","M","R","M","T","E","M","M","R","M","R","B",null,"M","$","?","M","M","R","E","$","T","E","R","M","M","?","R","B"],"character_chosen":"DEFECT","items_purchased":["Static Discharge","Coolheaded"],"campfire_rested":4,"item_purchase_floors":[3,3],"current_hp_per_floor":[74,72,72,72,61,55,75,67,67,61,53,46,68,54,54,53,75,54,54,54,46,46,46,25,25,25,10,32,21,12,12,34,0],"gold":0,"neow_bonus":"BOSS_RELIC","is_prod":false,"is_daily":false,"chose_seed":false,"campfire_upgraded":2,"win_rate":0,"timestamp":1544456092,"path_taken":["M","M","$","?","M","M","R","M","T","E","M","M","R","?","R","BOSS","M","$","?","M","M","R","E","?","T","E","R","M","?","?","R","BOSS"],"build_version":"2018-12-06","purchased_purges":0,"victory":false,"max_hp_per_floor":[75,75,75,75,75,75,75,75,75,75,75,75,75,75,75,75,75,75,75,75,75,75,75,75,75,75,75,75,75,75,75,75,75],"card_choices":[{"not_picked":["Rebound","Beam Cell"],"picked":"Gash","floor":1.0},{"not_picked":["Stack","Streamline"],"picked":"Go for the Eyes","floor":2.0},{"not_picked":["Rainbow","Barrage"],"picked":"Compile Driver","floor":4.0},{"not_picked":["Leap","Stack"],"picked":"FTL","floor":5.0},{"not_picked":["Hello World","Tempest"],"picked":"Streamline","floor":6.0},{"not_picked":["Coolheaded","Storm"],"picked":"Capacitor","floor":8.0},{"not_picked":["Force Field","Undo"],"picked":"Doom and Gloom","floor":10.0},{"not_picked":["Cold Snap","Steam"],"picked":"Genetic Algorithm","floor":11.0},{"not_picked":["Conserve Battery","Redo"],"picked":"Coolheaded","floor":12.0},{"not_picked":["Scrape","Rip and Tear"],"picked":"Buffer","floor":14.0},{"not_picked":["Multi-Cast","Thunder Strike"],"picked":"Buffer","floor":16.0},{"not_picked":["Genetic Algorithm","Tempest"],"picked":"Beam Cell","floor":18.0},{"not_picked":["Skim+1","Cold Snap"],"picked":"Loop","floor":21.0},{"not_picked":["Steam","Turbo"],"picked":"Rebound+1","floor":22.0},{"not_picked":["Doom and Gloom","Consume"],"picked":"Steam+1","floor":24.0},{"not_picked":["Cold Snap","Hologram","Beam Cell"],"picked":"SKIP","floor":27},{"not_picked":["Cold Snap","Beam Cell"],"picked":"Hologram","floor":27},{"not_picked":["Loop","White Noise"],"picked":"Hologram","floor":29},{"not_picked":["Stack","Undo+1"],"picked":"Steam","floor":30}],"player_experience":1830012,"relics_obtained":[{"floor":9.0,"key":"DataDisk"},{"floor":10.0,"key":"Smiling Mask"},{"floor":24.0,"key":"Pen Nib"},{"floor":27,"key":"Bottled Tornado"}],"event_choices":[{"damage_healed":0.0,"max_hp_gain":0.0,"max_hp_loss":0.0,"gold_gain":0.0,"event_name":"Beggar","player_choice":"Ignored","floor":20.0,"gold_loss":0.0,"damage_taken":0.0},{"damage_healed":0,"gold_gain":0,"player_choice":"Ignored","damage_taken":0,"max_hp_gain":0,"max_hp_loss":0,"event_name":"Ghosts","floor":31,"gold_loss":0}],"is_beta":false,"boss_relics":[{"not_picked":["Tiny House","Snecko Eye"],"picked":"Lizard Tail"}],"items_purged_floors":[],"is_endless":false,"potions_floor_spawned":[4,6,10,11,16,22,27],"killed_by":"Collector","ascension_level":0}