{"gold_per_floor":[112,124,374,374,385,385,385,412,483,4,4,4,21,48,48,149,149,139,139,139,39,39,39,72,84,107,127,127],"floor_reached":28,"playtime":2570,"items_purged":["Strike_G","Defend_G"],"score":293,"play_id":"a09b3f87-64df-461e-a3a6-75f9919dba8e","local_time":"20180629041757","is_ascension_mode":true,"campfire_choices":[{"data":"Neutralize","floor":6,"key":"SMITH"},{"floor":12,"key":"REST"},{"floor":15,"key":"REST"},{"data":"Flechettes","floor":23,"key":"SMITH"}],"neow_cost":"","seed_source_timestamp":196292241434278,"circlet_count":0,"master_deck":["Defend_G+1","Defend_G","Defend_G","Strike_G+1","Strike_G","Strike_G","Survivor","Neutralize+1","Poisoned Stab","Regret","Leg Sweep","Backflip","Crippling Poison","Footwork","Night Terror+1","Burst+1","Distraction+1","Tools of the Trade","Outmaneuver+1","PiercingWail+1","Dodge and Roll+1","Infinite Blades","Flechettes+1","Well Laid Plans","Crippling Poison+1"],"relics":["Ring of the Snake","Bag of Marbles","Ninja Scroll","Toxic Egg 2","Juzu Bracelet","Orrery","Bronze Scales","Omamori","Singing Bowl"],"potions_floor_usage":[8,16,18,28],"damage_taken":[{"damage":3,"enemies":"2 Louse","floor":1,"turns":3},{"damage":1,"enemies":"Cultist","floor":2,"turns":4},{"damage":3,"enemies":"Jaw Worm","floor":5,"turns":4},{"damage":19,"enemies":"Gremlin Nob","floor":8,"turns":5},{"damage":4,"enemies":"Looter","floor":13,"turns":3},{"damage":17,"enemies":"Lagavulin","floor":14,"turns":7},{"damage":17,"enemies":"The Guardian","floor":16,"turns":16},{"damage":8,"enemies":"2 Thieves","floor":18,"turns":4},{"damage":24,"enemies":"Book of Stabbing","floor":24,"turns":7},{"damage":10,"enemies":"Shell Parasite","floor":25,"turns":5},{"damage":13,"enemies":"Centurion and Healer","floor":27,"turns":5},{"damage":19,"enemies":"Sentry and Sphere","floor":28,"turns":7}],"seed_played":"9072777759167178268","potions_obtained":[{"floor":2,"key":"EssenceOfSteel"},{"floor":8,"key":"SpeedPotion"},{"floor":16,"key":"Energy Potion"},{"floor":25,"key":"Swift Potion"},{"floor":27,"key":"SteroidPotion"}],"is_trial":false,"path_per_floor":["M","M","?","?","M","R","?","E","T","$","?","R","M","E","R","B",null,"M","?","?","$","?","R","E","M","T","M"],"character_chosen":"THE_SILENT","items_purchased":["Toxic Egg 2","Footwork","Night Terror"],"campfire_rested":2,"item_purchase_floors":[10,10,10],"current_hp_per_floor":[67,66,66,66,63,63,49,30,30,30,23,44,40,23,44,27,70,62,62,62,62,62,62,38,28,28,17,0],"gold":127,"neow_bonus":"","is_prod":false,"is_daily":false,"chose_seed":false,"campfire_upgraded":2,"win_rate":0,"timestamp":1530263877,"path_taken":["M","M","?","?","?","R","?","E","T","$","?","R","?","E","R","BOSS","M","?","?","?","?","R","E","M","T","M","M"],"build_version":"2018-06-28","purchased_purges":2,"victory":false,"max_hp_per_floor":[70,70,70,70,70,70,70,70,70,70,70,70,70,70,70,70,70,70,70,70,70,70,70,70,70,70,72,72],"card_choices":[{"not_picked":["Dodge and Roll","Cloak And Dagger"],"picked":"Poisoned Stab","floor":1},{"not_picked":["Eviscerate","Outmaneuver","Crippling Poison"],"picked":"SKIP","floor":2},{"not_picked":["Escape Plan","Masterful Stab"],"picked":"Backflip","floor":5},{"not_picked":["Backflip","Dodge and Roll"],"picked":"Crippling Poison","floor":8},{"not_picked":["Backflip+1","Dodge and Roll+1"],"picked":"Burst+1","floor":13},{"not_picked":["Quick Slash","Heel Hook"],"picked":"Distraction+1","floor":14},{"not_picked":["Night Terror+1","Bullet Time+1"],"picked":"Tools of the Trade","floor":16},{"not_picked":["Backflip+1","Dagger Spray"],"picked":"Outmaneuver+1","floor":17},{"not_picked":["Dagger Spray","Endless Agony"],"picked":"PiercingWail+1","floor":17},{"not_picked":["Endless Agony","Eviscerate"],"picked":"Dodge and Roll+1","floor":17},{"not_picked":["Slice","Dagger Spray"],"picked":"Infinite Blades","floor":17},{"not_picked":["Quick Slash+1","Leg Sweep+1"],"picked":"Flechettes","floor":18},{"not_picked":["Dagger Throw","Heel Hook"],"picked":"Crippling Poison+1","floor":24},{"not_picked":["Distraction+1","Backflip+1","Reflex+1"],"picked":"SKIP","floor":25},{"not_picked":["Quick Slash","Deflect+1","Night Terror+1"],"picked":"Singing Bowl","floor":27}],"player_experience":172034,"relics_obtained":[{"floor":8,"key":"Bag of Marbles"},{"floor":9,"key":"Ninja Scroll"},{"floor":14,"key":"Juzu Bracelet"},{"floor":24,"key":"Omamori"},{"floor":26,"key":"Singing Bowl"}],"event_choices":[{"event_name":"Golden Shrine","player_choice":"Desecrate","floor":3,"damage_taken":0},{"event_name":"Transmorgrifier","player_choice":"Transform","floor":4,"damage_taken":0},{"event_name":"Shining Light","player_choice":"Entered Light","floor":7,"damage_taken":0},{"event_name":"Golden Wing","player_choice":"Card Removal","floor":11,"damage_taken":0},{"event_name":"The Mausoleum","player_choice":"Yes","floor":19,"damage_taken":0},{"event_name":"The Library","player_choice":"Read","floor":20,"damage_taken":0},{"event_name":"Beggar","player_choice":"Ignored","floor":22,"damage_taken":0}],"boss_relics":[{"not_picked":["Pandora\u0027s Box","White Beast Statue"],"picked":"Orrery"}],"items_purged_floors":[10,21],"is_endless":false,"potions_floor_spawned":[2,8,16,25,27],"killed_by":"Sentry and Sphere","ascension_level":4}