{"gold_per_floor":[114,114,129,129,129,129,159,159,159,159,174,204,234,249,249,349,349,364,414,444,459,474,504,419,434,434,434,300,315,315,330,330,430,430,445,445,460,490,240,240,255,285,310,340,355,385,400,415,415,415],"floor_reached":51,"playtime":2905,"items_purged":[],"score":927,"play_id":"4027f06b-0d1e-41fe-adef-d36bf62493b1","local_time":"20181111120839","daily_mods":["Insanity","Diverse","DeadlyEvents"],"is_ascension_mode":false,"campfire_choices":[{"data":"Fusion","floor":6,"key":"SMITH"},{"data":"Infinite Blades","floor":8,"key":"SMITH"},{"data":"Armaments","floor":10,"key":"SMITH"},{"data":"Bullet Time","floor":15,"key":"SMITH"},{"floor":27,"key":"REST"},{"data":"Go for the Eyes","floor":30,"key":"SMITH"},{"data":"After Image","floor":32,"key":"SMITH"},{"data":"Cloak And Dagger","floor":40,"key":"SMITH"},{"data":"Reinforced Body","floor":49,"key":"SMITH"}],"neow_cost":"","seed_source_timestamp":0,"circlet_count":0,"master_deck":["Dagger Spray","Acrobatics","Auto Shields","Cloak And Dagger","Streamline","Iron Wave","Cleave","Battle Trance","Infinite Blades+1","Cloak And Dagger+1","Leap","Reflex","Cloak And Dagger","Entrench","Clothesline","Skim","Sever Soul","Compile Driver","Disarm","Sword Boomerang","Iron Wave","Evolve","Stack","Perfected Strike","FTL","Gash","Lockon","Chaos","Heavy Blade","Clash","Armaments+1","Reinforced Body+1","Intimidate","Deflect","Flechettes","Deflect","Hologram","Outmaneuver","Hemokinesis","Blood for Blood","Go for the Eyes+1","Thunderclap","Flex","Reckless Charge","Deadly Poison","Well Laid Plans","Finisher","Sucker Punch","Quick Slash","Fusion+1","Bullet Time+1","Neutralize","Leg Sweep","Body Slam+1","Sever Soul+1","Iron Wave+1","Rebound+1","Sweeping Beam+1","Echo Form","Accuracy","Self Repair","Slice+1","Burst","Coolheaded+1","Caltrops","Blade Dance","Clash+1","After Image+1","Immolate+1","Blade Dance","Doom and Gloom+1","Riddle With Holes+1","Cold Snap+1","Clash+1","Static Discharge","Blade Dance+1","Shrug It Off+1","Undo+1","Body Slam+1","Inflame"],"special_seed":17846,"relics":["Ring of the Snake","Molten Egg 2","Bird Faced Urn","Bronze Scales","Happy Flower","Regal Pillow","WristBlade","Lantern","The Specimen","Incense Burner","Gambling Chip","Orrery","Boot","Bag of Preparation","Ancient Tea Set","Dream Catcher","Blue Candle","Art of War"],"potions_floor_usage":[23,23,38,38,44,44,45,47,50,50],"damage_taken":[{"damage":0,"enemies":"Jaw Worm","floor":1,"turns":3},{"damage":0,"enemies":"Cultist","floor":3,"turns":2},{"damage":13,"enemies":"Lagavulin","floor":7,"turns":9},{"damage":0,"enemies":"Small Slimes","floor":11,"turns":3},{"damage":14,"enemies":"3 Sentries","floor":12,"turns":5},{"damage":0,"enemies":"Lagavulin","floor":13,"turns":5},{"damage":4,"enemies":"Looter","floor":14,"turns":3},{"damage":56,"enemies":"The Guardian","floor":16,"turns":9},{"damage":11,"enemies":"2 Thieves","floor":18,"turns":3},{"damage":23,"enemies":"Book of Stabbing","floor":20,"turns":5},{"damage":0,"enemies":"Shell Parasite","floor":21,"turns":3},{"damage":0,"enemies":"Centurion and Healer","floor":22,"turns":3},{"damage":25,"enemies":"Gremlin Leader","floor":23,"turns":7},{"damage":14,"enemies":"Shelled Parasite and Fungi","floor":25,"turns":3},{"damage":18,"enemies":"3 Cultists","floor":29,"turns":4},{"damage":5,"enemies":"Cultist and Chosen","floor":31,"turns":4},{"damage":6,"enemies":"Champ","floor":33,"turns":13},{"damage":13,"enemies":"3 Shapes","floor":35,"turns":3},{"damage":9,"enemies":"Orb Walker","floor":37,"turns":4},{"damage":0,"enemies":"Reptomancer","floor":38,"turns":7},{"damage":3,"enemies":"Sphere and 2 Shapes","floor":41,"turns":3},{"damage":2,"enemies":"Giant Head","floor":42,"turns":8},{"damage":16,"enemies":"Reptomancer","floor":44,"turns":4},{"damage":30,"enemies":"3 Darklings","floor":45,"turns":3},{"damage":9,"enemies":"Giant Head","floor":46,"turns":8},{"damage":8,"enemies":"Maw","floor":47,"turns":7},{"damage":8,"enemies":"4 Shapes","floor":48,"turns":6},{"damage":25,"enemies":"Time Eater","floor":50,"turns":8}],"seed_played":"4248358927187569089","potions_obtained":[{"floor":7,"key":"SpeedPotion"},{"floor":12,"key":"PowerPotion"},{"floor":14,"key":"FearPotion"},{"floor":23,"key":"AttackPotion"},{"floor":46,"key":"GamblersBrew"},{"floor":47,"key":"EntropicBrew"}],"is_trial":false,"path_per_floor":["M","?","M","?","T","R","E","R","T","R","M","E","E","M","R","B",null,"M","?","E","M","M","E","?","M","T","R","$","M","R","M","R","B",null,"M","?","M","E","$","R","M","E","T","E","M","E","M","M","R","B",null],"character_chosen":"THE_SILENT","items_purchased":["Caltrops","Blade Dance","SkillPotion","Bag of Preparation","PowerPotion","AttackPotion"],"campfire_rested":1,"item_purchase_floors":[28,28,28,39,39,39],"current_hp_per_floor":[70,70,70,75,75,75,62,62,62,62,64,56,60,58,58,6,75,64,64,45,56,58,41,41,40,40,75,75,59,59,69,69,74,75,62,62,61,69,69,69,72,73,73,70,45,55,55,66,66,53],"gold":415,"neow_bonus":"","is_prod":false,"is_daily":true,"chose_seed":false,"campfire_upgraded":8,"win_rate":0,"timestamp":1541934519,"path_taken":["M","?","?","?","?","R","E","R","T","R","M","?","E","M","R","BOSS","M","?","?","M","M","E","?","M","T","R","$","M","R","?","R","BOSS","M","?","M","?","$","R","?","?","T","E","M","E","M","M","R","BOSS"],"build_version":"2018-11-08","purchased_purges":0,"victory":true,"max_hp_per_floor":[70,70,70,75,75,75,75,75,75,75,75,75,75,75,75,75,75,75,75,75,75,75,75,75,75,75,75,75,75,75,75,75,75,75,75,75,75,75,75,75,75,75,75,75,75,75,75,75,75,75],"card_choices":[{"not_picked":["Go for the Eyes","Flex"],"picked":"Fusion","floor":1},{"not_picked":["Predator","Concentrate"],"picked":"Leg Sweep","floor":3},{"not_picked":["Bane+1","Anger+1"],"picked":"Body Slam+1","floor":7},{"not_picked":["Coolheaded","Reprogram"],"picked":"Sever Soul+1","floor":11},{"not_picked":["Evolve","Distraction"],"picked":"Iron Wave+1","floor":12},{"not_picked":["Machine Learning","Redo"],"picked":"Rebound+1","floor":13},{"not_picked":["Force Field","Undo"],"picked":"Sweeping Beam+1","floor":14},{"not_picked":["Night Terror","Biased Cognition"],"picked":"Echo Form","floor":16},{"not_picked":["Rebound+1","Barrage+1"],"picked":"Accuracy","floor":18},{"not_picked":["Dagger Throw+1","Calculated Gamble"],"picked":"Self Repair","floor":20},{"not_picked":["Bloodletting","Setup+1"],"picked":"Slice+1","floor":21},{"not_picked":["Quick Slash+1","Combust","Steam"],"picked":"SKIP","floor":22},{"not_picked":["Rip and Tear+1","Terror"],"picked":"Burst","floor":23},{"not_picked":["Acrobatics+1","Deadly Poison"],"picked":"Coolheaded+1","floor":25},{"not_picked":["Sweeping Beam+1","Redo"],"picked":"Clash+1","floor":29},{"not_picked":["Sweeping Beam+1","All Out Attack+1"],"picked":"After Image","floor":31},{"not_picked":["Exhume","Glass Knife+1"],"picked":"Immolate+1","floor":33},{"not_picked":["Clothesline+1","Anger+1"],"picked":"Blade Dance","floor":34},{"not_picked":["All Out Attack+1","Evolve"],"picked":"Doom and Gloom+1","floor":34},{"not_picked":["Leg Sweep","Havoc+1"],"picked":"Riddle With Holes+1","floor":34},{"not_picked":["Thunderclap+1","Sentinel"],"picked":"Cold Snap+1","floor":34},{"not_picked":["Twin Strike+1","Outmaneuver","Poisoned Stab+1"],"picked":"SKIP","floor":35},{"not_picked":["Ball Lightning+1","Headbutt+1"],"picked":"Static Discharge","floor":37},{"not_picked":["Dual Wield+1","Dash+1"],"picked":"Blade Dance+1","floor":38},{"not_picked":["Leg Sweep","Reinforced Body+1"],"picked":"Shrug It Off+1","floor":41},{"not_picked":["Accuracy","Clothesline+1","Catalyst+1"],"picked":"SKIP","floor":42},{"not_picked":["Meteor Strike+1","Heatsinks"],"picked":"Undo+1","floor":44},{"not_picked":["Havoc+1","Dodge and Roll+1"],"picked":"Body Slam+1","floor":45},{"not_picked":["Warcry","Dropkick+1","Havoc"],"picked":"SKIP","floor":46},{"not_picked":["Deflect","Clothesline+1"],"picked":"Inflame","floor":47},{"not_picked":["Perfected Strike+1","Sweeping Beam+1","Armaments"],"picked":"SKIP","floor":48}],"player_experience":1677647,"relics_obtained":[{"floor":5,"key":"Molten Egg 2"},{"floor":7,"key":"Bird Faced Urn"},{"floor":9,"key":"Bronze Scales"},{"floor":12,"key":"Happy Flower"},{"floor":13,"key":"Regal Pillow"},{"floor":20,"key":"Lantern"},{"floor":23,"key":"The Specimen"},{"floor":26,"key":"Gambling Chip"},{"floor":38,"key":"Boot"},{"floor":42,"key":"Ancient Tea Set"},{"floor":43,"key":"Dream Catcher"},{"floor":44,"key":"Blue Candle"},{"floor":46,"key":"Art of War"}],"event_choices":[{"damage_healed":0,"gold_gain":0,"player_choice":"2 cards matched","damage_taken":0,"max_hp_gain":0,"max_hp_loss":0,"event_name":"Match and Keep!","floor":2,"gold_loss":0,"cards_obtained":["Bullet Time","Neutralize"]},{"damage_healed":0,"gold_gain":0,"player_choice":"Donut","damage_taken":0,"max_hp_gain":5,"max_hp_loss":0,"event_name":"Big Fish","floor":4,"gold_loss":0},{"damage_healed":0,"gold_gain":100,"player_choice":"Bet on Murderer","damage_taken":0,"max_hp_gain":0,"max_hp_loss":0,"event_name":"The Joust","floor":19,"gold_loss":50},{"damage_healed":0,"gold_gain":0,"player_choice":"Obtained Relic","damage_taken":0,"relics_obtained":["Incense Burner"],"max_hp_gain":0,"max_hp_loss":0,"event_name":"Addict","floor":24,"gold_loss":85},{"damage_healed":0,"gold_gain":0,"cards_transformed":["Blizzard"],"player_choice":"Transformed","damage_taken":0,"max_hp_gain":0,"max_hp_loss":0,"event_name":"Transmorgrifier","floor":36,"gold_loss":0,"cards_obtained":["Clash"]}],"is_beta":false,"boss_relics":[{"not_picked":["Runic Pyramid","Lizard Tail"],"picked":"WristBlade"},{"not_picked":["Empty Cage","Runic Dome"],"picked":"Orrery"}],"items_purged_floors":[],"is_endless":false,"potions_floor_spawned":[7,12,14,18,22,23,33,35,41,46,47],"ascension_level":0}