{"gold_per_floor":[129,159,174,189,39,39,69,84,84,99,159,159,159,174,174,274,274,289,274,289,289,304,334,334,349,349,349,394,409,424,454,454,554,554,569,584,524,599,614,644,644,102,102,23,23,53,53,68,68,68],"floor_reached":51,"playtime":2719,"items_purged":[],"score":1006,"play_id":"6646beb3-7342-4105-b0b9-4c5f19d5b27c","local_time":"20180907112830","daily_mods":["Allstar","Cursed Run","Night Terrors"],"is_ascension_mode":false,"campfire_choices":[{"data":"Neutralize","floor":6,"key":"SMITH"},{"data":"Footwork","floor":13,"key":"SMITH"},{"data":"A Thousand Cuts","floor":15,"key":"SMITH"},{"floor":24,"key":"REST"},{"data":"Skewer","floor":32,"key":"SMITH"},{"data":"After Image","floor":45,"key":"SMITH"},{"data":"Footwork","floor":47,"key":"SMITH"},{"floor":49,"key":"REST"}],"neow_cost":"","seed_source_timestamp":0,"circlet_count":0,"master_deck":["Defend_G","Defend_G","Defend_G","Defend_G","Defend_G","Strike_G","Strike_G+1","Strike_G","Strike_G","Strike_G","Survivor","Neutralize+1","Dark Shackles","Transmutation","Metamorphosis","Madness","Swift Strike","Dash","Cloak And Dagger","Sucker Punch+1","Backstab","Setup","A Thousand Cuts+1","Regret","Leg Sweep","Footwork+1","Dodge and Roll","Clumsy","Tools of the Trade","Crippling Poison","Backflip","Footwork+1","Catalyst","Skewer+1","Leg Sweep","PiercingWail","Footwork+1","Underhanded Strike","Deadly Poison","Parasite","Night Terror","Dagger Throw+1","Dash+1","Escape Plan+1","Calculated Gamble+1","Doubt","Injury","Parasite","Dagger Throw","After Image+1","Well Laid Plans+1","Noxious Fumes","Bane","Injury","Backstab","Blade Dance","Bouncing Flask+1","Bane+1","Skewer","Pain"],"special_seed":17781,"relics":["Cursed Key","Darkstone Periapt","Du-Vu Doll","Oddly Smooth Stone","Art of War","Ornamental Fan","Tiny Chest","The Specimen","Runic Dome","Ice Cream","Strawberry","Shuriken","Matryoshka","Prayer Wheel","White Beast Statue","Dream Catcher","Pear","Meat on the Bone","Mummified Hand","TwistedFunnel","Pen Nib","Ninja Scroll","Whetstone"],"potions_floor_usage":[11,16,23,28,31,31,33,40,46,50,50],"damage_taken":[{"damage":0,"enemies":"Small Slimes","floor":1,"turns":4},{"damage":1,"enemies":"Cultist","floor":2,"turns":4},{"damage":0,"enemies":"Jaw Worm","floor":3,"turns":4},{"damage":0,"enemies":"Looter","floor":4,"turns":3},{"damage":12,"enemies":"Lagavulin","floor":7,"turns":9},{"damage":0,"enemies":"Lots of Slimes","floor":8,"turns":5},{"damage":4,"enemies":"Large Slime","floor":10,"turns":5},{"damage":8,"enemies":"3 Sentries","floor":11,"turns":7},{"damage":8,"enemies":"Looter","floor":14,"turns":3},{"damage":4,"enemies":"Hexaghost","floor":16,"turns":11},{"damage":8,"enemies":"3 Byrds","floor":18,"turns":7},{"damage":1,"enemies":"2 Thieves","floor":19,"turns":4},{"damage":16,"enemies":"Snake Plant","floor":20,"turns":6},{"damage":44,"enemies":"Cultist and Chosen","floor":22,"turns":9},{"damage":11,"enemies":"Book of Stabbing","floor":23,"turns":6},{"damage":4,"enemies":"Centurion and Healer","floor":25,"turns":6},{"damage":14,"enemies":"Slavers","floor":28,"turns":4},{"damage":5,"enemies":"3 Cultists","floor":29,"turns":4},{"damage":0,"enemies":"Snecko","floor":30,"turns":2},{"damage":0,"enemies":"Gremlin Leader","floor":31,"turns":5},{"damage":70,"enemies":"Collector","floor":33,"turns":8},{"damage":23,"enemies":"3 Darklings","floor":35,"turns":4},{"damage":3,"enemies":"3 Shapes","floor":36,"turns":5},{"damage":18,"enemies":"Sphere and 2 Shapes","floor":39,"turns":6},{"damage":1,"enemies":"Giant Head","floor":40,"turns":9},{"damage":13,"enemies":"2 Orb Walkers","floor":46,"turns":3},{"damage":0,"enemies":"4 Shapes","floor":48,"turns":2},{"damage":29,"enemies":"Donu and Deca","floor":50,"turns":6}],"seed_played":"-778787433029275369","potions_obtained":[{"floor":3,"key":"EssenceOfSteel"},{"floor":4,"key":"SkillPotion"},{"floor":7,"key":"Energy Potion"},{"floor":18,"key":"GhostInAJar"},{"floor":19,"key":"Explosive Potion"},{"floor":25,"key":"PowerPotion"},{"floor":29,"key":"SteroidPotion"},{"floor":30,"key":"GamblersBrew"},{"floor":35,"key":"SteroidPotion"},{"floor":36,"key":"EssenceOfSteel"},{"floor":39,"key":"SkillPotion"},{"floor":40,"key":"Explosive Potion"},{"floor":46,"key":"Strength Potion"},{"floor":48,"key":"Dexterity Potion"}],"is_trial":false,"path_per_floor":["M","M","M","M","$","R","E","M","T","M","E","?","R","M","R","B",null,"M","M","M","?","M","E","R","M","T","?","E","M","M","E","R","B",null,"M","M","?","T","M","E","?","$","T","$","R","E","R","M","R","B"],"character_chosen":"THE_SILENT","items_purchased":["Oddly Smooth Stone","Mummified Hand","TwistedFunnel","Noxious Fumes","Bane","Backstab"],"campfire_rested":2,"item_purchase_floors":[5,42,42,42,42,44],"current_hp_per_floor":[70,69,69,69,69,69,57,57,63,59,51,51,51,43,43,45,82,78,77,61,67,23,19,90,86,92,96,82,77,77,77,77,13,102,79,76,88,104,86,85,85,85,91,91,91,78,78,78,131,108],"gold":68,"neow_bonus":"","is_prod":false,"is_daily":true,"chose_seed":false,"campfire_upgraded":6,"win_rate":0,"timestamp":1536312510,"path_taken":["M","M","M","M","$","R","E","M","T","M","E","?","R","M","R","BOSS","M","M","?","?","M","E","R","M","T","?","E","M","M","E","R","BOSS","M","?","?","?","?","E","?","$","T","$","R","E","R","M","R","BOSS"],"build_version":"2018-09-06","purchased_purges":0,"victory":true,"max_hp_per_floor":[70,70,70,70,70,70,70,70,76,76,76,76,76,76,76,82,82,82,82,82,88,88,95,90,90,96,96,96,96,96,96,96,102,102,102,102,114,130,130,130,130,130,136,136,136,136,136,136,131,137],"card_choices":[{"not_picked":["Underhanded Strike","Dodge and Roll"],"picked":"Dash","floor":1},{"not_picked":["Acrobatics","Poisoned Stab"],"picked":"Cloak And Dagger","floor":2},{"not_picked":["Expertise","Concentrate"],"picked":"Sucker Punch","floor":3},{"not_picked":["Riddle With Holes","Poisoned Stab"],"picked":"Backstab","floor":4},{"not_picked":["Infinite Blades","Poisoned Stab"],"picked":"Setup","floor":7},{"not_picked":["Bane","Finisher"],"picked":"A Thousand Cuts","floor":8},{"not_picked":["Dagger Throw","Dagger Spray"],"picked":"Leg Sweep","floor":10},{"not_picked":["Storm of Steel","PiercingWail"],"picked":"Footwork","floor":11},{"not_picked":["Concentrate","Quick Slash"],"picked":"Dodge and Roll","floor":14},{"not_picked":["Envenom","A Thousand Cuts"],"picked":"Tools of the Trade","floor":16},{"not_picked":["Infinite Blades","Prepared"],"picked":"Crippling Poison","floor":18},{"not_picked":["Outmaneuver+1","Masterful Stab"],"picked":"Backflip","floor":19},{"not_picked":["Tactician","Bane+1"],"picked":"Footwork","floor":20},{"not_picked":["Setup","Bane"],"picked":"Catalyst","floor":22},{"not_picked":["Blade Dance+1","All Out Attack"],"picked":"Skewer","floor":23},{"not_picked":["Deflect","Dagger Throw"],"picked":"Leg Sweep","floor":25},{"not_picked":["Crippling Poison+1","Deflect"],"picked":"PiercingWail","floor":28},{"not_picked":["Venomology","Outmaneuver"],"picked":"Footwork+1","floor":29},{"not_picked":["Outmaneuver","Flying Knee"],"picked":"Underhanded Strike","floor":30},{"not_picked":["Prepared","Outmaneuver+1"],"picked":"Deadly Poison","floor":31},{"not_picked":["Tools of the Trade","Venomology"],"picked":"Night Terror","floor":33},{"not_picked":["Accuracy+1","Heel Hook"],"picked":"Dagger Throw+1","floor":35},{"not_picked":["PiercingWail+1","Sucker Punch"],"picked":"Dash+1","floor":35},{"not_picked":["Quick Slash+1","Tactician"],"picked":"Escape Plan+1","floor":36},{"not_picked":["Deadly Poison","Skewer"],"picked":"Calculated Gamble+1","floor":36},{"not_picked":["Poisoned Stab+1","Deflect+1"],"picked":"Dagger Throw","floor":39},{"not_picked":["Accuracy","Quick Slash+1"],"picked":"After Image","floor":39},{"not_picked":["Wraith Form v2","Flying Knee"],"picked":"Well Laid Plans+1","floor":40},{"not_picked":["Calculated Gamble+1","Underhanded Strike"],"picked":"Blade Dance","floor":46},{"not_picked":["Heel Hook","Bullet Time"],"picked":"Bouncing Flask+1","floor":48},{"not_picked":["Blade Dance","Caltrops+1"],"picked":"Bane+1","floor":48},{"not_picked":["Outmaneuver+1","Slice+1"],"picked":"Skewer","floor":49}],"player_experience":1405866,"relics_obtained":[{"floor":7,"key":"Art of War"},{"floor":9,"key":"Ornamental Fan"},{"floor":11,"key":"Tiny Chest"},{"floor":23,"key":"Strawberry"},{"floor":26,"key":"Shuriken"},{"floor":28,"key":"Matryoshka"},{"floor":31,"key":"Prayer Wheel"},{"floor":38,"key":"Dream Catcher"},{"floor":38,"key":"Pear"},{"floor":40,"key":"Meat on the Bone"},{"floor":43,"key":"Pen Nib"},{"floor":43,"key":"Ninja Scroll"},{"floor":46,"key":"Whetstone"}],"event_choices":[{"event_name":"WeMeetAgain","player_choice":"Potion","floor":12,"damage_taken":0},{"event_name":"The Mausoleum","player_choice":"Yes","floor":21,"damage_taken":0},{"event_name":"Wheel of Change","player_choice":"Full Heal","floor":27,"damage_taken":0},{"event_name":"Designer","player_choice":"Transform 2 Cards","floor":37,"damage_taken":0},{"event_name":"Tomb of Lord Red Mask","player_choice":"Ignored","floor":41,"damage_taken":0}],"is_beta":false,"boss_relics":[{"not_picked":["Philosopher\u0027s Stone","Velvet Choker"],"picked":"Runic Dome"},{"not_picked":["Eternal Feather","Empty Cage"],"picked":"White Beast Statue"}],"items_purged_floors":[],"is_endless":false,"potions_floor_spawned":[3,4,7,10,18,19,25,29,30,35,36,39,40,46,48],"ascension_level":0}