{"gold_per_floor":[109,119,139,139,189,189,206,206,206,241,241,260,322,37,37,111,111,130,130,26,26],"floor_reached":21,"playtime":1179,"items_purged":["Normality"],"score":319,"play_id":"49fa4ae5-6095-4245-87ef-de5690ca177d","local_time":"20181109091338","is_ascension_mode":true,"campfire_choices":[{"data":"Zap","floor":6,"key":"SMITH"},{"floor":8,"key":"REST"},{"floor":11,"key":"REST"},{"floor":15,"key":"REST"}],"neow_cost":"NONE","seed_source_timestamp":301878074674239,"circlet_count":0,"master_deck":["AscendersBane","Strike_B","Strike_B","Strike_B","Strike_B","Defend_B","Defend_B","Defend_B","Defend_B","Zap+1","Dualcast","Loop","Gash","Leap","Ball Lightning","Streamline","Barrage","Buffer","Doubt","Doubt","BootSequence","Buffer","Gash"],"relics":["Velvet Choker","Letter Opener","Mummified Hand","Pen Nib","Ornamental Fan","Calling Bell","Lantern","Dodecahedron","Unceasing Top"],"potions_floor_usage":[7,16],"damage_taken":[{"damage":0,"enemies":"2 Louse","floor":1,"turns":3},{"damage":1,"enemies":"Cultist","floor":2,"turns":3},{"damage":9,"enemies":"Jaw Worm","floor":3,"turns":4},{"damage":13,"enemies":"Exordium Thugs","floor":7,"turns":5},{"damage":26,"enemies":"3 Sentries","floor":10,"turns":7},{"damage":4,"enemies":"Red Slaver","floor":12,"turns":4},{"damage":23,"enemies":"Slime Boss","floor":16,"turns":8},{"damage":49,"enemies":"Shell Parasite","floor":18,"turns":8},{"damage":18,"enemies":"Chosen","floor":21,"turns":4}],"seed_played":"915546505057226362","potions_obtained":[{"floor":3,"key":"SteroidPotion"},{"floor":10,"key":"FearPotion"},{"floor":12,"key":"Block Potion"}],"is_trial":false,"path_per_floor":["M","M","M","?","?","R","M","R","T","E","R","M","?","$","R","B",null,"M","?","$","M"],"character_chosen":"DEFECT","items_purchased":["Ornamental Fan","Gash"],"campfire_rested":3,"item_purchase_floors":[14,20],"current_hp_per_floor":[64,63,54,36,36,36,23,44,44,18,39,35,35,35,56,33,62,13,13,13,0],"gold":26,"neow_bonus":"BOSS_RELIC","is_prod":false,"is_daily":false,"chose_seed":false,"campfire_upgraded":1,"win_rate":0,"timestamp":1541772818,"path_taken":["M","M","M","?","?","R","?","R","T","E","R","M","?","$","R","BOSS","M","?","?","M"],"build_version":"2018-11-08","purchased_purges":1,"victory":false,"max_hp_per_floor":[71,71,71,71,71,71,71,71,71,71,71,71,71,71,71,71,71,71,71,71,71],"card_choices":[{"not_picked":["Sweeping Beam","Beam Cell"],"picked":"Loop","floor":1},{"not_picked":["Conserve Battery","Skim"],"picked":"Gash","floor":2},{"not_picked":["Melter","Hologram"],"picked":"Leap","floor":3},{"not_picked":["Rip and Tear","Barrage"],"picked":"Ball Lightning","floor":7},{"not_picked":["FTL","BootSequence"],"picked":"Streamline","floor":10},{"not_picked":["Turbo","Auto Shields"],"picked":"Barrage","floor":12},{"not_picked":["Fission","Reboot"],"picked":"Buffer","floor":16},{"not_picked":["Go for the Eyes","Turbo"],"picked":"BootSequence","floor":18}],"player_experience":1670826,"relics_obtained":[{"floor":9,"key":"Mummified Hand"},{"floor":10,"key":"Pen Nib"},{"floor":17,"key":"Lantern"},{"floor":17,"key":"Dodecahedron"},{"floor":17,"key":"Unceasing Top"}],"event_choices":[{"damage_healed":0,"gold_gain":0,"player_choice":"Success","damage_taken":18,"relics_obtained":["Letter Opener"],"max_hp_gain":0,"max_hp_loss":0,"event_name":"Scrap Ooze","floor":4,"gold_loss":0},{"damage_healed":0,"gold_gain":50,"player_choice":"Pray","damage_taken":0,"max_hp_gain":0,"max_hp_loss":0,"event_name":"Golden Shrine","floor":5,"gold_loss":0},{"damage_healed":0,"gold_gain":62,"player_choice":"Gained Gold","damage_taken":0,"max_hp_gain":0,"max_hp_loss":0,"event_name":"Golden Wing","floor":13,"gold_loss":0},{"damage_healed":0,"gold_gain":0,"player_choice":"Copied","damage_taken":0,"max_hp_gain":0,"max_hp_loss":0,"event_name":"Duplicator","floor":19,"gold_loss":0,"cards_obtained":["Buffer"]}],"is_beta":false,"boss_relics":[{"not_picked":["Lizard Tail","White Beast Statue"],"picked":"Calling Bell"}],"items_purged_floors":[20],"is_endless":false,"potions_floor_spawned":[3,10,12],"killed_by":"Chosen","ascension_level":16}