{"path_per_floor":["M","M","M","$","M","R","E","R","T","M","$","E","M","M","R","B",null,"M","?","$","M","M","R"],"character_chosen":"IRONCLAD","items_purchased":["Swift Strike","Wild Strike","Anger","Fire Breathing","Dual Wield"],"gold_per_floor":[109,128,139,4,19,19,52,52,52,68,45,70,86,101,101,197,227,247,247,64,78,95,95,95],"floor_reached":24,"campfire_rested":0,"playtime":2006,"current_hp_per_floor":[80,80,80,80,80,80,77,77,77,78,78,80,80,80,80,59,85,77,77,77,58,42,42,0],"items_purged":["Writhe"],"gold":95,"score":210,"play_id":"e253c663-70ab-4b2e-a340-d3634386a020","local_time":"20180521191633","is_prod":false,"is_daily":false,"chose_seed":false,"is_ascension_mode":false,"campfire_upgraded":4,"timestamp":1526944593,"campfire_choices":[{"data":"Anger","floor":6,"key":"SMITH"},{"data":"Swift Strike","floor":8,"key":"SMITH"},{"data":"Anger","floor":15,"key":"SMITH"},{"data":"Fire Breathing","floor":23,"key":"SMITH"}],"path_taken":["M","M","M","$","M","R","E","R","T","M","?","E","M","M","R","BOSS","M","?","$","M","M","R","E"],"build_version":"2018-05-17","seed_source_timestamp":55500972905895,"purchased_purges":1,"victory":false,"master_deck":["Strike_R+1","Strike_R","Strike_R","Strike_R","Strike_R","Defend_R","Defend_R","Defend_R","Defend_R","Bash","Metallicize","Anger+1","Rage","Swift Strike+1","Wild Strike","Sentinel","Wild Strike","Exhume","Anger+1","Reckless Charge","Perfected Strike","Rampage","Fiend Fire","Anger","Wild Strike","Fire Breathing+1","Dual Wield","Headbutt+1","Perfected Strike"],"max_hp_per_floor":[80,80,80,80,80,80,80,80,80,80,80,80,80,80,80,80,85,90,90,90,90,90,90,90],"relics":["Burning Blood","NeowsBlessing","Bottled Lightning","Bird Faced Urn","Shovel","Tiny House","Orichalcum"],"card_choices":[{"not_picked":["Burning Pact","Feel No Pain"],"picked":"Metallicize","floor":1},{"not_picked":["Inflame","Clash"],"picked":"Anger","floor":2},{"not_picked":["Twin Strike","Metallicize"],"picked":"Rage","floor":3},{"not_picked":["Iron Wave","Clash"],"picked":"Sentinel","floor":5},{"not_picked":["Shockwave","Feel No Pain"],"picked":"Wild Strike","floor":7},{"not_picked":["Havoc","Dropkick"],"picked":"Exhume","floor":10},{"not_picked":["Warcry","Body Slam"],"picked":"Reckless Charge","floor":12},{"not_picked":["Thunderclap","Bloodletting"],"picked":"Perfected Strike","floor":13},{"not_picked":["Inflame","Clash"],"picked":"Rampage","floor":14},{"not_picked":["Limit Break","Dark Embrace"],"picked":"Fiend Fire","floor":16},{"not_picked":["Twin Strike","True Grit"],"picked":"Anger","floor":17},{"not_picked":["Flex","Spot Weakness"],"picked":"Wild Strike","floor":18},{"not_picked":["Seeing Red","Heavy Blade"],"picked":"Headbutt+1","floor":21},{"not_picked":["Sword Boomerang","Headbutt"],"picked":"Perfected Strike","floor":22}],"player_experience":42737,"potions_floor_usage":[7,16,16,16,16,16,16,18,22],"damage_taken":[{"damage":0,"enemies":"Cultist","floor":1,"turns":1},{"damage":0,"enemies":"Small Slimes","floor":2,"turns":2},{"damage":0,"enemies":"Jaw Worm","floor":3,"turns":1},{"damage":4,"enemies":"Lots of Slimes","floor":5,"turns":6},{"damage":9,"enemies":"Gremlin Nob","floor":7,"turns":4},{"damage":7,"enemies":"Looter","floor":10,"turns":3},{"damage":5,"enemies":"3 Sentries","floor":12,"turns":6},{"damage":6,"enemies":"2 Fungi Beasts","floor":13,"turns":3},{"damage":5,"enemies":"Exordium Wildlife","floor":14,"turns":4},{"damage":27,"enemies":"The Guardian","floor":16,"turns":7},{"damage":21,"enemies":"Chosen","floor":18,"turns":5},{"damage":29,"enemies":"Shell Parasite","floor":21,"turns":6},{"damage":26,"enemies":"Cultist and Chosen","floor":22,"turns":8},{"damage":47,"enemies":"Gremlin Leader","floor":24,"turns":5}],"relics_obtained":[{"floor":7,"key":"Bottled Lightning"},{"floor":9,"key":"Bird Faced Urn"},{"floor":12,"key":"Shovel"}],"event_choices":[{"event_name":"The Mausoleum","player_choice":"Yes","floor":19,"damage_taken":0}],"boss_relics":[{"not_picked":["Black Star","Runic Dome"],"picked":"Tiny House"}],"potions_floor_spawned":[1,2,3,14,21],"seed_played":"-4081278389308974729","killed_by":"Gremlin Leader","ascension_level":0,"potions_obtained":[{"floor":1,"key":"PowerPotion"},{"floor":2,"key":"AttackPotion"},{"floor":3,"key":"Weak Potion"},{"floor":14,"key":"EntropicBrew"},{"floor":17,"key":"Fruit Juice"},{"floor":21,"key":"SpeedPotion"}],"is_trial":false}