{"path_per_floor":["M","M","?","M","?","R","M","M","T","M","R","M","?","$","R","B",null,"M","$","M","?","M","R","M","M","T"],"character_chosen":"DEFECT","items_purchased":["Cold Snap","Capacitor","Defragment"],"gold_per_floor":[111,129,79,97,97,97,107,117,117,128,128,147,177,3,3,104,104,118,36,56,56,66,66,85,101,101,101],"floor_reached":27,"campfire_rested":2,"playtime":1639,"item_purchase_floors":[14,14,19],"current_hp_per_floor":[67,61,61,61,61,61,65,73,73,75,75,71,47,47,69,60,75,62,62,63,63,40,62,47,36,36,0],"items_purged":["Strike_B"],"gold":101,"score":240,"play_id":"83bdc8eb-3937-4e0b-a83a-f298fc594f80","local_time":"20180613222135","is_prod":false,"is_daily":false,"chose_seed":false,"is_ascension_mode":true,"campfire_upgraded":2,"win_rate":0,"timestamp":1528942895,"campfire_choices":[{"data":"Self Repair","floor":6,"key":"SMITH"},{"data":"Static Discharge","floor":11,"key":"SMITH"},{"floor":15,"key":"REST"},{"floor":23,"key":"REST"}],"path_taken":["M","M","?","M","?","R","?","M","T","M","R","M","?","$","R","BOSS","M","$","M","?","?","R","M","M","T","M"],"build_version":"2018-06-07v3","seed_source_timestamp":615565666890563,"purchased_purges":1,"victory":false,"master_deck":["Strike_B","Strike_B","Defend_B","Defend_B","Defend_B","Defend_B","Zap","Dualcast","Conserve Battery","Leap","Self Repair+1","Static Discharge+1","Aggregate","Cold Snap","Buffer","Loop","Cold Snap","Capacitor","Echo Form","Redo+1","Defragment","Self Repair","Writhe","White Noise+1","Lockon","Coolheaded+1"],"max_hp_per_floor":[75,75,75,75,75,75,75,75,75,75,75,75,75,75,75,75,75,75,75,75,75,75,75,75,75,75,75],"relics":["Cracked Core","Toxic Egg 2","Odd Mushroom","Sozu","Pen Nib","Kunai"],"card_choices":[{"not_picked":["Steam","Rebound"],"picked":"Conserve Battery","floor":1},{"not_picked":["Rebound","Reprogram"],"picked":"Leap","floor":2},{"not_picked":["Conserve Battery","Melter"],"picked":"Self Repair","floor":4},{"not_picked":["Compile Driver","Reinforced Body"],"picked":"Static Discharge","floor":7},{"not_picked":["Gash","Conserve Battery"],"picked":"Aggregate","floor":8},{"not_picked":["Leap+1","Steam+1"],"picked":"Cold Snap","floor":10},{"not_picked":["FTL","Sweeping Beam"],"picked":"Buffer","floor":12},{"not_picked":["Ball Lightning","Steam Power+1"],"picked":"Loop","floor":13},{"not_picked":["Buffer","Amplify+1"],"picked":"Echo Form","floor":16},{"not_picked":["Hologram+1","Blizzard"],"picked":"Redo+1","floor":18},{"not_picked":["Gash+1","Turbo+1"],"picked":"Self Repair","floor":20},{"not_picked":["Sunder","Stack+1"],"picked":"White Noise+1","floor":22},{"not_picked":["Heatsinks","Beam Cell"],"picked":"Lockon","floor":24},{"not_picked":["Turbo+1","Leap+1"],"picked":"Coolheaded+1","floor":25}],"player_experience":530630,"potions_floor_usage":[13,16,16],"damage_taken":[{"damage":8,"enemies":"2 Louse","floor":1,"turns":3},{"damage":6,"enemies":"Jaw Worm","floor":2,"turns":5},{"damage":0,"enemies":"Cultist","floor":4,"turns":4},{"damage":6,"enemies":"3 Louse","floor":7,"turns":6},{"damage":2,"enemies":"Looter","floor":8,"turns":4},{"damage":7,"enemies":"Large Slime","floor":10,"turns":6},{"damage":14,"enemies":"Exordium Wildlife","floor":12,"turns":5},{"damage":24,"floor":13,"turns":2},{"damage":19,"enemies":"The Guardian","floor":16,"turns":11},{"damage":23,"enemies":"Chosen","floor":18,"turns":6},{"damage":9,"enemies":"Shell Parasite","floor":20,"turns":8},{"damage":40,"enemies":"Sentry and Sphere","floor":22,"turns":5},{"damage":39,"enemies":"Cultist and Chosen","floor":24,"turns":5},{"damage":38,"enemies":"Snake Plant","floor":25,"turns":4},{"damage":41,"enemies":"Slaver and Parasite","floor":27,"turns":3}],"relics_obtained":[{"floor":9,"key":"Toxic Egg 2"},{"floor":13,"key":"Odd Mushroom"},{"floor":26,"key":"Kunai"}],"event_choices":[{"event_name":"The Cleric","player_choice":"Card Removal","floor":3,"damage_taken":0},{"event_name":"Shining Light","player_choice":"Ignored","floor":5,"damage_taken":0},{"event_name":"Mushrooms","player_choice":"Fought Mushrooms","floor":13,"damage_taken":0},{"event_name":"The Mausoleum","player_choice":"Yes","floor":21,"damage_taken":0}],"boss_relics":[{"not_picked":["Busted Crown","Pandora\u0027s Box"],"picked":"Sozu"}],"items_purged_floors":[14],"potions_floor_spawned":[8,10,12,18],"seed_played":"-2599821170582635482","killed_by":"Slaver and Parasite","ascension_level":3,"potions_obtained":[{"floor":8,"key":"Poison Potion"},{"floor":10,"key":"SteroidPotion"},{"floor":12,"key":"LiquidBronze"}],"is_trial":false}