{"gold_per_floor":[112,112,262,262,281,281,298,325,350,350,350],"floor_reached":11,"playtime":318,"items_purged":[],"score":135,"play_id":"ce2ce536-25ee-44a1-96b2-2e51d0ada583","local_time":"20190207110607","is_ascension_mode":true,"campfire_choices":[{"data":"Neutralize","floor":6,"key":"SMITH"},{"floor":10,"key":"REST"}],"neow_cost":"NONE","seed_source_timestamp":59283387180290,"circlet_count":0,"master_deck":["AscendersBane","Defend_G","Defend_G","Defend_G","Defend_G","Defend_G","Strike_G","Strike_G","Strike_G","Strike_G","Strike_G","Survivor","Neutralize+1","Escape Plan","Doubt","Acrobatics","Infinite Blades","Dash"],"relics":["Ring of the Snake","NeowsBlessing","Torii","Girya","Bag of Preparation"],"potions_floor_usage":[8,8],"damage_taken":[{"damage":0,"enemies":"Cultist","floor":1,"turns":1},{"damage":0,"enemies":"Small Slimes","floor":5,"turns":1},{"damage":0,"enemies":"Jaw Worm","floor":7,"turns":1},{"damage":55,"enemies":"3 Sentries","floor":8,"turns":13},{"damage":41,"enemies":"Gremlin Nob","floor":11,"turns":4}],"seed_played":"-3729752353472430131","potions_obtained":[{"floor":1,"key":"AttackPotion"},{"floor":7,"key":"Poison Potion"}],"is_trial":false,"path_per_floor":["M","T","?","?","M","R","M","E","T","R","E"],"character_chosen":"THE_SILENT","items_purchased":[],"campfire_rested":1,"item_purchase_floors":[],"current_hp_per_floor":[59,59,59,64,64,64,64,9,9,30,0],"gold":350,"neow_bonus":"THREE_ENEMY_KILL","is_prod":false,"is_daily":false,"chose_seed":false,"campfire_upgraded":1,"win_rate":0,"timestamp":1549533967,"path_taken":["M","?","?","?","M","R","M","E","T","R","E"],"build_version":"2019-01-23","purchased_purges":0,"victory":false,"max_hp_per_floor":[66,66,66,71,71,71,71,71,71,71,71],"card_choices":[{"not_picked":["Distraction","Quick Slash"],"picked":"Escape Plan","floor":1},{"not_picked":["Masterful Stab","Deflect"],"picked":"Acrobatics","floor":5},{"not_picked":["Skewer","Tactician"],"picked":"Infinite Blades","floor":7},{"not_picked":["Finisher","Distraction"],"picked":"Dash","floor":8}],"player_experience":1367993,"relics_obtained":[{"floor":2,"key":"Torii"},{"floor":8,"key":"Girya"},{"floor":9,"key":"Bag of Preparation"}],"event_choices":[{"damage_healed":0,"gold_gain":150,"player_choice":"AGREE","damage_taken":0,"max_hp_gain":0,"max_hp_loss":0,"event_name":"Liars Game","floor":3,"gold_loss":0,"cards_obtained":["Doubt"]},{"damage_healed":0,"gold_gain":0,"player_choice":"Donut","damage_taken":0,"max_hp_gain":5,"max_hp_loss":0,"event_name":"Big Fish","floor":4,"gold_loss":0}],"is_beta":false,"boss_relics":[],"items_purged_floors":[],"is_endless":false,"potions_floor_spawned":[1,7],"killed_by":"Gremlin Nob","ascension_level":18}