{"gold_per_floor":[117,129,129,50,50,50,75,75,75,75,75,75,94,110,110,209,209,229,229,127,139,150,150,150],"floor_reached":24,"playtime":627,"items_purged":[],"score":219,"play_id":"8858a445-b95d-4195-b1dd-377be50ae06e","local_time":"20180724234744","is_ascension_mode":false,"campfire_choices":[{"data":"Catalyst","floor":6,"key":"SMITH"},{"floor":8,"key":"REST"},{"data":"Neutralize","floor":10,"key":"SMITH"},{"data":"Blade Dance","floor":15,"key":"SMITH"},{"floor":23,"key":"REST"}],"neow_cost":"NONE","seed_source_timestamp":78805312138658,"circlet_count":0,"master_deck":["Defend_G","Defend_G","Defend_G","Defend_G","Strike_G","Strike_G","Strike_G","Survivor","Neutralize+1","Choke+1","Acrobatics+1","All Out Attack+1","Leg Sweep","Dash","Envenom","Catalyst+1","Blade Dance+1","Burst","A Thousand Cuts","PiercingWail","Dramatic Entrance","Noxious Fumes+1","Riddle With Holes"],"relics":["Astrolabe","Mango","Paper Crane","Mercury Hourglass","Darkstone Periapt","Empty Cage"],"potions_floor_usage":[16,16,24],"damage_taken":[{"damage":11,"enemies":"Jaw Worm","floor":1,"turns":2},{"damage":0,"enemies":"Cultist","floor":2,"turns":2},{"damage":46,"enemies":"Gremlin Nob","floor":7,"turns":6},{"damage":0,"enemies":"Small Slimes","floor":13,"turns":1},{"damage":0,"enemies":"3 Louse","floor":14,"turns":1},{"damage":56,"enemies":"Slime Boss","floor":16,"turns":11},{"damage":7,"enemies":"3 Byrds","floor":18,"turns":4},{"damage":23,"enemies":"Shell Parasite","floor":21,"turns":6},{"damage":55,"enemies":"Cultist and Chosen","floor":22,"turns":7},{"damage":29,"enemies":"Snecko","floor":24,"turns":4}],"seed_played":"-7415719664307098662","potions_obtained":[{"floor":7,"key":"SkillPotion"},{"floor":13,"key":"SneckoOil"},{"floor":21,"key":"Swift Potion"}],"is_trial":false,"path_per_floor":["M","M","?","$","?","R","E","R","T","R","?","?","M","M","R","B",null,"M","?","$","M","M","R"],"character_chosen":"THE_SILENT","items_purchased":["Catalyst","Dramatic Entrance"],"campfire_rested":2,"item_purchase_floors":[4,20],"current_hp_per_floor":[59,59,59,59,73,73,27,52,52,52,49,76,76,76,76,20,87,80,80,80,57,2,28,0],"gold":150,"neow_bonus":"BOSS_RELIC","is_prod":false,"is_daily":false,"chose_seed":false,"campfire_upgraded":3,"win_rate":0,"timestamp":1532441864,"path_taken":["M","M","?","$","?","R","E","R","T","R","?","?","M","M","R","BOSS","M","?","?","M","M","R","M"],"build_version":"2018-07-19v2","purchased_purges":0,"victory":false,"max_hp_per_floor":[70,70,70,70,84,84,84,84,84,84,84,90,90,90,90,90,87,87,87,87,87,87,87,87],"card_choices":[{"not_picked":["Prepared","Quick Slash"],"picked":"Leg Sweep","floor":1},{"not_picked":["Predator","Calculated Gamble"],"picked":"Dash","floor":2},{"not_picked":["Acrobatics","Calculated Gamble","Underhanded Strike"],"picked":"SKIP","floor":7},{"not_picked":["Dagger Spray","Deadly Poison"],"picked":"Blade Dance","floor":13},{"not_picked":["Dodge and Roll","Acrobatics"],"picked":"Burst","floor":14},{"not_picked":["After Image","Unload"],"picked":"A Thousand Cuts","floor":16},{"not_picked":["Underhanded Strike+1","Backflip"],"picked":"PiercingWail","floor":18},{"not_picked":["Bane+1","Flying Knee+1"],"picked":"Noxious Fumes+1","floor":21},{"not_picked":["PiercingWail","Quick Slash"],"picked":"Riddle With Holes","floor":22}],"player_experience":251411,"relics_obtained":[{"floor":7,"key":"Paper Crane"},{"floor":9,"key":"Mercury Hourglass"}],"event_choices":[{"event_name":"Match and Keep!","player_choice":"1 cards matched","floor":3,"damage_taken":0},{"event_name":"Big Fish","player_choice":"Box","floor":5,"damage_taken":0},{"event_name":"Scrap Ooze","player_choice":"success","floor":11,"damage_taken":3},{"event_name":"Mushrooms","player_choice":"Healed and dodged fight","floor":12,"damage_taken":0},{"event_name":"Cursed Tome","player_choice":"Ignored","floor":19,"damage_taken":0}],"is_beta":false,"boss_relics":[{"not_picked":["Runic Pyramid","Tiny House"],"picked":"Empty Cage"}],"items_purged_floors":[],"is_endless":false,"potions_floor_spawned":[7,13,21],"killed_by":"Snecko","ascension_level":0}