{"gold_per_floor":[11,11,30,105,125,125,153,153,180,200,200,228,250,262,274,381,393,417,429,458,395,427,474,486,513,525,20,33,50,50,68,68,68],"floor_reached":33,"playtime":2774,"items_purged":["Strike_R"],"score":304,"play_id":"e52dabc3-2997-4217-b7e8-59204c93f374","local_time":"20190212190233","is_ascension_mode":false,"campfire_choices":[{"data":"Perfected Strike","floor":6,"key":"SMITH"},{"data":"Intimidate","floor":8,"key":"SMITH"},{"data":"Whirlwind","floor":11,"key":"SMITH"},{"data":"Metallicize","floor":15,"key":"SMITH"},{"data":"Feed","floor":24,"key":"SMITH"},{"data":"Offering","floor":32,"key":"SMITH"}],"neow_cost":"NO_GOLD","seed_source_timestamp":2698486619217336,"circlet_count":0,"master_deck":["Strike_R","Defend_R","Defend_R","Defend_R","Defend_R","Bash","Double Tap","Intimidate+1","Rampage","Clothesline","Whirlwind+1","Metallicize+1","Offering+1","Shrug It Off","Intimidate","Flame Barrier","Feed+1","Shrug It Off","Feed","Warcry","Headbutt","Flame Barrier","Armaments","Thunderclap+1","Iron Wave","Bloodletting"],"relics":["Burning Blood","Boot","Bag of Preparation","MawBank","Sozu","Nilry\u0027s Codex","Nunchaku","The Courier","Red Skull"],"potions_floor_usage":[7,16,33],"damage_taken":[{"damage":5,"enemies":"Small Slimes","floor":1,"turns":6},{"damage":3,"enemies":"2 Louse","floor":3,"turns":4},{"damage":6,"enemies":"Jaw Worm","floor":5,"turns":4},{"damage":26,"enemies":"3 Sentries","floor":7,"turns":7},{"damage":0,"enemies":"2 Fungi Beasts","floor":10,"turns":2},{"damage":16,"enemies":"Lagavulin","floor":12,"turns":5},{"damage":4,"enemies":"Exordium Wildlife","floor":13,"turns":5},{"damage":36,"enemies":"Slime Boss","floor":16,"turns":9},{"damage":26,"enemies":"2 Thieves","floor":18,"turns":2},{"damage":12,"enemies":"Spheric Guardian","floor":20,"turns":5},{"damage":14,"enemies":"Centurion and Healer","floor":22,"turns":7},{"damage":5,"enemies":"Slavers","floor":23,"turns":2},{"damage":0,"enemies":"Snecko","floor":25,"turns":5},{"damage":6,"enemies":"Cultist and Chosen","floor":28,"turns":6},{"damage":6,"enemies":"3 Cultists","floor":29,"turns":3},{"damage":13,"enemies":"Sentry and Sphere","floor":31,"turns":13},{"damage":45,"enemies":"Collector","floor":33,"turns":7}],"seed_played":"8797409674391426396","potions_obtained":[{"floor":1,"key":"Poison Potion"},{"floor":5,"key":"Ancient Potion"},{"floor":10,"key":"Strength Potion"},{"floor":16,"key":"AttackPotion"}],"is_trial":false,"path_per_floor":["M","?","M","?","M","R","E","R","T","M","R","E","M","?","R","B",null,"M","?","M","?","M","E","R","M","T","$","M","M","?","M","R","B"],"character_chosen":"IRONCLAD","items_purchased":["Red Skull","Shrug It Off","Feed","Warcry","Headbutt","Flame Barrier","Armaments"],"campfire_rested":0,"item_purchase_floors":[27,27,27,27,27,27,27],"current_hp_per_floor":[80,80,80,69,69,69,49,49,49,55,55,45,47,52,52,22,85,65,49,43,43,35,36,36,42,42,42,42,49,49,45,45,0],"gold":68,"neow_bonus":"TRANSFORM_TWO_CARDS","is_prod":false,"is_daily":false,"chose_seed":false,"campfire_upgraded":6,"win_rate":0.0,"timestamp":1549969353,"path_taken":["M","?","M","?","M","R","E","R","T","M","R","E","M","?","R","BOSS","M","?","M","?","M","E","R","M","T","$","M","?","?","M","R","BOSS"],"build_version":"2019-01-23","purchased_purges":1,"victory":false,"max_hp_per_floor":[80,80,80,80,80,80,80,80,80,80,80,80,80,85,85,85,85,85,85,85,85,85,85,85,85,85,85,85,92,92,95,95,95],"card_choices":[{"not_picked":["Dropkick","Hemokinesis"],"picked":"Rampage","floor":1},{"not_picked":["Searing Blow","Combust"],"picked":"True Grit","floor":3},{"not_picked":["Fire Breathing","Feel No Pain"],"picked":"Perfected Strike","floor":5},{"not_picked":["Thunderclap","Cleave"],"picked":"Clothesline","floor":7},{"not_picked":["Iron Wave","Sever Soul"],"picked":"Whirlwind","floor":10},{"not_picked":["Brutality","Cleave"],"picked":"Metallicize","floor":12},{"not_picked":["Dropkick","Combust","Reckless Charge"],"picked":"SKIP","floor":13},{"not_picked":["Feed","Double Tap"],"picked":"Offering","floor":16},{"not_picked":["Rupture","Armaments"],"picked":"Shrug It Off","floor":18},{"not_picked":["Bloodletting","Heavy Blade"],"picked":"Intimidate","floor":20},{"not_picked":["Cleave","Heavy Blade"],"picked":"Flame Barrier","floor":22},{"not_picked":["Iron Wave","Spot Weakness"],"picked":"Feed","floor":23},{"not_picked":["Anger","Power Through","Twin Strike"],"picked":"SKIP","floor":25},{"not_picked":["Flex+1","Combust","Iron Wave"],"picked":"SKIP","floor":28},{"not_picked":["Heavy Blade+1","Flex"],"picked":"Thunderclap+1","floor":29},{"not_picked":["Hemokinesis","Sword Boomerang+1","Clash"],"picked":"SKIP","floor":31}],"player_experience":89766,"relics_obtained":[{"floor":7,"key":"Boot"},{"floor":9,"key":"Bag of Preparation"},{"floor":12,"key":"MawBank"},{"floor":19,"key":"Nilry\u0027s Codex"},{"floor":23,"key":"Nunchaku"},{"floor":26,"key":"The Courier"}],"event_choices":[{"damage_healed":0,"gold_gain":0,"player_choice":"Ignored","damage_taken":0,"max_hp_gain":0,"max_hp_loss":0,"event_name":"Liars Game","floor":2,"gold_loss":0},{"damage_healed":0,"gold_gain":75,"player_choice":"Gather Gold","damage_taken":11,"max_hp_gain":0,"max_hp_loss":0,"event_name":"World of Goop","floor":4,"gold_loss":0},{"damage_healed":0,"gold_gain":0,"player_choice":"Donut","damage_taken":0,"max_hp_gain":5,"max_hp_loss":0,"event_name":"Big Fish","floor":14,"gold_loss":0},{"damage_healed":0,"gold_gain":0,"player_choice":"Obtained Book","damage_taken":16,"max_hp_gain":0,"max_hp_loss":0,"event_name":"Cursed Tome","floor":19,"gold_loss":0},{"cards_removed":["True Grit"],"damage_healed":0,"gold_gain":0,"player_choice":"Gave Gold","damage_taken":0,"max_hp_gain":0,"max_hp_loss":0,"event_name":"Beggar","floor":21,"gold_loss":75},{"damage_healed":0,"gold_gain":0,"cards_transformed":["Strike_R","Perfected Strike"],"player_choice":"Became Test Subject","damage_taken":0,"max_hp_gain":0,"max_hp_loss":0,"event_name":"Drug Dealer","floor":30,"gold_loss":0,"cards_obtained":["Iron Wave","Bloodletting"]}],"is_beta":false,"boss_relics":[{"not_picked":["Empty Cage","Pandora\u0027s Box"],"picked":"Sozu"}],"items_purged_floors":[27],"is_endless":false,"potions_floor_spawned":[1,5,10,16,23,25,28,31],"killed_by":"Collector","ascension_level":0}