{"gold_per_floor":[111,123,51,51,51,51,95,108,108,132,175,198,212,232,232,326,326,350,374,374,131,156,156,180,195,219,274,286,323,335,370,382,394],"floor_reached":33,"playtime":1211,"items_purged":[],"score":524,"play_id":"e98924bf-06ed-4d75-88b3-567ba976455d","local_time":"20190118102817","is_ascension_mode":true,"campfire_choices":[{"data":"Whirlwind","floor":6.0,"key":"SMITH"},{"floor":15.0,"key":"REST"},{"floor":23.0,"key":"REST"},{"floor":30,"key":"REST"},{"floor":32,"key":"REST"}],"neow_cost":"NONE","seed_source_timestamp":0,"circlet_count":0,"master_deck":["AscendersBane","Strike_R","Strike_R","Strike_R","Strike_R","Strike_R","Defend_R","Defend_R","Defend_R","Defend_R","Bash","Whirlwind+1","Thunderclap","Metallicize","Pummel","Pommel Strike","Perfected Strike","Armaments","Flame Barrier","Evolve","Immolate","Juggernaut","Headbutt","Carnage+1","Twin Strike","Pommel Strike","Seeing Red+1","Pommel Strike","Spot Weakness","Barricade","Body Slam"],"special_seed":0,"relics":["Burning Blood","NeowsBlessing","Mango","Golden Idol","Omamori","Torii","Bronze Scales","Sozu","Paper Frog","Sling","MawBank","Shuriken"],"potions_floor_usage":[],"damage_taken":[{"damage":0.0,"enemies":"Cultist","floor":1.0,"turns":1.0},{"damage":0.0,"enemies":"2 Louse","floor":2.0,"turns":1.0},{"damage":0.0,"enemies":"3 Sentries","floor":7.0,"turns":2.0},{"damage":14.0,"enemies":"Jaw Worm","floor":8.0,"turns":3.0},{"damage":15.0,"enemies":"Exordium Wildlife","floor":10.0,"turns":4.0},{"damage":17.0,"enemies":"Gremlin Nob","floor":11.0,"turns":4.0},{"damage":0.0,"enemies":"Lots of Slimes","floor":12.0,"turns":1.0},{"damage":10.0,"enemies":"Large Slime","floor":13.0,"turns":5.0},{"damage":18.0,"enemies":"Blue Slaver","floor":14.0,"turns":3.0},{"damage":24.0,"enemies":"The Guardian","floor":16.0,"turns":12.0},{"damage":0.0,"enemies":"3 Byrds","floor":18.0,"turns":2.0},{"damage":41.0,"enemies":"2 Thieves","floor":19.0,"turns":4.0},{"damage":12.0,"enemies":"Snecko","floor":22.0,"turns":4.0},{"damage":41.0,"enemies":"3 Cultists","floor":24.0,"turns":5.0},{"damage":19.0,"enemies":"Centurion and Healer","floor":25.0,"turns":6.0},{"damage":11.0,"enemies":"Slavers","floor":27.0,"turns":2.0},{"damage":9,"enemies":"Snake Plant","floor":29,"turns":3},{"damage":12,"enemies":"Chosen and Byrds","floor":31,"turns":4},{"damage":68,"enemies":"Collector","floor":33,"turns":7}],"seed_played":"1054847163538833202","potions_obtained":[{"floor":8.0,"key":"EssenceOfSteel"},{"floor":10.0,"key":"EssenceOfSteel"},{"floor":12.0,"key":"EssenceOfSteel"},{"floor":16.0,"key":"GamblersBrew"}],"is_trial":false,"path_per_floor":["M","M","$","?","?","R","E","M","T","M","E","M","M","M","R","B",null,"M","M","?","$","M","R","M","M","T","E","$","M","R","M","R","B"],"character_chosen":"IRONCLAD","items_purchased":["Metallicize","Twin Strike","Sling"],"campfire_rested":4,"item_purchase_floors":[3,21,21],"current_hp_per_floor":[74,75,75,82,82,82,82,74,74,65,54,60,56,44,68,50,74,80,45,45,45,39,63,28,15,15,10,10,7,31,25,49,0],"gold":394,"neow_bonus":"THREE_ENEMY_KILL","is_prod":false,"is_daily":false,"chose_seed":false,"campfire_upgraded":1,"win_rate":0,"timestamp":1547825297,"path_taken":["M","M","?","?","?","R","E","M","T","M","E","?","M","M","R","BOSS","M","M","?","$","M","R","M","M","T","E","$","M","R","?","R","BOSS"],"build_version":"2019-01-17v2","purchased_purges":0,"victory":false,"max_hp_per_floor":[75,75,75,89,82,82,82,82,82,82,82,82,82,82,82,82,82,82,82,82,82,82,82,82,82,82,82,82,82,82,82,82,82],"card_choices":[{"not_picked":["Anger","Body Slam"],"picked":"Whirlwind","floor":1.0},{"not_picked":["Clash","Sentinel"],"picked":"Thunderclap","floor":2.0},{"not_picked":["Armaments","Body Slam"],"picked":"Pummel","floor":7.0},{"not_picked":["Armaments","Battle Trance"],"picked":"Pommel Strike","floor":8.0},{"not_picked":["Twin Strike","Heavy Blade"],"picked":"Perfected Strike","floor":10.0},{"not_picked":["Limit Break","Warcry"],"picked":"Armaments","floor":11.0},{"not_picked":["Armaments","Uppercut"],"picked":"Flame Barrier","floor":12.0},{"not_picked":["Sword Boomerang","Thunderclap"],"picked":"Evolve","floor":13.0},{"not_picked":["Iron Wave","Headbutt"],"picked":"Immolate","floor":14.0},{"not_picked":["Fiend Fire","Exhume"],"picked":"Juggernaut","floor":16.0},{"not_picked":["Iron Wave","Wild Strike"],"picked":"Headbutt","floor":18.0},{"not_picked":["Havoc","Heavy Blade"],"picked":"Carnage+1","floor":19.0},{"not_picked":["Flex","Anger+1"],"picked":"Pommel Strike","floor":22.0},{"not_picked":["Berserk","Headbutt"],"picked":"Seeing Red+1","floor":24.0},{"not_picked":["Headbutt","Clothesline"],"picked":"Pommel Strike","floor":25.0},{"not_picked":["Sword Boomerang+1","Flex"],"picked":"Spot Weakness","floor":27.0},{"not_picked":["Heavy Blade","Combust"],"picked":"Barricade","floor":29},{"not_picked":["Armaments","Clash"],"picked":"Body Slam","floor":31}],"player_experience":2152000,"relics_obtained":[{"floor":7.0,"key":"Omamori"},{"floor":9.0,"key":"Torii"},{"floor":11.0,"key":"Bronze Scales"},{"floor":26.0,"key":"MawBank"},{"floor":27.0,"key":"Shuriken"}],"event_choices":[{"damage_healed":0.0,"max_hp_gain":0.0,"max_hp_loss":0.0,"gold_gain":0.0,"event_name":"Scrap Ooze","player_choice":"Success","floor":4.0,"gold_loss":0.0,"damage_taken":7.0,"relics_obtained":["Mango"]},{"damage_healed":0.0,"max_hp_gain":0.0,"max_hp_loss":7.0,"gold_gain":0.0,"event_name":"Golden Idol","player_choice":"Lose Max HP","floor":5.0,"gold_loss":0.0,"damage_taken":0.0,"relics_obtained":["Golden Idol"]},{"damage_healed":0.0,"max_hp_gain":0.0,"max_hp_loss":0.0,"gold_gain":0.0,"event_name":"WeMeetAgain","player_choice":"Gave Potion","floor":20.0,"gold_loss":0.0,"damage_taken":0.0,"relics_obtained":["Paper Frog"]}],"is_beta":false,"boss_relics":[{"not_picked":["Eternal Feather","Empty Cage"],"picked":"Sozu"}],"items_purged_floors":[],"is_endless":false,"potions_floor_spawned":[8,10,12,16,19,25],"killed_by":"Collector","ascension_level":14}