{"path_per_floor":["M","M","M","?","M","R","M","E","T","R","E","M","M","M","R"],"character_chosen":"IRONCLAD","items_purchased":[],"gold_per_floor":[116,129,149,149,173,173,198,542,542,542,582,603,622,646,646,646],"floor_reached":16,"campfire_rested":2,"playtime":2684,"current_hp_per_floor":[80,74,71,71,72,72,53,31,31,55,29,43,44,44,69,0],"items_purged":[],"gold":646,"score":116,"play_id":"941b7d9c-b952-45cc-aff1-1559f6c9c6fb","local_time":"20180520212834","is_prod":false,"is_daily":false,"chose_seed":false,"is_ascension_mode":false,"campfire_upgraded":1,"timestamp":1526866114,"campfire_choices":[{"data":"Strike_R","floor":6,"key":"SMITH"},{"floor":10,"key":"REST"},{"floor":15,"key":"REST"}],"path_taken":["M","M","M","?","M","R","M","E","T","R","E","M","M","M","R","BOSS"],"build_version":"2018-05-17","seed_source_timestamp":161842616155196,"purchased_purges":0,"victory":false,"master_deck":["Strike_R+1","Strike_R","Strike_R","Strike_R","Strike_R","Defend_R","Defend_R","Defend_R","Defend_R","Bash","Burning Pact","Shrug It Off","Warcry","Injury","Rage","Thunderclap","Perfected Strike","Feed","Armaments","Inflame","Body Slam"],"max_hp_per_floor":[80,80,80,80,80,80,80,80,80,80,80,83,86,86,86,86],"relics":["Burning Blood","Golden Idol","Old Coin","Kunai","Magic Flower"],"card_choices":[{"not_picked":["Sever Soul","Pummel"],"picked":"Burning Pact","floor":1},{"not_picked":["Inflame","Feel No Pain"],"picked":"Shrug It Off","floor":2},{"not_picked":["Burning Pact","Disarm"],"picked":"Warcry","floor":3},{"not_picked":["Warcry","Pommel Strike"],"picked":"Rage","floor":5},{"not_picked":["Armaments","Clothesline"],"picked":"Thunderclap","floor":7},{"not_picked":["Hemokinesis","Burning Pact"],"picked":"Perfected Strike","floor":8},{"not_picked":["Body Slam","Disarm"],"picked":"Feed","floor":11},{"not_picked":["Sword Boomerang","True Grit"],"picked":"Armaments","floor":12},{"not_picked":["Clothesline","Perfected Strike"],"picked":"Inflame","floor":13},{"not_picked":["True Grit","Warcry"],"picked":"Body Slam","floor":14}],"player_experience":0,"potions_floor_usage":[7,8,11,16],"damage_taken":[{"damage":2,"enemies":"2 Louse","floor":1,"turns":4},{"damage":12,"enemies":"Cultist","floor":2,"turns":6},{"damage":9,"enemies":"Jaw Worm","floor":3,"turns":4},{"damage":5,"enemies":"2 Fungi Beasts","floor":5,"turns":5},{"damage":25,"enemies":"Large Slime","floor":7,"turns":10},{"damage":28,"enemies":"3 Sentries","floor":8,"turns":11},{"damage":32,"enemies":"Lagavulin","floor":11,"turns":9},{"damage":0,"enemies":"Exordium Wildlife","floor":12,"turns":4},{"damage":13,"enemies":"Exordium Thugs","floor":13,"turns":5},{"damage":9,"enemies":"Large Slime","floor":14,"turns":7},{"damage":75,"enemies":"The Guardian","floor":16,"turns":12}],"relics_obtained":[{"floor":8,"key":"Old Coin"},{"floor":9,"key":"Kunai"},{"floor":11,"key":"Magic Flower"}],"event_choices":[{"event_name":"Golden Idol","player_choice":"Take Wound","floor":4,"damage_taken":0}],"boss_relics":[],"potions_floor_spawned":[1,2,5,11],"seed_played":"294857415278601311","killed_by":"The Guardian","ascension_level":0,"potions_obtained":[{"floor":1,"key":"EssenceOfSteel"},{"floor":2,"key":"EssenceOfSteel"},{"floor":5,"key":"Swift Potion"},{"floor":11,"key":"Explosive Potion"}],"is_trial":false}