{"gold_per_floor":[118,132,307,257,276,288,288,303,330,405,422,422,4,21,21,118,118,131,7,24,24,24,56,56,56,56,66,31,31,51,65,65,65],"floor_reached":33,"playtime":1480,"items_purged":["Strike_R","Strike_R"],"score":400,"play_id":"ee1d880f-72da-429a-84e1-ff01e19cc0dc","local_time":"20180720082441","is_ascension_mode":true,"campfire_choices":[{"data":"Intimidate","floor":7.0,"key":"SMITH"},{"data":"Pommel Strike","floor":12.0,"key":"SMITH"},{"floor":15.0,"key":"REST"},{"data":"Impervious","floor":25,"key":"SMITH"},{"data":"Shrug It Off","floor":32,"key":"SMITH"}],"neow_cost":"NONE","seed_source_timestamp":0,"circlet_count":0,"master_deck":["Defend_R+1","Defend_R+1","Defend_R","Defend_R","Bash+1","Pommel Strike+1","Thunderclap","Intimidate+1","Headbutt","Shrug It Off","Immolate","Impervious+1","Shrug It Off","Heavy Blade","Seeing Red","Bite","Bite","Bite","Bite","Bite","Rampage+1","Shrug It Off+1","Shrug It Off"],"special_seed":0,"relics":["Burning Blood","War Paint","Pen Nib","Eternal Feather","Omamori","Bottled Lightning"],"potions_floor_usage":[18,23,23,27,27,33,33],"damage_taken":[{"damage":3.0,"enemies":"Small Slimes","floor":1.0,"turns":3.0},{"damage":12.0,"enemies":"Jaw Worm","floor":2.0,"turns":2.0},{"damage":10.0,"enemies":"2 Louse","floor":5.0,"turns":2.0},{"damage":6.0,"enemies":"Red Slaver","floor":6.0,"turns":4.0},{"damage":10.0,"enemies":"Exordium Thugs","floor":8.0,"turns":6.0},{"damage":8.0,"enemies":"Large Slime","floor":11.0,"turns":8.0},{"damage":2.0,"enemies":"Exordium Wildlife","floor":14.0,"turns":2.0},{"damage":23.0,"enemies":"Slime Boss","floor":16.0,"turns":8.0},{"damage":4,"enemies":"Chosen","floor":18,"turns":4},{"damage":49,"enemies":"2 Thieves","floor":20,"turns":4},{"damage":5,"enemies":"Gremlin Leader","floor":23,"turns":5},{"damage":16,"enemies":"Cultist and Chosen","floor":27,"turns":5},{"damage":23,"enemies":"Centurion and Healer","floor":30,"turns":7},{"damage":24,"enemies":"Snake Plant","floor":31,"turns":5},{"damage":52,"enemies":"Automaton","floor":33,"turns":6}],"seed_played":"6245429201362713191","potions_obtained":[{"floor":2.0,"key":"Block Potion"},{"floor":6.0,"key":"Strength Potion"},{"floor":8.0,"key":"Poison Potion"},{"floor":16.0,"key":"FearPotion"},{"floor":20,"key":"FearPotion"},{"floor":21,"key":"Ancient Potion"},{"floor":23,"key":"Block Potion"},{"floor":30,"key":"Swift Potion"},{"floor":31,"key":"Swift Potion"}],"is_trial":false,"path_per_floor":["M","M","?","?","M","M","R","M","T","?","M","R","$","M","R","B",null,"M","$","M","?","?","E","?","R","T","M","$","?","M","M","R"],"character_chosen":"IRONCLAD","items_purchased":["Pen Nib","Shrug It Off","Immolate","Heavy Blade","Rampage"],"campfire_rested":1,"item_purchase_floors":[13,13,13,19,28],"current_hp_per_floor":[75,69,69,69,65,65,65,61,61,50,48,48,48,52,76,59,75,77,77,34,34,34,35,35,43,43,43,43,43,40,30,38,0],"gold":65,"neow_bonus":"UPGRADE_CARD","is_prod":false,"is_daily":false,"chose_seed":false,"campfire_upgraded":4,"win_rate":0,"timestamp":1532089481,"path_taken":["M","M","?","?","M","?","R","M","T","?","M","R","$","M","R","BOSS","M","$","M","?","?","E","?","R","T","M","$","?","M","M","R","BOSS"],"build_version":"2018-07-12","purchased_purges":2,"victory":false,"max_hp_per_floor":[80,80,80,80,80,80,80,80,80,80,80,80,80,80,80,80,80,80,80,80,80,80,80,56,56,56,56,56,56,56,56,56,56],"card_choices":[{"not_picked":["Dual Wield","Thunderclap"],"picked":"Pommel Strike","floor":1.0},{"not_picked":["Seeing Red","Warcry","Bloodletting"],"picked":"SKIP","floor":2.0},{"not_picked":["Havoc","Pommel Strike"],"picked":"Thunderclap","floor":5.0},{"not_picked":["Power Through","Twin Strike"],"picked":"Intimidate","floor":6.0},{"not_picked":["Warcry","Anger"],"picked":"Headbutt","floor":8.0},{"not_picked":["Sentinel","Heavy Blade","Wild Strike"],"picked":"SKIP","floor":11.0},{"not_picked":["Wild Strike","Warcry","Perfected Strike"],"picked":"SKIP","floor":14.0},{"not_picked":["Reaper","Double Tap"],"picked":"Impervious","floor":16.0},{"not_picked":["Power Through","Clothesline"],"picked":"Shrug It Off","floor":18},{"not_picked":["Carnage","Warcry+1"],"picked":"Seeing Red","floor":20},{"not_picked":["Twin Strike","Hemokinesis","Corruption+1"],"picked":"SKIP","floor":23},{"not_picked":["Dual Wield","Thunderclap","Anger"],"picked":"SKIP","floor":27},{"not_picked":["Burning Pact","Sever Soul"],"picked":"Shrug It Off","floor":30},{"not_picked":["Dropkick","Wild Strike"],"picked":"Shrug It Off","floor":31}],"player_experience":1174933,"relics_obtained":[{"floor":9.0,"key":"War Paint"},{"floor":23,"key":"Omamori"},{"floor":26,"key":"Bottled Lightning"}],"event_choices":[{"event_name":"Liars Game","player_choice":"agreed","floor":3.0,"damage_taken":0.0},{"event_name":"The Cleric","player_choice":"Card Removal","floor":4.0,"damage_taken":0.0},{"event_name":"World of Goop","player_choice":"Gather Gold","floor":10.0,"damage_taken":0.0},{"event_name":"The Lab","player_choice":"Got Potions","floor":21,"damage_taken":0},{"event_name":"Beggar","player_choice":"Ignored","floor":22,"damage_taken":0},{"event_name":"Vampires","player_choice":"Became a vampire","floor":24,"damage_taken":0},{"event_name":"Accursed Blacksmith","player_choice":"Forge","floor":29,"damage_taken":0}],"boss_relics":[{"not_picked":["Astrolabe","Coffee Dripper"],"picked":"Eternal Feather"}],"items_purged_floors":[13,19],"is_endless":false,"potions_floor_spawned":[2,6,8,16,20,23,30,31],"killed_by":"Automaton","ascension_level":7}