{"gold_per_floor":[113,113,126,126,140,140,174,174,201,219,230,249,269,329,329,428,428,444,444,444,454,96,96,109,109,109,109,144,144,144,173,173,173],"floor_reached":33,"playtime":1439,"items_purged":["Barricade"],"score":405,"play_id":"58e991d9-a106-4bac-8c30-6565b4706d9b","local_time":"20190214211755","is_ascension_mode":true,"campfire_choices":[{"data":"Burning Pact","floor":6,"key":"SMITH"},{"data":"Inflame","floor":8,"key":"SMITH"},{"floor":15,"key":"REST"},{"data":"Barricade","floor":23,"key":"SMITH"},{"data":"True Grit","floor":25,"key":"SMITH"},{"floor":27,"key":"RECALL"},{"data":"Limit Break","floor":30,"key":"SMITH"},{"data":"Sentinel","floor":32,"key":"SMITH"}],"neow_cost":"NONE","seed_source_timestamp":36392196913152,"circlet_count":0,"master_deck":["Bash","Ghostly Armor","Pommel Strike","Burning Pact+1","Inflame+1","Sword Boomerang","Disarm","Headbutt","Metallicize","Fiend Fire","Second Wind","Limit Break+1","Barricade+1","Sentinel+1","Rage","Flame Barrier","Heavy Blade+1","Disarm","True Grit+1","Body Slam+1","Exhume"],"relics":["Velvet Choker","Bag of Preparation","Happy Flower","Tiny Chest","Pandora\u0027s Box","Thread and Needle","Mummified Hand","Omamori","Juzu Bracelet","Pear"],"potions_floor_usage":[7,14,28,33],"damage_taken":[{"damage":4,"enemies":"2 Louse","floor":1,"turns":3},{"damage":1,"enemies":"Cultist","floor":3,"turns":3},{"damage":0,"enemies":"Small Slimes","floor":5,"turns":3},{"damage":18,"enemies":"Lagavulin","floor":7,"turns":5},{"damage":10,"enemies":"Gremlin Gang","floor":10,"turns":5},{"damage":0,"enemies":"3 Louse","floor":11,"turns":2},{"damage":1,"enemies":"Looter","floor":12,"turns":3},{"damage":9,"enemies":"Gremlin Gang","floor":13,"turns":5},{"damage":6,"enemies":"Gremlin Nob","floor":14,"turns":2},{"damage":24,"enemies":"The Guardian","floor":16,"turns":7},{"damage":14,"enemies":"Shell Parasite","floor":18,"turns":5},{"damage":0,"enemies":"Spheric Guardian","floor":21,"turns":6},{"damage":2,"enemies":"Centurion and Healer","floor":24,"turns":7},{"damage":10,"enemies":"Gremlin Leader","floor":28,"turns":5},{"damage":11,"enemies":"Slavers","floor":31,"turns":6},{"damage":63,"enemies":"Collector","floor":33,"turns":7}],"seed_played":"-2162834915689463658","potions_obtained":[{"floor":4,"key":"Poison Potion"},{"floor":4,"key":"SkillPotion"},{"floor":4,"key":"SkillPotion"},{"floor":5,"key":"PowerPotion"},{"floor":7,"key":"Ancient Potion"},{"floor":11,"key":"EssenceOfSteel"},{"floor":13,"key":"PowerPotion"},{"floor":16,"key":"Dexterity Potion"}],"is_trial":false,"path_per_floor":["M","?","M","?","M","R","E","R","T","M","M","M","M","E","R","B",null,"M","?","?","M","$","R","M","R","T","R","E","?","R","E","R","B"],"character_chosen":"IRONCLAD","items_purchased":["Mummified Hand","True Grit"],"campfire_rested":1,"item_purchase_floors":[22,22],"current_hp_per_floor":[76,81,80,80,80,80,62,62,62,52,52,51,42,36,61,37,85,71,71,71,71,71,71,69,69,69,69,59,59,59,58,58,0],"gold":173,"neow_bonus":"BOSS_RELIC","is_prod":false,"is_daily":false,"chose_seed":false,"campfire_upgraded":6,"win_rate":0,"timestamp":1550175475,"path_taken":["M","?","M","?","M","R","E","R","T","?","M","M","M","E","R","BOSS","M","?","?","?","$","R","M","R","T","R","E","?","R","E","R","BOSS"],"build_version":"2019-01-23","purchased_purges":1,"victory":false,"max_hp_per_floor":[80,85,85,85,85,85,85,85,85,85,85,85,85,85,85,85,85,85,85,85,85,85,85,85,85,85,85,85,85,85,95,95,95],"card_choices":[{"not_picked":["Clash","Blood for Blood"],"picked":"Ghostly Armor","floor":1},{"not_picked":["Headbutt","Flex"],"picked":"Pommel Strike","floor":3},{"not_picked":["Thunderclap","Cleave"],"picked":"Burning Pact","floor":5},{"not_picked":["Thunderclap","Twin Strike"],"picked":"Inflame","floor":7},{"not_picked":["Searing Blow","Seeing Red"],"picked":"Sword Boomerang","floor":10},{"not_picked":["Flex","Sever Soul","Fiend Fire"],"picked":"SKIP","floor":11},{"not_picked":["Reckless Charge","Seeing Red"],"picked":"Disarm","floor":12},{"not_picked":["Infernal Blade","Anger"],"picked":"Headbutt","floor":13},{"not_picked":["Havoc","Twin Strike"],"picked":"Metallicize","floor":14},{"not_picked":["Cleave","Clothesline"],"picked":"Heavy Blade+1","floor":18},{"not_picked":["Fire Breathing","Burning Pact+1"],"picked":"Disarm","floor":21},{"not_picked":["Warcry","Havoc"],"picked":"Body Slam+1","floor":24},{"not_picked":["Thunderclap","Seeing Red"],"picked":"Exhume","floor":28},{"not_picked":["Hemokinesis","Thunderclap+1","Exhume"],"picked":"SKIP","floor":31}],"player_experience":95334,"relics_obtained":[{"floor":7,"key":"Bag of Preparation"},{"floor":9,"key":"Happy Flower"},{"floor":14,"key":"Tiny Chest"},{"floor":26,"key":"Omamori"},{"floor":28,"key":"Juzu Bracelet"},{"floor":31,"key":"Pear"}],"event_choices":[{"damage_healed":0,"gold_gain":0,"player_choice":"Donut","damage_taken":0,"max_hp_gain":5,"max_hp_loss":0,"event_name":"Big Fish","floor":2,"gold_loss":0},{"damage_healed":0,"gold_gain":0,"player_choice":"Got Potions","damage_taken":0,"max_hp_gain":0,"max_hp_loss":0,"event_name":"Lab","floor":4,"gold_loss":0},{"damage_healed":0,"gold_gain":0,"player_choice":"Ignored","damage_taken":0,"max_hp_gain":0,"max_hp_loss":0,"event_name":"Ghosts","floor":19,"gold_loss":0},{"cards_removed":["Anger"],"damage_healed":0,"gold_gain":0,"player_choice":"Gave Card","damage_taken":0,"relics_obtained":["Thread and Needle"],"max_hp_gain":0,"max_hp_loss":0,"event_name":"WeMeetAgain","floor":20,"gold_loss":0},{"damage_healed":0,"gold_gain":0,"player_choice":"Ignored","damage_taken":0,"max_hp_gain":0,"max_hp_loss":0,"event_name":"Vampires","floor":29,"gold_loss":0}],"is_beta":false,"boss_relics":[{"not_picked":["Fusion Hammer","Orrery"],"picked":"Pandora\u0027s Box"}],"items_purged_floors":[22],"is_endless":false,"potions_floor_spawned":[5,7,11,12,13,16,21,24],"killed_by":"Collector","ascension_level":2}