{"gold_per_floor":[110,129,37,37,58,58,96,121,121,121,121,139,158,158,158,287,287,300,300,97,97,118,118,156,174,224,139,18,18,34,55,55,183,183,207,230,230],"floor_reached":37,"playtime":2043,"items_purged":["Strike_B","Strike_B+1"],"score":389,"play_id":"0ec9c65c-f3fd-4ab0-b86a-98de21d4f763","local_time":"20181208153306","is_ascension_mode":false,"campfire_choices":[{"data":"Streamline","floor":6,"key":"SMITH"},{"floor":11,"key":"REST"},{"floor":15,"key":"REST"},{"floor":23,"key":"RECALL"},{"floor":29,"key":"REST"},{"floor":32,"key":"REST"}],"neow_cost":"NONE","seed_source_timestamp":91060126649137,"circlet_count":0,"master_deck":["Strike_B+1","Strike_B+1","Defend_B+1","Defend_B+1","Defend_B+1","Defend_B+1","Zap","Dualcast","Genetic Algorithm","Streamline+1","Melter","Coolheaded","Leap","Beam Cell","Static Discharge","Go for the Eyes","Creative AI","Core Surge","Static Discharge+1","Leap","Ball Lightning","Self Repair","Ball Lightning+1","Compile Driver","Static Discharge","Cold Snap","Core Surge","Cold Snap"],"relics":["Cracked Core","NeowsBlessing","Golden Idol","Smiling Mask","Odd Mushroom","Matryoshka","Juzu Bracelet","Inserter","Ancient Tea Set","Potion Belt","Pen Nib","Omamori","Lizard Tail"],"potions_floor_usage":[7,8,16,30,30,33,35,37],"damage_taken":[{"damage":0,"enemies":"Small Slimes","floor":1,"turns":1},{"damage":0,"enemies":"Jaw Worm","floor":2,"turns":1},{"damage":0,"enemies":"2 Louse","floor":5,"turns":1},{"damage":41,"enemies":"Lagavulin","floor":7,"turns":7},{"damage":7,"enemies":"The Mushroom Lair","floor":8,"turns":2},{"damage":10,"enemies":"Blue Slaver","floor":12,"turns":4},{"damage":0,"enemies":"Exordium Wildlife","floor":13,"turns":4},{"damage":36,"enemies":"Slime Boss","floor":16,"turns":11},{"damage":1,"enemies":"Chosen","floor":18,"turns":5},{"damage":16,"enemies":"Shell Parasite","floor":22,"turns":6},{"damage":46,"enemies":"Gremlin Leader","floor":24,"turns":6},{"damage":19,"enemies":"Sentry and Sphere","floor":25,"turns":3},{"damage":14,"enemies":"Snake Plant","floor":30,"turns":2},{"damage":16,"enemies":"Snecko","floor":31,"turns":6},{"damage":36,"enemies":"Champ","floor":33,"turns":15},{"damage":74,"enemies":"3 Darklings","floor":35,"turns":9},{"damage":23,"enemies":"3 Shapes","floor":36,"turns":9},{"damage":27,"enemies":"Transient","floor":37,"turns":5}],"seed_played":"-1904444282668226961","potions_obtained":[{"floor":5,"key":"Regen Potion"},{"floor":7,"key":"Fire Potion"},{"floor":13,"key":"AttackPotion"},{"floor":18,"key":"Block Potion"},{"floor":24,"key":"FearPotion"},{"floor":25,"key":"Regen Potion"},{"floor":30,"key":"Block Potion"},{"floor":35,"key":"EssenceOfSteel"},{"floor":36,"key":"Ancient Potion"}],"is_trial":false,"path_per_floor":["M","M","$","?","M","R","E","?","T","?","R","M","M","?","R","B",null,"M","?","$","?","M","R","E","M","T","?","$","R","M","M","R","B",null,"M","M","M"],"character_chosen":"DEFECT","items_purchased":["Melter","Coolheaded","Leap","Ball Lightning","Self Repair","Static Discharge"],"campfire_rested":4,"item_purchase_floors":[3,3,20,20,20,28],"current_hp_per_floor":[75,75,75,57,57,57,31,24,24,12,34,24,24,24,46,10,75,74,74,74,74,65,65,26,14,14,14,14,36,31,22,44,15,75,1,24,0],"gold":230,"neow_bonus":"THREE_ENEMY_KILL","is_prod":false,"is_daily":false,"chose_seed":false,"campfire_upgraded":1,"win_rate":0,"timestamp":1544301186,"path_taken":["M","M","$","?","M","R","E","?","T","?","R","M","M","?","R","BOSS","M","?","$","?","M","R","E","M","T","?","?","R","M","M","R","BOSS","M","M","M"],"build_version":"2018-12-06","purchased_purges":2,"victory":false,"max_hp_per_floor":[75,75,75,75,75,75,75,75,75,75,75,75,75,75,75,75,75,75,75,75,75,75,75,75,75,75,75,75,75,75,75,75,75,75,75,75,75],"card_choices":[{"not_picked":["Steam","Hologram"],"picked":"Genetic Algorithm","floor":1},{"not_picked":["Rebound","Consume"],"picked":"Streamline","floor":2},{"not_picked":["Skim","Melter"],"picked":"Leap","floor":5},{"not_picked":["Self Repair","Gash"],"picked":"Beam Cell","floor":7},{"not_picked":["Streamline","Hologram"],"picked":"Static Discharge","floor":8},{"not_picked":["Beam Cell","Coolheaded"],"picked":"Go for the Eyes","floor":12},{"not_picked":["Redo","Stack"],"picked":"Creative AI","floor":13},{"not_picked":["Fission","Rainbow"],"picked":"Core Surge","floor":16},{"not_picked":["Barrage","Conserve Battery+1"],"picked":"Static Discharge+1","floor":18},{"not_picked":["Turbo","Redo","Skim"],"picked":"SKIP","floor":22},{"not_picked":["Beam Cell+1","Hyperbeam"],"picked":"Ball Lightning+1","floor":24},{"not_picked":["Tempest","Gash"],"picked":"Compile Driver","floor":25},{"not_picked":["Sweeping Beam","Turbo","Aggregate"],"picked":"SKIP","floor":30},{"not_picked":["Compile Driver","Redo+1"],"picked":"Cold Snap","floor":31},{"not_picked":["Fission","Reboot"],"picked":"Core Surge","floor":33},{"not_picked":["Beam Cell+1","Turbo+1"],"picked":"Cold Snap","floor":35},{"not_picked":["Streamline+1","Aggregate+1","Ball Lightning"],"picked":"SKIP","floor":36}],"player_experience":1810093,"relics_obtained":[{"floor":7,"key":"Smiling Mask"},{"floor":8,"key":"Odd Mushroom"},{"floor":9,"key":"Matryoshka"},{"floor":24,"key":"Ancient Tea Set"},{"floor":26,"key":"Potion Belt"},{"floor":26,"key":"Pen Nib"}],"event_choices":[{"damage_healed":0,"gold_gain":0,"player_choice":"Take Damage","damage_taken":18,"relics_obtained":["Golden Idol"],"max_hp_gain":0,"max_hp_loss":0,"event_name":"Golden Idol","floor":4,"gold_loss":0},{"damage_healed":0,"gold_gain":0,"player_choice":"Fought Mushrooms","damage_taken":0,"max_hp_gain":0,"max_hp_loss":0,"event_name":"Mushrooms","floor":8,"gold_loss":0},{"damage_healed":0,"gold_gain":0,"player_choice":"Success","damage_taken":12,"relics_obtained":["Juzu Bracelet"],"max_hp_gain":0,"max_hp_loss":0,"event_name":"Scrap Ooze","floor":10,"gold_loss":0},{"damage_healed":0,"gold_gain":0,"player_choice":"Ignored","damage_taken":0,"max_hp_gain":0,"max_hp_loss":0,"event_name":"Shining Light","floor":14,"gold_loss":0},{"damage_healed":0,"gold_gain":0,"player_choice":"Ignored","damage_taken":0,"max_hp_gain":0,"max_hp_loss":0,"event_name":"Cursed Tome","floor":19,"gold_loss":0},{"damage_healed":0,"gold_gain":0,"player_choice":"Simplicity","damage_taken":0,"max_hp_gain":0,"max_hp_loss":0,"event_name":"Back to Basics","floor":21,"gold_loss":0,"cards_upgraded":["Strike_B","Strike_B","Strike_B","Defend_B","Defend_B","Defend_B","Defend_B"]},{"damage_healed":0,"gold_gain":0,"player_choice":"Obtained Relic","damage_taken":0,"relics_obtained":["Omamori"],"max_hp_gain":0,"max_hp_loss":0,"event_name":"Addict","floor":27,"gold_loss":85}],"is_beta":false,"boss_relics":[{"not_picked":["Pandora\u0027s Box","Eternal Feather"],"picked":"Inserter"},{"not_picked":["Calling Bell","Astrolabe"],"picked":"Lizard Tail"}],"items_purged_floors":[20,28],"is_endless":false,"potions_floor_spawned":[5,7,13,16,18,24,25,30,35,36],"killed_by":"Transient","ascension_level":0}