{"gold_per_floor":[117,136,89,89,39,39,71,146,172,172,188,188,188,206,206,305,305,315,315,39,52,52],"floor_reached":22,"playtime":793,"items_purged":["Strike_R"],"score":218,"play_id":"ac616132-ebd7-4a6b-a123-73697b9343d6","local_time":"20181225160058","is_ascension_mode":true,"campfire_choices":[{"data":"Armaments","floor":6,"key":"SMITH"},{"floor":10,"key":"REST"},{"data":"Cleave","floor":13,"key":"SMITH"},{"data":"Thunderclap","floor":15,"key":"SMITH"}],"neow_cost":"PERCENT_DAMAGE","seed_source_timestamp":2299532442540915,"circlet_count":0,"master_deck":["Strike_R","Defend_R","Defend_R","Defend_R","Bash+1","Cleave+1","Armaments+1","Dropkick","Thunderclap+1","Bludgeon","Inflame+1","Entrench","Iron Wave","Body Slam"],"relics":["Burning Blood","Darkstone Periapt","Ancient Tea Set","Eternal Feather","Omamori"],"potions_floor_usage":[16],"damage_taken":[{"damage":1,"enemies":"2 Louse","floor":1,"turns":3},{"damage":7,"enemies":"Small Slimes","floor":2,"turns":2},{"damage":41,"enemies":"Lagavulin","floor":7,"turns":7},{"damage":0,"enemies":"Jaw Worm","floor":11,"turns":2},{"damage":3,"enemies":"Blue Slaver","floor":14,"turns":3},{"damage":34,"enemies":"Hexaghost","floor":16,"turns":9},{"damage":22,"enemies":"Spheric Guardian","floor":18,"turns":4},{"damage":42,"enemies":"3 Byrds","floor":21,"turns":7},{"damage":31,"enemies":"Snake Plant","floor":22,"turns":3}],"seed_played":"1294248917084937400","potions_obtained":[{"floor":2,"key":"Swift Potion"},{"floor":14,"key":"AttackPotion"},{"floor":21,"key":"Dexterity Potion"}],"is_trial":false,"path_per_floor":["M","M","$","?","?","R","E","?","T","R","M","?","R","M","R","B",null,"M","?","$","M","M"],"character_chosen":"IRONCLAD","items_purchased":["Armaments","Omamori","Iron Wave"],"campfire_rested":1,"item_purchase_floors":[3,20,20],"current_hp_per_floor":[61,60,60,60,60,60,25,14,14,38,44,44,44,47,47,19,80,64,64,64,28,0],"gold":52,"neow_bonus":"REMOVE_TWO","is_prod":false,"is_daily":false,"chose_seed":false,"campfire_upgraded":3,"win_rate":0,"timestamp":1545721258,"path_taken":["M","M","$","?","?","R","E","?","T","R","?","?","R","M","R","BOSS","M","?","$","M","?"],"build_version":"2018-12-20","purchased_purges":1,"victory":false,"max_hp_per_floor":[80,80,80,80,80,80,80,80,80,80,80,80,80,80,80,80,80,80,80,80,80,80],"card_choices":[{"not_picked":["Clothesline","Armaments"],"picked":"Cleave","floor":1},{"not_picked":["Clash","Wild Strike","Sword Boomerang"],"picked":"SKIP","floor":2},{"not_picked":["Exhume","Twin Strike"],"picked":"Dropkick","floor":7},{"not_picked":["Body Slam","Bloodletting","Headbutt"],"picked":"SKIP","floor":11},{"not_picked":["Cleave","Wild Strike"],"picked":"Thunderclap","floor":14},{"not_picked":["Demon Form","Barricade"],"picked":"Bludgeon","floor":16},{"not_picked":["Blood for Blood","Wild Strike"],"picked":"Inflame+1","floor":18},{"not_picked":["Thunderclap","True Grit"],"picked":"Body Slam","floor":21}],"player_experience":239207,"relics_obtained":[{"floor":7,"key":"Darkstone Periapt"},{"floor":9,"key":"Ancient Tea Set"}],"event_choices":[{"damage_healed":0,"gold_gain":0,"player_choice":"Ignored","damage_taken":0,"max_hp_gain":0,"max_hp_loss":0,"event_name":"Liars Game","floor":4,"gold_loss":0},{"cards_removed":["Strike_R"],"damage_healed":0,"gold_gain":0,"player_choice":"Card Removal","damage_taken":0,"max_hp_gain":0,"max_hp_loss":0,"event_name":"The Cleric","floor":5,"gold_loss":50},{"damage_healed":0,"gold_gain":75,"player_choice":"Gather Gold","damage_taken":11,"max_hp_gain":0,"max_hp_loss":0,"event_name":"World of Goop","floor":8,"gold_loss":0},{"damage_healed":0,"gold_gain":0,"player_choice":"Grow","damage_taken":0,"max_hp_gain":0,"max_hp_loss":0,"event_name":"Living Wall","floor":12,"gold_loss":0,"cards_upgraded":["Bash"]},{"damage_healed":0,"gold_gain":0,"cards_transformed":["Strike_R"],"player_choice":"Transformed","damage_taken":0,"max_hp_gain":0,"max_hp_loss":0,"event_name":"Transmorgrifier","floor":19,"gold_loss":0,"cards_obtained":["Entrench"]}],"is_beta":false,"boss_relics":[{"not_picked":["Runic Pyramid","Mark of Pain"],"picked":"Eternal Feather"}],"items_purged_floors":[20],"is_endless":false,"potions_floor_spawned":[2,14,21],"killed_by":"Snake Plant","ascension_level":4}