{"gold_per_floor":[114,125,50,60,60,60,92,115,153,196,227,239,267,293,305,419,431,456,480,492,518,544,556,568],"floor_reached":24,"playtime":1404,"items_purged":["Strike_R"],"score":254,"play_id":"0f9d0dcb-8c80-4635-9ef4-b9020cf15267","local_time":"20190216003617","is_ascension_mode":true,"campfire_choices":[{"data":"Wild Strike","floor":6.0,"key":"SMITH"},{"data":"Perfected Strike","floor":12,"key":"SMITH"},{"data":"Pommel Strike","floor":15,"key":"SMITH"},{"data":"Intimidate","floor":23,"key":"SMITH"}],"neow_cost":"NONE","seed_source_timestamp":18296765475927,"circlet_count":0,"master_deck":["Strike_R","Strike_R","Strike_R","Defend_R","Defend_R","Defend_R","Defend_R","Bash+1","Wild Strike+1","Perfected Strike+1","Impervious","Second Wind","Body Slam","Pommel Strike+1","Impervious","Pommel Strike","Intimidate+1","Exhume","Iron Wave"],"special_seed":0,"relics":["Burning Blood","MawBank","Smiling Mask","Bag of Marbles","Runic Dome"],"potions_floor_usage":[16,24,24],"damage_taken":[{"damage":2.0,"enemies":"Jaw Worm","floor":1.0,"turns":3.0},{"damage":0.0,"enemies":"Cultist","floor":2.0,"turns":2.0},{"damage":5.0,"enemies":"2 Louse","floor":4.0,"turns":3.0},{"damage":30.0,"enemies":"Lagavulin","floor":7.0,"turns":6.0},{"damage":7.0,"enemies":"Looter","floor":8.0,"turns":3.0},{"damage":16.0,"enemies":"Gremlin Nob","floor":10.0,"turns":3.0},{"damage":6,"enemies":"Lots of Slimes","floor":11,"turns":4},{"damage":0,"enemies":"2 Fungi Beasts","floor":13,"turns":1},{"damage":0,"enemies":"Large Slime","floor":14,"turns":4},{"damage":48,"enemies":"The Guardian","floor":16,"turns":8},{"damage":12,"enemies":"Chosen","floor":18,"turns":3},{"damage":15,"enemies":"3 Byrds","floor":19,"turns":6},{"damage":27,"enemies":"Snecko","floor":21,"turns":4},{"damage":5,"enemies":"Sentry and Sphere","floor":22,"turns":5},{"damage":42,"enemies":"Book of Stabbing","floor":24,"turns":5}],"seed_played":"-7531956772660117054","potions_obtained":[{"floor":4.0,"key":"SteroidPotion"},{"floor":8.0,"key":"Dexterity Potion"},{"floor":10.0,"key":"FearPotion"},{"floor":11,"key":"GamblersBrew"},{"floor":16,"key":"AttackPotion"},{"floor":19,"key":"LiquidBronze"},{"floor":22,"key":"BloodPotion"}],"is_trial":false,"path_per_floor":["M","M","$","M","?","R","E","M","T","E","M","R","M","M","R","B",null,"M","M","?","M","M","R","E"],"character_chosen":"IRONCLAD","items_purchased":[],"campfire_rested":0,"item_purchase_floors":[],"current_hp_per_floor":[80,80,80,80,80,80,56,55,55,45,45,45,51,57,57,15,80,74,65,50,29,30,30,0],"gold":568,"neow_bonus":"UPGRADE_CARD","is_prod":false,"is_daily":false,"chose_seed":false,"campfire_upgraded":4,"win_rate":0,"timestamp":1550248577,"path_taken":["M","M","$","M","?","R","E","M","T","E","?","R","M","M","R","BOSS","M","M","?","M","M","R","E"],"build_version":"2019-01-23","purchased_purges":1,"victory":false,"max_hp_per_floor":[80,80,80,80,80,80,80,80,80,80,80,80,80,80,80,80,80,80,80,85,85,85,85,85],"card_choices":[{"not_picked":["Shrug It Off","Clothesline"],"picked":"Wild Strike","floor":1.0},{"not_picked":["Anger","Iron Wave"],"picked":"Perfected Strike","floor":2.0},{"not_picked":["True Grit","Pommel Strike","Sever Soul"],"picked":"SKIP","floor":4.0},{"not_picked":["True Grit","Pommel Strike","Sever Soul"],"picked":"SKIP","floor":4.0},{"not_picked":["True Grit","Pommel Strike","Sever Soul"],"picked":"SKIP","floor":4.0},{"not_picked":["Entrench","Perfected Strike"],"picked":"Impervious","floor":7.0},{"not_picked":["Blood for Blood","Iron Wave","Rage"],"picked":"SKIP","floor":8.0},{"not_picked":["Warcry","Hemokinesis","Heavy Blade"],"picked":"SKIP","floor":10.0},{"not_picked":["Wild Strike","Dropkick"],"picked":"Second Wind","floor":11},{"not_picked":["Infernal Blade","Fire Breathing"],"picked":"Body Slam","floor":13},{"not_picked":["Clash","Twin Strike"],"picked":"Pommel Strike","floor":14},{"not_picked":["Exhume","Brutality"],"picked":"Impervious","floor":16},{"not_picked":["Clash","Anger+1"],"picked":"Pommel Strike","floor":18},{"not_picked":["Pommel Strike","Headbutt"],"picked":"Intimidate","floor":19},{"not_picked":["Iron Wave","Rage"],"picked":"Exhume","floor":21},{"not_picked":["Havoc","Pommel Strike"],"picked":"Iron Wave","floor":22}],"player_experience":164066,"relics_obtained":[{"floor":7.0,"key":"MawBank"},{"floor":9.0,"key":"Smiling Mask"},{"floor":10.0,"key":"Bag of Marbles"}],"event_choices":[{"cards_removed":["Strike_R"],"damage_healed":0.0,"max_hp_gain":0.0,"max_hp_loss":0.0,"gold_gain":0.0,"event_name":"Bonfire Elementals","player_choice":"Offered Basic","floor":5.0,"gold_loss":0.0,"damage_taken":0.0},{"damage_healed":0,"gold_gain":0,"player_choice":"Shed Blood","damage_taken":20,"max_hp_gain":5,"max_hp_loss":0,"event_name":"Forgotten Altar","floor":20,"gold_loss":0}],"is_beta":false,"boss_relics":[{"not_picked":["Runic Cube","Empty Cage"],"picked":"Runic Dome"}],"items_purged_floors":[3],"is_endless":false,"potions_floor_spawned":[4,8,10,11,16,19,21,22],"killed_by":"Book of Stabbing","ascension_level":4}