{"gold_per_floor":[119,4,15,32,45,45,19,46,72,105,105,116,130,189,189,289,289,303,228,6,18,18,44,44,79,79,89,89,115,67,67,67,67],"floor_reached":33,"playtime":1523,"items_purged":["Strike_B"],"score":338,"play_id":"b613537d-8edb-4eb1-8b23-a10e246def00","local_time":"20181208160134","is_ascension_mode":false,"campfire_choices":[{"data":"Static Discharge","floor":6,"key":"SMITH"},{"floor":15,"key":"REST"},{"floor":24,"key":"REST"},{"floor":28,"key":"REST"},{"floor":32,"key":"REST"}],"neow_cost":"NONE","seed_source_timestamp":93291254745042,"circlet_count":0,"master_deck":["Strike_B","Strike_B","Defend_B","Defend_B","Defend_B","Defend_B","Zap","Dualcast","Coolheaded","Static Discharge+1","BootSequence","Melter","Redo","Sweeping Beam","Ball Lightning","Reinforced Body","Leap","Glacier","Conserve Battery","Creative AI","Steam+1","Capacitor","Conserve Battery+1","Leap","Storm","Hologram","Coolheaded"],"relics":["Cracked Core","NeowsBlessing","Orichalcum","Bronze Scales","Boot","FossilizedHelix","Art of War","Black Star","DataDisk","Juzu Bracelet","Letter Opener","Dead Branch","Gambling Chip","Torii","PreservedInsect","Frozen Egg 2"],"potions_floor_usage":[10,10,14,18,29],"damage_taken":[{"damage":0,"enemies":"Cultist","floor":1,"turns":1},{"damage":0,"enemies":"Small Slimes","floor":3,"turns":1},{"damage":0,"enemies":"2 Louse","floor":4,"turns":1},{"damage":2,"enemies":"2 Fungi Beasts","floor":5,"turns":4},{"damage":11,"enemies":"3 Sentries","floor":8,"turns":5},{"damage":11,"enemies":"Lagavulin","floor":10,"turns":5},{"damage":0,"enemies":"Exordium Wildlife","floor":12,"turns":3},{"damage":0,"enemies":"3 Louse","floor":13,"turns":2},{"damage":4,"enemies":"Gremlin Nob","floor":14,"turns":3},{"damage":9,"enemies":"The Guardian","floor":16,"turns":12},{"damage":11,"enemies":"2 Thieves","floor":18,"turns":3},{"damage":0,"enemies":"Spheric Guardian","floor":21,"turns":2},{"damage":4,"enemies":"Colosseum Slavers","floor":22,"turns":6},{"damage":39,"enemies":"Slavers","floor":23,"turns":4},{"damage":0,"enemies":"Book of Stabbing","floor":25,"turns":7},{"damage":0,"enemies":"Cultist and Chosen","floor":27,"turns":8},{"damage":59,"enemies":"Gremlin Leader","floor":29,"turns":7},{"damage":66,"enemies":"Collector","floor":33,"turns":7}],"seed_played":"2232259771377832210","potions_obtained":[{"floor":4,"key":"Strength Potion"},{"floor":8,"key":"Fire Potion"},{"floor":12,"key":"Swift Potion"},{"floor":16,"key":"Weak Potion"},{"floor":27,"key":"AttackPotion"}],"is_trial":false,"path_per_floor":["M","$","M","M","M","R","$","E","T","E","T","M","M","?","R","B",null,"M","?","$","M","?","E","R","E","T","M","R","E","$","?","R","B"],"character_chosen":"DEFECT","items_purchased":["Static Discharge","Sweeping Beam","DataDisk","Capacitor","Coolheaded"],"campfire_rested":4,"item_purchase_floors":[2,7,20,20,30],"current_hp_per_floor":[75,75,75,75,73,73,73,62,62,51,51,51,51,47,69,60,75,64,64,64,64,60,21,43,43,43,43,65,6,6,31,53,0],"gold":67,"neow_bonus":"THREE_ENEMY_KILL","is_prod":false,"is_daily":false,"chose_seed":false,"campfire_upgraded":1,"win_rate":0,"timestamp":1544302894,"path_taken":["M","$","M","M","?","R","$","E","T","E","?","M","M","?","R","BOSS","M","?","$","M","?","E","R","E","T","M","R","E","?","?","R","BOSS"],"build_version":"2018-12-06","purchased_purges":1,"victory":false,"max_hp_per_floor":[75,75,75,75,75,75,75,75,75,75,75,75,75,75,75,75,75,75,75,75,75,75,75,75,75,75,75,75,75,75,75,75,75],"card_choices":[{"not_picked":["Turbo","Gash"],"picked":"Coolheaded","floor":1},{"not_picked":["Chaos","Scrape"],"picked":"BootSequence","floor":3},{"not_picked":["Sweeping Beam","BootSequence"],"picked":"Melter","floor":4},{"not_picked":["Hologram","Steam"],"picked":"Redo","floor":5},{"not_picked":["Go for the Eyes","Undo"],"picked":"Ball Lightning","floor":8},{"not_picked":["Stack","Auto Shields"],"picked":"Reinforced Body","floor":10},{"not_picked":["Stack","Go for the Eyes"],"picked":"Leap","floor":12},{"not_picked":["Amplify","Recycle"],"picked":"Glacier","floor":13},{"not_picked":["Ball Lightning","Gash"],"picked":"Conserve Battery","floor":14},{"not_picked":["Amplify","Rainbow"],"picked":"Creative AI","floor":16},{"not_picked":["Reprogram","Redo"],"picked":"Steam+1","floor":18},{"not_picked":["Streamline","Aggregate+1","Reprogram+1"],"picked":"SKIP","floor":21},{"not_picked":["Rebound","All For One"],"picked":"Conserve Battery+1","floor":23},{"not_picked":["Streamline","Go for the Eyes+1"],"picked":"Leap","floor":25},{"not_picked":["Gash","Stack"],"picked":"Storm","floor":27},{"not_picked":["Barrage","Sunder"],"picked":"Hologram","floor":29}],"player_experience":1812288,"relics_obtained":[{"floor":8,"key":"Orichalcum"},{"floor":9,"key":"Bronze Scales"},{"floor":10,"key":"Boot"},{"floor":11,"key":"FossilizedHelix"},{"floor":14,"key":"Art of War"},{"floor":23,"key":"Juzu Bracelet"},{"floor":23,"key":"Letter Opener"},{"floor":25,"key":"Dead Branch"},{"floor":25,"key":"Gambling Chip"},{"floor":26,"key":"Torii"},{"floor":29,"key":"PreservedInsect"},{"floor":29,"key":"Frozen Egg 2"}],"event_choices":[{"damage_healed":0,"gold_gain":0,"player_choice":"Searched \u00271\u0027 times","damage_taken":0,"max_hp_gain":0,"max_hp_loss":0,"event_name":"Dead Adventurer","floor":14,"gold_loss":0},{"cards_removed":["Strike_B"],"damage_healed":0,"gold_gain":0,"player_choice":"Gave Gold","damage_taken":0,"max_hp_gain":0,"max_hp_loss":0,"event_name":"Beggar","floor":19,"gold_loss":75},{"damage_healed":0,"gold_gain":0,"player_choice":"Fight","damage_taken":0,"max_hp_gain":0,"max_hp_loss":0,"event_name":"Colosseum","floor":22,"gold_loss":0},{"damage_healed":0,"gold_gain":0,"player_choice":"Fled From Nobs","damage_taken":0,"max_hp_gain":0,"max_hp_loss":0,"event_name":"Colosseum","floor":22,"gold_loss":0},{"damage_healed":25,"gold_gain":0,"player_choice":"Heal","damage_taken":0,"max_hp_gain":0,"max_hp_loss":0,"event_name":"The Library","floor":31,"gold_loss":0}],"is_beta":false,"boss_relics":[{"not_picked":["Runic Pyramid","Ectoplasm"],"picked":"Black Star"}],"items_purged_floors":[2],"is_endless":false,"potions_floor_spawned":[4,8,12,16,22,27],"killed_by":"Collector","ascension_level":0}