{"gold_per_floor":[117,117,128,144,74,74,87,87,112,37,112,124,155,155,155,256,256,272,9,24,24,38,71,84,60,60,60],"floor_reached":27,"playtime":1345,"items_purged":["Strike_R","Regret"],"score":233,"play_id":"c3054666-9aa4-4c26-b47d-5588065e3df9","local_time":"20190209142603","is_ascension_mode":false,"campfire_choices":[{"data":"Uppercut","floor":6,"key":"SMITH"},{"data":"Armaments","floor":8,"key":"SMITH"},{"data":"Clothesline","floor":15,"key":"SMITH"}],"neow_cost":"NONE","seed_source_timestamp":819511302566,"circlet_count":0,"master_deck":["Strike_R","Strike_R","Strike_R","Strike_R","Defend_R","Defend_R","Defend_R","Defend_R","Bash","Finesse","Clothesline+1","Spot Weakness","Uppercut+1","Armaments+1","Offering","Apotheosis","Barricade","Headbutt+1","Pommel Strike"],"relics":["Burning Blood","Potion Belt","Lantern","Regal Pillow","Cursed Key","Mercury Hourglass"],"potions_floor_usage":[13,13,27],"damage_taken":[{"damage":10,"enemies":"Small Slimes","floor":1,"turns":4},{"damage":2,"enemies":"Cultist","floor":3,"turns":3},{"damage":3,"enemies":"2 Louse","floor":4,"turns":3},{"damage":14,"enemies":"Exordium Wildlife","floor":7,"turns":4},{"damage":15,"enemies":"Large Slime","floor":12,"turns":7},{"damage":12,"enemies":"3 Sentries","floor":13,"turns":8},{"damage":23,"enemies":"Hexaghost","floor":16,"turns":8},{"damage":20,"enemies":"2 Thieves","floor":18,"turns":3},{"damage":14,"enemies":"Spheric Guardian","floor":20,"turns":4},{"damage":14,"enemies":"Cultist and Chosen","floor":22,"turns":6},{"damage":32,"enemies":"Book of Stabbing","floor":23,"turns":5},{"damage":11,"enemies":"Chosen and Byrds","floor":24,"turns":7},{"damage":11,"enemies":"Snake Plant","floor":27,"turns":3}],"seed_played":"-8082113645418529810","potions_obtained":[{"floor":4,"key":"PowerPotion"},{"floor":7,"key":"PowerPotion"},{"floor":13,"key":"GamblersBrew"},{"floor":18,"key":"Dexterity Potion"},{"floor":22,"key":"FearPotion"}],"is_trial":false,"path_per_floor":["M","?","M","M","$","R","M","R","T","$","?","M","E","?","R","B",null,"M","$","M","?","M","E","M","$","T","M"],"character_chosen":"IRONCLAD","items_purchased":["Uppercut","Apotheosis","Pommel Strike"],"campfire_rested":0,"item_purchase_floors":[5,19,25],"current_hp_per_floor":[76,76,80,80,80,80,72,72,72,72,61,52,46,46,46,29,80,66,66,58,58,50,24,19,19,19,8],"gold":60,"neow_bonus":"RANDOM_COLORLESS","is_prod":false,"is_daily":false,"chose_seed":false,"campfire_upgraded":3,"win_rate":0.0,"timestamp":1549718763,"path_taken":["M","?","M","M","?","R","M","R","T","$","?","?","E","?","R","BOSS","M","$","M","?","M","E","M","$","T","M"],"build_version":"2019-01-23","purchased_purges":2,"victory":false,"max_hp_per_floor":[80,80,80,80,80,80,80,80,80,80,80,80,80,80,80,80,80,80,80,80,80,80,80,80,80,80,80],"card_choices":[{"not_picked":["Shockwave","Ghostly Armor"],"picked":"Clothesline","floor":1},{"not_picked":["Iron Wave","Perfected Strike","Sword Boomerang"],"picked":"SKIP","floor":3},{"not_picked":["Searing Blow","Armaments"],"picked":"Spot Weakness","floor":4},{"not_picked":["Twin Strike","Clothesline"],"picked":"Armaments","floor":7},{"not_picked":["Pummel","Clash","Armaments"],"picked":"SKIP","floor":12},{"not_picked":["Armaments","Iron Wave","Metallicize"],"picked":"SKIP","floor":13},{"not_picked":["Double Tap","Fiend Fire"],"picked":"Offering","floor":16},{"not_picked":["Body Slam","Anger+1","Armaments"],"picked":"SKIP","floor":18},{"not_picked":["Entrench+1","Reckless Charge+1","Sword Boomerang"],"picked":"SKIP","floor":20},{"not_picked":["Heavy Blade","Clothesline"],"picked":"Barricade","floor":22},{"not_picked":["Burning Pact","Body Slam","Second Wind+1"],"picked":"SKIP","floor":23},{"not_picked":["Battle Trance","Seeing Red"],"picked":"Headbutt+1","floor":24}],"player_experience":29353,"relics_obtained":[{"floor":9,"key":"Potion Belt"},{"floor":13,"key":"Lantern"},{"floor":23,"key":"Mercury Hourglass"}],"event_choices":[{"damage_healed":0,"gold_gain":0,"player_choice":"Bought 0 Potions","damage_taken":0,"max_hp_gain":0,"max_hp_loss":0,"event_name":"The Woman in Blue","floor":2,"gold_loss":0},{"damage_healed":0,"gold_gain":75,"player_choice":"Gather Gold","damage_taken":11,"max_hp_gain":0,"max_hp_loss":0,"event_name":"World of Goop","floor":11,"gold_loss":0},{"damage_healed":0,"gold_gain":0,"player_choice":"Box","damage_taken":0,"relics_obtained":["Regal Pillow"],"max_hp_gain":0,"max_hp_loss":0,"event_name":"Big Fish","floor":14,"gold_loss":0,"cards_obtained":["Regret"]},{"damage_healed":0,"gold_gain":0,"player_choice":"Ignored","damage_taken":0,"max_hp_gain":0,"max_hp_loss":0,"event_name":"Ghosts","floor":21,"gold_loss":0}],"is_beta":false,"boss_relics":[{"not_picked":["Runic Cube","Pandora\u0027s Box"],"picked":"Cursed Key"}],"items_purged_floors":[10,19],"is_endless":false,"potions_floor_spawned":[4,7,13,18,22],"killed_by":"Snake Plant","ascension_level":0}