{"gold_per_floor":[116,116,133,133,133,133,164,175,175,175,209,225,225,255,255,255],"floor_reached":16,"playtime":419,"items_purged":[],"score":243,"play_id":"2514b2e3-9f73-44e4-ae35-cce63ee9c0e3","local_time":"20190117211048","is_ascension_mode":true,"campfire_choices":[{"data":"Inflame","floor":6,"key":"SMITH"},{"data":"Spot Weakness","floor":10,"key":"SMITH"},{"data":"Bash","floor":13,"key":"SMITH"},{"floor":15,"key":"REST"}],"neow_cost":"NONE","seed_source_timestamp":49365629504201,"circlet_count":0,"master_deck":["AscendersBane","Strike_R","Strike_R","Strike_R","Strike_R","Defend_R","Defend_R","Defend_R","Defend_R","Bash+1","Headbutt","Inflame+1","Regret","Thunderclap","Bash","Spot Weakness+1","Carnage","True Grit+1","True Grit+1","Flame Barrier+1"],"relics":["Burning Blood","NeowsBlessing","Bronze Scales","Toxic Egg 2","Shuriken","Red Skull"],"potions_floor_usage":[11,12],"damage_taken":[{"damage":0,"enemies":"Jaw Worm","floor":1,"turns":1},{"damage":0,"enemies":"Small Slimes","floor":3,"turns":1},{"damage":0,"enemies":"Lagavulin","floor":7,"turns":1},{"damage":6,"enemies":"Cultist","floor":8,"turns":3},{"damage":35,"enemies":"Gremlin Nob","floor":11,"turns":4},{"damage":11,"enemies":"Looter","floor":12,"turns":2},{"damage":42,"enemies":"Lagavulin","floor":14,"turns":6},{"damage":41,"enemies":"The Guardian","floor":16,"turns":5}],"seed_played":"3706607916832134759","potions_obtained":[{"floor":1,"key":"BloodPotion"},{"floor":7,"key":"AttackPotion"},{"floor":14,"key":"FearPotion"}],"is_trial":false,"path_per_floor":["M","?","M","?","?","R","E","M","T","R","E","M","R","E","R","B"],"character_chosen":"IRONCLAD","items_purchased":[],"campfire_rested":1,"item_purchase_floors":[],"current_hp_per_floor":[74,79,80,73,73,73,79,79,79,79,50,53,53,17,41,0],"gold":255,"neow_bonus":"THREE_ENEMY_KILL","is_prod":false,"is_daily":false,"chose_seed":false,"campfire_upgraded":3,"win_rate":0,"timestamp":1547777448,"path_taken":["M","?","M","?","?","R","E","M","T","R","E","M","R","E","R","BOSS"],"build_version":"2019-01-17","purchased_purges":0,"victory":false,"max_hp_per_floor":[75,80,80,80,80,80,80,80,80,80,80,80,80,80,80,80],"card_choices":[{"not_picked":["Burning Pact","Power Through"],"picked":"Headbutt","floor":1},{"not_picked":["Pommel Strike","Sever Soul"],"picked":"Inflame","floor":3},{"not_picked":["Shrug It Off","Fire Breathing"],"picked":"Spot Weakness","floor":7},{"not_picked":["Perfected Strike","Wild Strike"],"picked":"Carnage","floor":8},{"not_picked":["Havoc+1","Barricade"],"picked":"True Grit+1","floor":11},{"not_picked":["Iron Wave","Inflame"],"picked":"True Grit+1","floor":12},{"not_picked":["Perfected Strike","True Grit+1"],"picked":"Flame Barrier+1","floor":14}],"player_experience":2144537,"relics_obtained":[{"floor":7,"key":"Bronze Scales"},{"floor":9,"key":"Toxic Egg 2"},{"floor":11,"key":"Shuriken"},{"floor":14,"key":"Red Skull"}],"event_choices":[{"damage_healed":0,"gold_gain":0,"player_choice":"Donut","damage_taken":0,"max_hp_gain":5,"max_hp_loss":0,"event_name":"Big Fish","floor":2,"gold_loss":0},{"cards_removed":["Strike_R"],"damage_healed":0,"gold_gain":0,"player_choice":"Card Removal","damage_taken":7,"max_hp_gain":0,"max_hp_loss":0,"event_name":"Golden Wing","floor":4,"gold_loss":0},{"damage_healed":0,"gold_gain":0,"player_choice":"3 cards matched","damage_taken":0,"max_hp_gain":0,"max_hp_loss":0,"event_name":"Match and Keep!","floor":5,"gold_loss":0,"cards_obtained":["Regret","Thunderclap","Bash"]}],"is_beta":false,"boss_relics":[],"items_purged_floors":[],"is_endless":false,"potions_floor_spawned":[1,7,14],"killed_by":"The Guardian","ascension_level":14}