{"gold_per_floor":[114,114,64,19,36,67,67,67,67,67,85,114,114,129,129,224,224,242,157,82,0,27,53,53,72,72,72,72,72,72],"floor_reached":30,"playtime":1302,"items_purged":[],"score":316,"play_id":"624ef641-a05d-4b2a-b233-45547d7bb248","local_time":"20190210131441","is_ascension_mode":true,"campfire_choices":[{"data":"Beam Cell","floor":7,"key":"SMITH"},{"data":"Reprogram","floor":15,"key":"SMITH"},{"data":"Chaos","floor":24,"key":"SMITH"},{"data":"Chaos","floor":27,"key":"SMITH"}],"neow_cost":"NONE","seed_source_timestamp":1033816166115029,"circlet_count":0,"master_deck":["Zap+1","Dualcast","Cold Snap","Beam Cell+1","Coolheaded","Reprogram+1","Darkness","Cold Snap","Streamline","Thunder Strike","Reboot","Capacitor","Chaos+1","Chaos+1","Doom and Gloom+1"],"relics":["Cracked Core","NeowsBlessing","Mango","Whetstone","DataDisk","Girya","Kunai","Pandora\u0027s Box","Matryoshka","PreservedInsect","Regal Pillow","Smiling Mask","Orichalcum","Pear"],"potions_floor_usage":[12,25,25,30],"damage_taken":[{"damage":0,"enemies":"Small Slimes","floor":1,"turns":1},{"damage":0,"enemies":"2 Louse","floor":5,"turns":1},{"damage":0,"enemies":"Gremlin Nob","floor":6,"turns":1},{"damage":3,"enemies":"Jaw Worm","floor":11,"turns":2},{"damage":10,"enemies":"Lagavulin","floor":12,"turns":6},{"damage":5,"enemies":"3 Louse","floor":14,"turns":3},{"damage":5,"enemies":"Slime Boss","floor":16,"turns":10},{"damage":37,"enemies":"2 Thieves","floor":18,"turns":3},{"damage":47,"enemies":"Gremlin Leader","floor":23,"turns":4},{"damage":3,"enemies":"Chosen","floor":25,"turns":3},{"damage":16,"enemies":"Shelled Parasite and Fungi","floor":30,"turns":3}],"seed_played":"4255777347374712680","potions_obtained":[{"floor":5,"key":"PowerPotion"},{"floor":11,"key":"EssenceOfSteel"},{"floor":16,"key":"AttackPotion"},{"floor":18,"key":"SpeedPotion"}],"is_trial":false,"path_per_floor":["M","?","?","?","M","E","R","?","T","?","M","E","T","M","R","B",null,"M","?","?","$","T","E","R","M","T","R","?","?","M"],"character_chosen":"DEFECT","items_purchased":["Chaos"],"campfire_rested":0,"item_purchase_floors":[21],"current_hp_per_floor":[75,89,89,89,89,89,89,89,89,89,86,76,76,71,71,66,89,52,52,52,52,52,5,5,2,12,12,12,12,0],"gold":72,"neow_bonus":"THREE_ENEMY_KILL","is_prod":false,"is_daily":false,"chose_seed":false,"campfire_upgraded":4,"win_rate":0,"timestamp":1549833281,"path_taken":["M","?","?","?","?","E","R","?","T","?","M","E","?","M","R","BOSS","M","?","?","$","?","E","R","?","T","R","?","?","M"],"build_version":"2019-01-23","purchased_purges":0,"victory":false,"max_hp_per_floor":[75,89,89,89,89,89,89,89,89,89,89,89,89,89,89,89,89,89,89,89,89,89,89,89,89,99,99,99,99,99],"card_choices":[{"not_picked":["Go for the Eyes","Lockon"],"picked":"Cold Snap","floor":1},{"not_picked":["Genetic Algorithm","Recycle"],"picked":"Beam Cell","floor":5},{"not_picked":["Scrape","Rip and Tear"],"picked":"Coolheaded","floor":6},{"not_picked":["Gash","Skim"],"picked":"Reprogram","floor":11},{"not_picked":["Multi-Cast","Consume"],"picked":"Darkness","floor":12},{"not_picked":["Redo","Skim","Steam"],"picked":"SKIP","floor":14},{"not_picked":["Rebound","Turbo","Gash"],"picked":"SKIP","floor":18},{"not_picked":["Gash+1","Aggregate+1","Ball Lightning"],"picked":"SKIP","floor":23},{"not_picked":["Sweeping Beam+1","Leap"],"picked":"Doom and Gloom+1","floor":25}],"player_experience":206592,"relics_obtained":[{"floor":6,"key":"Whetstone"},{"floor":9,"key":"DataDisk"},{"floor":12,"key":"Girya"},{"floor":13,"key":"Kunai"},{"floor":22,"key":"PreservedInsect"},{"floor":22,"key":"Regal Pillow"},{"floor":23,"key":"Smiling Mask"},{"floor":26,"key":"Orichalcum"},{"floor":26,"key":"Pear"}],"event_choices":[{"damage_healed":0,"gold_gain":0,"player_choice":"Box","damage_taken":0,"relics_obtained":["Mango"],"max_hp_gain":0,"max_hp_loss":0,"event_name":"Big Fish","floor":2,"gold_loss":0,"cards_obtained":["Regret"]},{"cards_removed":["Regret"],"damage_healed":0,"gold_gain":0,"player_choice":"Card Removal","damage_taken":0,"max_hp_gain":0,"max_hp_loss":0,"event_name":"The Cleric","floor":3,"gold_loss":50},{"damage_healed":0,"gold_gain":0,"player_choice":"Left Gold","damage_taken":0,"max_hp_gain":0,"max_hp_loss":0,"event_name":"World of Goop","floor":4,"gold_loss":45},{"damage_healed":0,"gold_gain":0,"player_choice":"Grow","damage_taken":0,"max_hp_gain":0,"max_hp_loss":0,"event_name":"Living Wall","floor":8,"gold_loss":0,"cards_upgraded":["Zap"]},{"damage_healed":0,"gold_gain":0,"player_choice":"Ignored","damage_taken":0,"max_hp_gain":0,"max_hp_loss":0,"event_name":"Liars Game","floor":10,"gold_loss":0},{"damage_healed":0,"gold_gain":0,"player_choice":"Obtained Relic","damage_taken":0,"relics_obtained":["Matryoshka"],"max_hp_gain":0,"max_hp_loss":0,"event_name":"Addict","floor":19,"gold_loss":85},{"cards_removed":["Hyperbeam"],"damage_healed":0,"gold_gain":0,"player_choice":"Gave Gold","damage_taken":0,"max_hp_gain":0,"max_hp_loss":0,"event_name":"Beggar","floor":20,"gold_loss":75},{"cards_removed":["Barrage"],"damage_healed":0,"gold_gain":0,"player_choice":"Elegance","damage_taken":0,"max_hp_gain":0,"max_hp_loss":0,"event_name":"Back to Basics","floor":28,"gold_loss":0},{"damage_healed":0,"gold_gain":0,"player_choice":"Ignored","damage_taken":0,"max_hp_gain":0,"max_hp_loss":0,"event_name":"Ghosts","floor":29,"gold_loss":0}],"is_beta":false,"boss_relics":[{"not_picked":["Sozu","Calling Bell"],"picked":"Pandora\u0027s Box"}],"items_purged_floors":[],"is_endless":false,"potions_floor_spawned":[5,11,16,18,23],"killed_by":"Shelled Parasite and Fungi","ascension_level":1}