{"gold_per_floor":[115,115,40,56,73,105,66,66,66,66,66,141,141,141,141,240,240,250,262,362,213,231,231],"floor_reached":23,"playtime":1110,"items_purged":["Defend_B","Strike_B"],"score":187,"play_id":"54133e25-abe2-443a-8f6c-da02872bf31d","local_time":"20181209003429","is_ascension_mode":false,"campfire_choices":[{"data":"Zap","floor":8,"key":"SMITH"},{"data":"Dualcast","floor":15,"key":"SMITH"}],"neow_cost":"NONE","seed_source_timestamp":861226284116880,"circlet_count":0,"master_deck":["Strike_B","Defend_B","Defend_B","Defend_B","Zap+1","Dualcast+1","Genetic Algorithm","Rip and Tear","Conserve Battery","Cold Snap","Blizzard","Core Surge","Capacitor+1"],"relics":["Cracked Core","Calipers","Bag of Preparation","Ancient Tea Set","Coffee Dripper","Emotion Chip","Pantograph"],"potions_floor_usage":[20,20,20,23,23],"damage_taken":[{"damage":1,"enemies":"2 Louse","floor":1,"turns":3},{"damage":0,"enemies":"Small Slimes","floor":4,"turns":2},{"damage":0,"enemies":"Cultist","floor":5,"turns":3},{"damage":19,"enemies":"Lagavulin","floor":6,"turns":6},{"damage":20,"enemies":"The Guardian","floor":16,"turns":13},{"damage":7,"enemies":"Shell Parasite","floor":18,"turns":5},{"damage":8,"enemies":"2 Thieves","floor":19,"turns":3},{"damage":8,"enemies":"Colosseum Slavers","floor":20,"turns":4},{"damage":9,"enemies":"Colosseum Nobs","floor":20,"turns":4},{"damage":24,"enemies":"Snake Plant","floor":22,"turns":6},{"damage":20,"enemies":"Book of Stabbing","floor":23,"turns":4}],"seed_played":"-8353837577522715852","potions_obtained":[{"floor":1,"key":"Strength Potion"},{"floor":6,"key":"SkillPotion"},{"floor":19,"key":"Explosive Potion"},{"floor":20,"key":"FearPotion"}],"is_trial":false,"path_per_floor":["M","?","$","M","M","E","$","R","T","?","?","?","?","T","R","B",null,"M","M","?","$","M","E"],"character_chosen":"DEFECT","items_purchased":["Blizzard","PowerPotion"],"campfire_rested":0,"item_purchase_floors":[7,21],"current_hp_per_floor":[74,74,74,74,74,55,55,55,55,43,68,57,57,57,57,37,75,68,60,43,43,19,0],"gold":231,"neow_bonus":"TRANSFORM_CARD","is_prod":false,"is_daily":false,"chose_seed":false,"campfire_upgraded":2,"win_rate":0,"timestamp":1544283269,"path_taken":["M","?","$","M","M","E","$","R","T","?","?","?","?","?","R","BOSS","M","M","?","$","M","E"],"build_version":"2018-12-06","purchased_purges":2,"victory":false,"max_hp_per_floor":[75,75,75,75,75,75,75,75,75,75,75,75,75,75,75,75,75,75,75,75,75,75,75],"card_choices":[{"not_picked":["Melter","Compile Driver","Double Energy"],"picked":"SKIP","floor":1},{"not_picked":["Hologram","Sweeping Beam"],"picked":"Conserve Battery","floor":4},{"not_picked":["Rebound","Lockon","Hologram"],"picked":"SKIP","floor":5},{"not_picked":["Turbo","Steam"],"picked":"Cold Snap","floor":6},{"not_picked":["Multi-Cast","Machine Learning"],"picked":"Core Surge","floor":16},{"not_picked":["Hologram","Rebound","Leap"],"picked":"SKIP","floor":18},{"not_picked":["Sweeping Beam+1","Redo+1","Chaos"],"picked":"SKIP","floor":19},{"not_picked":["Hologram+1","Turbo"],"picked":"Capacitor+1","floor":20},{"not_picked":["Sweeping Beam","Streamline","Barrage"],"picked":"SKIP","floor":22}],"player_experience":103094,"relics_obtained":[{"floor":6,"key":"Calipers"},{"floor":14,"key":"Ancient Tea Set"},{"floor":20,"key":"Emotion Chip"},{"floor":20,"key":"Pantograph"}],"event_choices":[{"damage_healed":0,"gold_gain":0,"cards_transformed":["Strike_B"],"player_choice":"Change","damage_taken":0,"max_hp_gain":0,"max_hp_loss":0,"event_name":"Living Wall","floor":2,"gold_loss":0,"cards_obtained":["Rip and Tear"]},{"damage_healed":0,"gold_gain":0,"player_choice":"Success","damage_taken":12,"relics_obtained":["Bag of Preparation"],"max_hp_gain":0,"max_hp_loss":0,"event_name":"Scrap Ooze","floor":10,"gold_loss":0},{"damage_healed":25,"gold_gain":0,"player_choice":"Banana","damage_taken":0,"max_hp_gain":0,"max_hp_loss":0,"event_name":"Big Fish","floor":11,"gold_loss":0},{"damage_healed":0,"gold_gain":75,"player_choice":"Gather Gold","damage_taken":11,"max_hp_gain":0,"max_hp_loss":0,"event_name":"World of Goop","floor":12,"gold_loss":0},{"damage_healed":0,"gold_gain":0,"player_choice":"Ignored","damage_taken":0,"max_hp_gain":0,"max_hp_loss":0,"event_name":"Liars Game","floor":13,"gold_loss":0},{"damage_healed":0,"gold_gain":0,"player_choice":"Fight","damage_taken":0,"max_hp_gain":0,"max_hp_loss":0,"event_name":"Colosseum","floor":20,"gold_loss":0},{"damage_healed":0,"gold_gain":0,"player_choice":"Fought Nobs","damage_taken":0,"max_hp_gain":0,"max_hp_loss":0,"event_name":"Colosseum","floor":20,"gold_loss":0}],"is_beta":false,"boss_relics":[{"not_picked":["Eternal Feather","Tiny House"],"picked":"Coffee Dripper"}],"items_purged_floors":[3,21],"is_endless":false,"potions_floor_spawned":[1,6,19,20],"killed_by":"Book of Stabbing","ascension_level":0}