{"gold_per_floor":[116,134,154,174,185,213,213,229,256,256,288,299,314,346,346,420,420,435,451,325,341,341,341,358,358,406,506,522,536,391,406,406,480,480,494,369,388,398,378,378,388,388,388,406,506,518,518],"floor_reached":47,"playtime":2895,"items_purged":["Strike_R","Doubt","Strike_R"],"score":804,"play_id":"64675873-a922-4af2-b497-63d953177faf","local_time":"20190114162459","is_ascension_mode":true,"campfire_choices":[{"data":"Bash","floor":7,"key":"SMITH"},{"floor":10,"key":"REST"},{"floor":15,"key":"REST"},{"floor":23,"key":"REST"},{"floor":32,"key":"REST"},{"floor":40,"key":"RECALL"},{"floor":42,"key":"REST"}],"neow_cost":"NONE","seed_source_timestamp":476210280134018,"circlet_count":0,"master_deck":["AscendersBane","Strike_R","Defend_R","Defend_R","Defend_R","Defend_R","Bash+1","Dropkick","Dropkick","Battle Trance","Sever Soul","Thunderclap","Shockwave+1","Cleave","Armaments+1","Rage+1","Feed","Berserk","Pommel Strike","Havoc+1","True Grit+1","Shrug It Off+1","True Grit+1","Reaper","Anger","Clumsy","Parasite","Anger+1","Shrug It Off+1","Rage+1"],"relics":["Burning Blood","Bag of Marbles","Toxic Egg 2","Potion Belt","Gremlin Horn","Pen Nib","Cursed Key","Orichalcum","Bronze Scales","Unceasing Top","Shuriken","Empty Cage","Ginger"],"potions_floor_usage":[5,8,11,11,12,14,27,27,27,31,33,47],"damage_taken":[{"damage":1,"enemies":"Cultist","floor":1,"turns":3},{"damage":0,"enemies":"2 Louse","floor":2,"turns":2},{"damage":7,"enemies":"Jaw Worm","floor":3,"turns":2},{"damage":13,"enemies":"Large Slime","floor":4,"turns":4},{"damage":19,"enemies":"Blue Slaver","floor":5,"turns":4},{"damage":34,"enemies":"Lagavulin","floor":6,"turns":5},{"damage":10,"enemies":"Exordium Wildlife","floor":8,"turns":4},{"damage":22,"enemies":"Gremlin Nob","floor":11,"turns":4},{"damage":1,"enemies":"Gremlin Gang","floor":12,"turns":2},{"damage":9,"enemies":"Exordium Thugs","floor":13,"turns":2},{"damage":16,"enemies":"3 Sentries","floor":14,"turns":5},{"damage":47,"enemies":"The Guardian","floor":16,"turns":10},{"damage":13,"enemies":"Shell Parasite","floor":18,"turns":5},{"damage":17,"enemies":"Chosen","floor":19,"turns":5},{"damage":19,"enemies":"Snake Plant","floor":21,"turns":3},{"damage":14,"enemies":"Centurion and Healer","floor":24,"turns":5},{"damage":2,"enemies":"Colosseum Slavers","floor":27,"turns":3},{"damage":28,"enemies":"Colosseum Nobs","floor":27,"turns":4},{"damage":12,"enemies":"Cultist and Chosen","floor":28,"turns":5},{"damage":6,"enemies":"Chosen and Byrds","floor":29,"turns":6},{"damage":18,"enemies":"Snecko","floor":31,"turns":5},{"damage":53,"enemies":"Champ","floor":33,"turns":13},{"damage":17,"enemies":"3 Darklings","floor":35,"turns":5},{"damage":8,"enemies":"Orb Walker","floor":37,"turns":3},{"damage":68,"enemies":"Spire Growth","floor":38,"turns":5},{"damage":30,"enemies":"Maw","floor":41,"turns":9},{"damage":42,"enemies":"Writhing Mass","floor":44,"turns":7},{"damage":29,"enemies":"Mind Bloom Boss Battle","floor":45,"turns":6},{"damage":23,"enemies":"4 Shapes","floor":46,"turns":5},{"damage":57,"enemies":"Sphere and 2 Shapes","floor":47,"turns":5}],"seed_played":"-6045270415893046702","potions_obtained":[{"floor":1,"key":"SpeedPotion"},{"floor":3,"key":"BloodPotion"},{"floor":6,"key":"PowerPotion"},{"floor":8,"key":"EssenceOfSteel"},{"floor":11,"key":"Fire Potion"},{"floor":13,"key":"Regen Potion"},{"floor":16,"key":"LiquidBronze"},{"floor":19,"key":"Ancient Potion"},{"floor":24,"key":"Explosive Potion"},{"floor":27,"key":"Ancient Potion"},{"floor":28,"key":"PowerPotion"},{"floor":35,"key":"LiquidBronze"},{"floor":39,"key":"SneckoOil"},{"floor":45,"key":"SkillPotion"},{"floor":46,"key":"AttackPotion"}],"is_trial":false,"path_per_floor":["M","M","M","M","M","E","R","M","T","R","E","M","M","E","R","B",null,"M","M","$","M","?","R","M","?","T","?","M","M","$","M","R","B",null,"M","$","M","M","?","R","M","R","T","M","?","M","M"],"character_chosen":"IRONCLAD","items_purchased":["Havoc+1","True Grit+1"],"campfire_rested":5,"item_purchase_floors":[20,30],"current_hp_per_floor":[77,80,79,72,67,39,39,35,35,59,43,48,45,49,73,32,68,64,53,53,43,43,68,63,63,63,51,48,48,48,40,70,23,82,102,102,104,52,52,52,35,67,67,31,20,34,0],"gold":518,"neow_bonus":"RANDOM_COMMON_RELIC","is_prod":false,"is_daily":false,"chose_seed":false,"campfire_upgraded":1,"win_rate":0,"timestamp":1547501099,"path_taken":["M","?","M","M","M","E","R","M","T","R","E","M","M","E","R","BOSS","M","M","$","M","?","R","M","?","T","?","M","M","?","M","R","BOSS","M","$","M","M","?","R","M","R","T","?","?","M","M"],"build_version":"2019-01-10","purchased_purges":3,"victory":false,"max_hp_per_floor":[80,80,80,80,80,80,80,80,80,80,80,80,80,80,80,80,80,83,83,83,86,86,86,89,89,89,95,98,98,98,102,102,102,102,102,102,106,109,109,109,109,109,109,109,109,112,115],"card_choices":[{"not_picked":["Wild Strike","Feel No Pain"],"picked":"Dropkick","floor":1},{"not_picked":["Feel No Pain","Clothesline"],"picked":"Dropkick","floor":2},{"not_picked":["Shrug It Off","Infernal Blade"],"picked":"Battle Trance","floor":3},{"not_picked":["Carnage","Warcry"],"picked":"Sever Soul","floor":4},{"not_picked":["Body Slam","Clash"],"picked":"Thunderclap","floor":5},{"not_picked":["Fiend Fire","Inflame"],"picked":"Shockwave","floor":6},{"not_picked":["Perfected Strike","Flex+1"],"picked":"Cleave","floor":8},{"not_picked":["Shockwave+1","Dual Wield+1"],"picked":"Armaments+1","floor":11},{"not_picked":["Anger","Sword Boomerang","Flex+1"],"picked":"SKIP","floor":12},{"not_picked":["Perfected Strike","Uppercut"],"picked":"Rage+1","floor":13},{"not_picked":["Shockwave+1","Perfected Strike"],"picked":"Feed","floor":14},{"not_picked":["Limit Break+1","Reaper"],"picked":"Berserk","floor":16},{"not_picked":["Cleave","Thunderclap","Headbutt+1"],"picked":"SKIP","floor":18},{"not_picked":["Wild Strike+1","Sentinel+1"],"picked":"Pommel Strike","floor":19},{"not_picked":["Headbutt+1","Thunderclap+1"],"picked":"True Grit+1","floor":21},{"not_picked":["Headbutt","Perfected Strike"],"picked":"Shrug It Off+1","floor":24},{"not_picked":["Cleave","Dark Embrace","Havoc+1"],"picked":"SKIP","floor":28},{"not_picked":["Flame Barrier+1","Second Wind+1","Body Slam"],"picked":"SKIP","floor":29},{"not_picked":["Heavy Blade","Spot Weakness+1","Seeing Red+1"],"picked":"SKIP","floor":31},{"not_picked":["Juggernaut","Exhume+1"],"picked":"Reaper","floor":33},{"not_picked":["Second Wind+1","Flex+1","Disarm+1"],"picked":"SKIP","floor":35},{"not_picked":["Pommel Strike","Flame Barrier+1","Battle Trance+1"],"picked":"SKIP","floor":37},{"not_picked":["Sentinel+1","Clothesline","Shrug It Off+1"],"picked":"SKIP","floor":38},{"not_picked":["Warcry+1","Pummel"],"picked":"Anger","floor":41},{"not_picked":["Double Tap+1","Fire Breathing"],"picked":"Anger+1","floor":44},{"not_picked":["Flex+1","Bloodletting+1"],"picked":"Shrug It Off+1","floor":45},{"not_picked":["Warcry+1","Shockwave+1"],"picked":"Rage+1","floor":46}],"player_experience":2119706,"relics_obtained":[{"floor":6,"key":"Toxic Egg 2"},{"floor":9,"key":"Potion Belt"},{"floor":11,"key":"Gremlin Horn"},{"floor":14,"key":"Pen Nib"},{"floor":26,"key":"Bronze Scales"},{"floor":27,"key":"Unceasing Top"},{"floor":27,"key":"Shuriken"},{"floor":45,"key":"Ginger"}],"event_choices":[{"damage_healed":0,"gold_gain":0,"player_choice":"Opened","damage_taken":0,"relics_obtained":["Orichalcum"],"max_hp_gain":0,"max_hp_loss":0,"event_name":"The Mausoleum","floor":22,"gold_loss":0},{"damage_healed":0,"gold_gain":0,"player_choice":"Ignored","damage_taken":0,"max_hp_gain":0,"max_hp_loss":0,"event_name":"Ghosts","floor":25,"gold_loss":0},{"damage_healed":0,"gold_gain":0,"player_choice":"Fight","damage_taken":0,"max_hp_gain":0,"max_hp_loss":0,"event_name":"Colosseum","floor":27,"gold_loss":0},{"damage_healed":0,"gold_gain":0,"player_choice":"Fought Nobs","damage_taken":0,"max_hp_gain":0,"max_hp_loss":0,"event_name":"Colosseum","floor":27,"gold_loss":0},{"damage_healed":0,"gold_gain":0,"player_choice":"Bought 1 Potion","damage_taken":0,"max_hp_gain":0,"max_hp_loss":0,"event_name":"The Woman in Blue","floor":39,"gold_loss":0},{"damage_healed":0,"gold_gain":0,"player_choice":"Fight","damage_taken":0,"max_hp_gain":0,"max_hp_loss":0,"event_name":"MindBloom","floor":45,"gold_loss":0}],"is_beta":false,"boss_relics":[{"not_picked":["Velvet Choker","Philosopher\u0027s Stone"],"picked":"Cursed Key"},{"not_picked":["Mark of Pain","Busted Crown"],"picked":"Empty Cage"}],"items_purged_floors":[20,30,36],"is_endless":false,"potions_floor_spawned":[1,3,6,8,11,13,16,19,24,27,28,35,45,46],"killed_by":"Sphere and 2 Shapes","ascension_level":13}