{"gold_per_floor":[112,126,76,76,100,140,140,183,207,220,235,13,27,42,42,161,161,179,179,179,278,22,22,38,57,132,143,143,157,157,177,177,276,276,288,288,288,36,49,49,0,12,12,22,49,49,11,26,26,26],"floor_reached":51,"playtime":3234,"items_purged":[],"score":636,"play_id":"175f3791-4e37-4c1b-bcf5-8aca6010a1ed","local_time":"20181105095845","is_ascension_mode":false,"campfire_choices":[{"floor":7,"key":"REST"},{"floor":15,"key":"REST"},{"data":"A Thousand Cuts","floor":23,"key":"SMITH"},{"data":"Neutralize","floor":28,"key":"SMITH"},{"data":"Footwork","floor":32,"key":"SMITH"},{"data":"Madness","floor":40,"key":"SMITH"},{"floor":46,"key":"REST"},{"floor":49,"key":"REST"}],"neow_cost":"NONE","seed_source_timestamp":2270492899023565,"circlet_count":0,"master_deck":["Survivor","Neutralize+1","Deadly Poison","Backstab","Escape Plan","Terror","Footwork+1","Bane","Deadly Poison","Backflip","Leg Sweep","Poisoned Stab","A Thousand Cuts+1","Leg Sweep","Backflip+1","Backflip","Glass Knife","Cloak And Dagger","Deflect","Finisher","Skewer","Sucker Punch","Slice","Dagger Throw","Catalyst","Flying Knee","Madness","Madness+1","Pain","Cloak And Dagger","Dash","Caltrops"],"relics":["White Beast Statue","Bloody Idol","Smiling Mask","Regal Pillow","Bag of Preparation","ClockworkSouvenir","Busted Crown","Letter Opener","Shuriken","Happy Flower","Pandora\u0027s Box","WarpedTongs","HandDrill","Red Mask","Darkstone Periapt","Vajra"],"potions_floor_usage":[6,6,8,10,11,11,13,16,16,18,25,25,29,31,33,33,50,50,50],"damage_taken":[{"damage":2,"enemies":"2 Louse","floor":1,"turns":3},{"damage":3,"enemies":"Jaw Worm","floor":2,"turns":4},{"damage":0,"enemies":"Cultist","floor":5,"turns":4},{"damage":21,"enemies":"3 Sentries","floor":6,"turns":10},{"damage":31,"enemies":"Lagavulin","floor":8,"turns":7},{"damage":13,"enemies":"Exordium Thugs","floor":10,"turns":8},{"damage":2,"enemies":"Large Slime","floor":11,"turns":9},{"damage":0,"enemies":"Exordium Wildlife","floor":13,"turns":6},{"damage":0,"enemies":"Blue Slaver","floor":14,"turns":5},{"damage":28,"enemies":"Slime Boss","floor":16,"turns":20},{"damage":6,"enemies":"Spheric Guardian","floor":18,"turns":6},{"damage":0,"enemies":"Shell Parasite","floor":24,"turns":6},{"damage":3,"enemies":"Snake Plant","floor":25,"turns":3},{"damage":5,"enemies":"Chosen and Byrds","floor":27,"turns":6},{"damage":11,"enemies":"Centurion and Healer","floor":29,"turns":7},{"damage":16,"enemies":"Sentry and Sphere","floor":31,"turns":5},{"damage":27,"enemies":"Collector","floor":33,"turns":7},{"damage":9,"enemies":"3 Darklings","floor":35,"turns":5},{"damage":0,"enemies":"3 Shapes","floor":39,"turns":3},{"damage":31,"enemies":"Writhing Mass","floor":42,"turns":4},{"damage":2,"enemies":"Transient","floor":44,"turns":5},{"damage":24,"enemies":"3 Darklings","floor":48,"turns":5},{"damage":60,"enemies":"Time Eater","floor":50,"turns":12}],"seed_played":"-1096141320332569645","potions_obtained":[{"floor":1,"key":"Ancient Potion"},{"floor":2,"key":"Poison Potion"},{"floor":5,"key":"LiquidBronze"},{"floor":6,"key":"SpeedPotion"},{"floor":8,"key":"Ancient Potion"},{"floor":10,"key":"Block Potion"},{"floor":11,"key":"SkillPotion"},{"floor":13,"key":"SkillPotion"},{"floor":14,"key":"Dexterity Potion"},{"floor":16,"key":"Block Potion"},{"floor":18,"key":"SteroidPotion"},{"floor":24,"key":"Poison Potion"},{"floor":25,"key":"EssenceOfSteel"},{"floor":27,"key":"Regen Potion"},{"floor":29,"key":"SkillPotion"},{"floor":31,"key":"Regen Potion"},{"floor":33,"key":"SteroidPotion"},{"floor":35,"key":"EssenceOfSteel"},{"floor":39,"key":"SpeedPotion"}],"is_trial":false,"path_per_floor":["M","M","?","?","M","E","R","E","T","M","M","$","M","M","R","B",null,"M","?","?","?","$","R","M","M","T","M","R","M","T","M","R","B",null,"M","?","?","$","M","R","?","M","T","M","T","R","$","M","R","B",null],"character_chosen":"THE_SILENT","items_purchased":["ClockworkSouvenir","Backflip","Letter Opener","Cloak And Dagger","HandDrill","Caltrops"],"campfire_rested":4,"item_purchase_floors":[12,12,22,38,38,47],"current_hp_per_floor":[68,65,65,48,48,27,48,17,17,4,2,2,2,2,38,10,70,64,64,64,69,69,69,70,70,70,70,70,70,70,59,59,52,70,66,57,57,57,62,62,62,36,36,39,44,70,70,51,70,10],"gold":26,"neow_bonus":"BOSS_RELIC","is_prod":false,"is_daily":false,"chose_seed":false,"campfire_upgraded":4,"win_rate":0,"timestamp":1541429925,"path_taken":["M","M","?","?","M","E","R","E","T","M","M","$","M","M","R","BOSS","M","?","?","?","?","R","M","?","T","M","R","M","?","M","R","BOSS","M","?","?","$","?","R","?","M","T","M","?","R","?","M","R","BOSS"],"build_version":"2018-11-01","purchased_purges":0,"victory":true,"max_hp_per_floor":[70,70,70,70,70,70,70,70,70,70,70,70,70,70,70,70,70,70,70,70,70,70,70,70,70,70,70,70,70,70,70,70,70,70,70,70,70,70,70,70,70,70,70,70,70,70,70,70,70,70],"card_choices":[{"not_picked":["Poisoned Stab","Dodge and Roll"],"picked":"Deadly Poison","floor":1},{"not_picked":["Dagger Throw","Underhanded Strike"],"picked":"Backstab","floor":2},{"not_picked":["Slice","Concentrate"],"picked":"Escape Plan","floor":5},{"not_picked":["Crippling Poison","Endless Agony"],"picked":"Terror","floor":6},{"not_picked":["Wraith Form v2","Dagger Throw"],"picked":"Footwork","floor":8},{"not_picked":["Acrobatics","Outmaneuver"],"picked":"Bane","floor":10},{"not_picked":["PiercingWail","Accuracy"],"picked":"Deadly Poison","floor":11},{"not_picked":["Infinite Blades","Dagger Spray"],"picked":"Leg Sweep","floor":13},{"not_picked":["Reflex","Flying Knee"],"picked":"Poisoned Stab","floor":14},{"not_picked":["Bullet Time","Malaise"],"picked":"A Thousand Cuts","floor":16},{"not_picked":[],"picked":"Leg Sweep","floor":18},{"not_picked":["Dagger Throw"],"picked":"SKIP","floor":24},{"not_picked":["Acrobatics"],"picked":"SKIP","floor":25},{"not_picked":[],"picked":"Backflip+1","floor":27},{"not_picked":["All Out Attack"],"picked":"SKIP","floor":29},{"not_picked":[],"picked":"Backflip","floor":31},{"not_picked":[],"picked":"Glass Knife","floor":33},{"not_picked":["Acrobatics+1"],"picked":"SKIP","floor":35},{"not_picked":["Underhanded Strike+1"],"picked":"SKIP","floor":39},{"not_picked":[],"picked":"Dash","floor":42},{"not_picked":["Blur"],"picked":"SKIP","floor":44},{"not_picked":["Sucker Punch+1"],"picked":"SKIP","floor":48}],"player_experience":1647112,"relics_obtained":[{"floor":6,"key":"Smiling Mask"},{"floor":8,"key":"Regal Pillow"},{"floor":9,"key":"Bag of Preparation"},{"floor":26,"key":"Shuriken"},{"floor":30,"key":"Happy Flower"},{"floor":43,"key":"Darkstone Periapt"},{"floor":45,"key":"Vajra"}],"event_choices":[{"cards_removed":["Strike_G"],"damage_healed":0,"gold_gain":0,"player_choice":"Card Removal","damage_taken":0,"max_hp_gain":0,"max_hp_loss":0,"event_name":"The Cleric","floor":3,"gold_loss":50},{"damage_healed":0,"gold_gain":0,"player_choice":"Take Damage","damage_taken":17,"relics_obtained":["Golden Idol"],"max_hp_gain":0,"max_hp_loss":0,"event_name":"Golden Idol","floor":4,"gold_loss":0},{"damage_healed":0,"gold_gain":0,"player_choice":"Ignored","damage_taken":0,"max_hp_gain":0,"max_hp_loss":0,"event_name":"Vampires","floor":19,"gold_loss":0},{"damage_healed":0,"gold_gain":0,"player_choice":"Gave Idol","damage_taken":0,"relics_obtained":["Bloody Idol"],"max_hp_gain":0,"max_hp_loss":0,"event_name":"Forgotten Altar","floor":20,"relics_lost":["Golden Idol"],"gold_loss":0},{"damage_healed":0,"gold_gain":99,"player_choice":"Stole From Cult","damage_taken":0,"max_hp_gain":0,"max_hp_loss":0,"event_name":"Nest","floor":21,"gold_loss":0},{"damage_healed":0,"gold_gain":0,"player_choice":"Embrace Madness","damage_taken":9,"max_hp_gain":0,"max_hp_loss":0,"event_name":"Winding Halls","floor":36,"gold_loss":0,"cards_obtained":["Madness","Madness"]},{"damage_healed":0,"gold_gain":0,"player_choice":"Rummage","damage_taken":0,"relics_obtained":["WarpedTongs"],"max_hp_gain":0,"max_hp_loss":0,"event_name":"Accursed Blacksmith","floor":37,"gold_loss":0,"cards_obtained":["Pain"]},{"damage_healed":0,"gold_gain":0,"player_choice":"Paid","damage_taken":0,"relics_obtained":["Red Mask"],"max_hp_gain":0,"max_hp_loss":0,"event_name":"Tomb of Lord Red Mask","floor":41,"gold_loss":49}],"is_beta":false,"boss_relics":[{"not_picked":["Runic Dome","Snecko Eye"],"picked":"Busted Crown"},{"not_picked":["Cursed Key","Philosopher\u0027s Stone"],"picked":"Pandora\u0027s Box"}],"items_purged_floors":[],"is_endless":false,"potions_floor_spawned":[1,2,5,6,8,10,11,13,14,16,18,24,25,27,29,31,33,35,39,42,44,48],"ascension_level":0}