{"gold_per_floor":[116,116,41,52,69,69,81,96,96,107,121,136,146,158,158,158],"floor_reached":16,"playtime":878,"items_purged":["Strike_G"],"score":100,"play_id":"f75f4d3e-6702-4e50-80b8-4d5fa1faf2fb","local_time":"20190206222944","is_ascension_mode":false,"campfire_choices":[{"data":"Neutralize","floor":6,"key":"SMITH"},{"data":"Backflip","floor":15,"key":"SMITH"}],"neow_cost":"NONE","seed_source_timestamp":34622740269061,"circlet_count":0,"master_deck":["Defend_G","Defend_G","Defend_G","Defend_G","Strike_G","Strike_G","Strike_G","Strike_G","Survivor","Neutralize+1","PiercingWail","Backflip+1","Outmaneuver","Heel Hook","Quick Slash"],"relics":["Ring of the Snake","NeowsBlessing","Gremlin Horn"],"potions_floor_usage":[13,13,16,16],"damage_taken":[{"damage":0,"enemies":"Jaw Worm","floor":1,"turns":1},{"damage":0,"enemies":"Cultist","floor":4,"turns":1},{"damage":0,"enemies":"Small Slimes","floor":5,"turns":1},{"damage":6,"enemies":"2 Fungi Beasts","floor":7,"turns":5},{"damage":0,"enemies":"Blue Slaver","floor":8,"turns":6},{"damage":4,"enemies":"Looter","floor":10,"turns":5},{"damage":0,"enemies":"2 Fungi Beasts","floor":11,"turns":6},{"damage":0,"enemies":"3 Louse","floor":12,"turns":3},{"damage":12,"enemies":"Large Slime","floor":13,"turns":9},{"damage":0,"enemies":"Lots of Slimes","floor":14,"turns":4},{"damage":69,"enemies":"Slime Boss","floor":16,"turns":14}],"seed_played":"-7913578115459859350","potions_obtained":[{"floor":7,"key":"Ancient Potion"},{"floor":8,"key":"SkillPotion"},{"floor":11,"key":"Regen Potion"},{"floor":13,"key":"SpeedPotion"}],"is_trial":false,"path_per_floor":["M","?","$","M","M","R","M","M","T","M","M","M","M","M","R","B"],"character_chosen":"THE_SILENT","items_purchased":[],"campfire_rested":0,"item_purchase_floors":[],"current_hp_per_floor":[70,70,70,70,70,70,64,64,64,60,60,60,63,63,63,0],"gold":158,"neow_bonus":"THREE_ENEMY_KILL","is_prod":false,"is_daily":false,"chose_seed":false,"campfire_upgraded":2,"win_rate":0.0,"timestamp":1549488584,"path_taken":["M","?","$","M","M","R","M","M","T","M","M","M","?","M","R","BOSS"],"build_version":"2019-01-23","purchased_purges":1,"victory":false,"max_hp_per_floor":[70,70,70,70,70,70,70,70,70,70,70,70,70,70,70,70],"card_choices":[{"not_picked":["Deadly Poison","Dodge and Roll","Deflect"],"picked":"SKIP","floor":1},{"not_picked":["Finisher","Slice","Dagger Throw"],"picked":"SKIP","floor":4},{"not_picked":["Deadly Poison","Heel Hook","Phantasmal Killer"],"picked":"SKIP","floor":5},{"not_picked":["Finisher","Underhanded Strike","Deadly Poison"],"picked":"SKIP","floor":7},{"not_picked":["PiercingWail","Dodge and Roll"],"picked":"Backflip","floor":8},{"not_picked":["Acrobatics","Deflect"],"picked":"Outmaneuver","floor":10},{"not_picked":["Dagger Spray","Skewer","Choke"],"picked":"SKIP","floor":11},{"not_picked":["Dash","Dagger Throw"],"picked":"Heel Hook","floor":12},{"not_picked":["PiercingWail","Endless Agony","Poisoned Stab"],"picked":"SKIP","floor":13},{"not_picked":["Riddle With Holes","Underhanded Strike"],"picked":"Quick Slash","floor":14}],"player_experience":3498,"relics_obtained":[{"floor":9,"key":"Gremlin Horn"}],"event_choices":[{"damage_healed":0,"gold_gain":0,"cards_transformed":["Defend_G"],"player_choice":"Transformed","damage_taken":0,"max_hp_gain":0,"max_hp_loss":0,"event_name":"Transmorgrifier","floor":2,"gold_loss":0,"cards_obtained":["PiercingWail"]}],"is_beta":false,"boss_relics":[],"items_purged_floors":[3],"is_endless":false,"potions_floor_spawned":[7,8,11,13],"killed_by":"Slime Boss","ascension_level":0}