{"gold_per_floor":[110,70,89,108,118,145,220,220,220,253,253,287,287,300,300,401,401,411,0,0,17,30,56,56,90,90,90,90,360,380,6,6,103,103,114,114],"floor_reached":36,"playtime":3855,"items_purged":["Defend_G"],"score":504,"play_id":"cf11b7b0-5779-419c-911c-f739eba5c624","local_time":"20180629030126","is_ascension_mode":true,"campfire_choices":[{"floor":11,"key":"REST"},{"floor":13,"key":"REST"},{"data":"Malaise","floor":15,"key":"SMITH"},{"floor":24,"key":"REST"},{"floor":27,"key":"REST"},{"floor":32,"key":"REST"}],"neow_cost":"NONE","seed_source_timestamp":190400082978772,"circlet_count":0,"master_deck":["Defend_G","Strike_G","Strike_G","Strike_G","Strike_G","Strike_G","Survivor","Neutralize+1","Dagger Spray","Cloak And Dagger","Cloak And Dagger","Backstab","Malaise+1","Night Terror","Terror+1","Blade Dance+1","Finisher+1","Cloak And Dagger","Doppelganger","Regret","Footwork","Doppelganger","Deadly Poison"],"relics":["Runic Dome","Gambling Chip","Sundial","Darkstone Periapt","Ornamental Fan","Astrolabe","Kunai","Dodecahedron","Gremlin Horn","Snake Skull","Du-Vu Doll","Eternal Feather"],"potions_floor_usage":[6,6,10,12,14,16,23,23,23,25,33,35],"damage_taken":[{"damage":11,"enemies":"Jaw Worm","floor":1,"turns":6},{"damage":0,"enemies":"Cultist","floor":3,"turns":4},{"damage":0,"enemies":"Small Slimes","floor":4,"turns":3},{"damage":5,"enemies":"3 Louse","floor":5,"turns":2},{"damage":2,"enemies":"3 Sentries","floor":6,"turns":7},{"damage":28,"enemies":"Gremlin Nob","floor":10,"turns":5},{"damage":12,"enemies":"3 Sentries","floor":12,"turns":6},{"damage":0,"enemies":"2 Fungi Beasts","floor":14,"turns":3},{"damage":8,"enemies":"The Guardian","floor":16,"turns":16},{"damage":0,"enemies":"3 Byrds","floor":18,"turns":4},{"damage":7,"enemies":"Spheric Guardian","floor":21,"turns":4},{"damage":0,"enemies":"Snecko","floor":22,"turns":2},{"damage":21,"enemies":"Slavers","floor":23,"turns":5},{"damage":21,"enemies":"Gremlin Leader","floor":25,"turns":5},{"damage":23,"enemies":"Slaver and Parasite","floor":30,"turns":4},{"damage":34,"enemies":"Collector","floor":33,"turns":10},{"damage":2,"enemies":"Flame Bruiser 1 Orb","floor":35,"turns":4},{"damage":74,"enemies":"3 Darklings","floor":36,"turns":5}],"seed_played":"-2589697479736889261","potions_obtained":[{"floor":2,"key":"SkillPotion"},{"floor":2,"key":"Swift Potion"},{"floor":2,"key":"Energy Potion"},{"floor":6,"key":"GamblersBrew"},{"floor":10,"key":"AttackPotion"},{"floor":12,"key":"PowerPotion"},{"floor":16,"key":"Strength Potion"},{"floor":23,"key":"SpeedPotion"},{"floor":30,"key":"Poison Potion"},{"floor":33,"key":"PowerPotion"}],"is_trial":false,"path_per_floor":["M","?","M","M","M","E","?","?","T","E","R","E","R","M","R","B",null,"M","$","?","M","M","E","R","E","T","R","?","?","M","$","R","B",null,"M"],"character_chosen":"THE_SILENT","items_purchased":["Kunai","Strength Potion","SkillPotion","Du-Vu Doll","Footwork"],"campfire_rested":5,"item_purchase_floors":[19,19,19,31,31],"current_hp_per_floor":[59,59,59,59,54,52,41,41,41,13,34,22,43,43,43,35,70,70,70,70,63,63,42,63,42,42,63,69,41,18,18,40,6,76,74,0],"gold":114,"neow_bonus":"BOSS_RELIC","is_prod":false,"is_daily":false,"chose_seed":false,"campfire_upgraded":1,"win_rate":0,"timestamp":1530259286,"path_taken":["M","?","M","M","M","E","?","?","T","E","R","E","R","M","R","BOSS","M","$","?","M","M","E","R","E","T","R","?","?","?","$","R","BOSS","M","M"],"build_version":"2018-06-28","purchased_purges":1,"victory":false,"max_hp_per_floor":[70,70,70,70,70,70,70,70,70,70,70,70,70,70,70,70,70,70,70,70,70,70,70,70,70,70,70,76,76,76,76,76,76,76,76,76],"card_choices":[{"not_picked":["Backflip","Deadly Poison"],"picked":"Dagger Spray","floor":1},{"not_picked":["Slice","Finisher"],"picked":"Cloak And Dagger","floor":3},{"not_picked":["Underhanded Strike","Deadly Poison","Outmaneuver"],"picked":"SKIP","floor":4},{"not_picked":["Deflect","Slice","Dagger Throw"],"picked":"SKIP","floor":5},{"not_picked":["Caltrops","Dodge and Roll","Bullet Time"],"picked":"SKIP","floor":6},{"not_picked":["Catalyst","Predator"],"picked":"Cloak And Dagger","floor":10},{"not_picked":["Dodge and Roll","Well Laid Plans"],"picked":"Backstab","floor":12},{"not_picked":["Bane","Escape Plan"],"picked":"Malaise","floor":14},{"not_picked":["Storm of Steel","Venomology"],"picked":"Night Terror","floor":16},{"not_picked":["Slice","Masterful Stab+1"],"picked":"Cloak And Dagger","floor":18},{"not_picked":["Blur","Bane","Dodge and Roll"],"picked":"SKIP","floor":21},{"not_picked":["Concentrate+1","Dagger Throw","Dagger Spray+1"],"picked":"SKIP","floor":22},{"not_picked":["Prepared","Venomology","Distraction"],"picked":"SKIP","floor":23},{"not_picked":["Bane+1","Flying Knee"],"picked":"Doppelganger","floor":25},{"not_picked":["Poisoned Stab","Bane","Caltrops"],"picked":"SKIP","floor":30},{"not_picked":["Night Terror","Venomology"],"picked":"Doppelganger","floor":33},{"not_picked":["Deflect+1","Bane+1"],"picked":"Deadly Poison","floor":35}],"player_experience":167610,"relics_obtained":[{"floor":6,"key":"Gambling Chip"},{"floor":9,"key":"Sundial"},{"floor":10,"key":"Darkstone Periapt"},{"floor":12,"key":"Ornamental Fan"},{"floor":23,"key":"Dodecahedron"},{"floor":25,"key":"Gremlin Horn"},{"floor":26,"key":"Snake Skull"}],"event_choices":[{"event_name":"The Woman in Blue","player_choice":"Bought 3 Potions","floor":2,"damage_taken":0},{"event_name":"World of Goop","player_choice":"Gather Gold","floor":7,"damage_taken":0},{"event_name":"Upgrade Shrine","player_choice":"Upgraded","floor":8,"damage_taken":0},{"event_name":"Beggar","player_choice":"Ignored","floor":20,"damage_taken":0},{"event_name":"Match and Keep!","player_choice":"1 cards matched","floor":28,"damage_taken":0},{"event_name":"Knowing Skull","player_choice":"GOLD GOLD GOLD ","floor":29,"damage_taken":0}],"boss_relics":[{"not_picked":["Cursed Key","Calling Bell"],"picked":"Astrolabe"},{"not_picked":["Busted Crown","White Beast Statue"],"picked":"Eternal Feather"}],"items_purged_floors":[19],"is_endless":false,"potions_floor_spawned":[6,10,12,16,21,22,23,30,33],"killed_by":"3 Darklings","ascension_level":4}