{"gold_per_floor":[110,120,120,138,151,151,168,168,221,254,264,296,358,378,378,474,474,494,494,494,129,146,173,173,204,204,129,3,37,47,62,62,62],"floor_reached":33,"playtime":2396,"items_purged":["Dualcast+1","Cold Snap"],"score":447,"play_id":"6c74479e-befc-428a-80ed-77f1b49b19b7","local_time":"20180628130754","is_ascension_mode":true,"campfire_choices":[{"data":"Dualcast","floor":6,"key":"SMITH"},{"data":"Hyperbeam","floor":8,"key":"SMITH"},{"floor":15,"key":"REST"},{"floor":24,"key":"REST"},{"floor":32,"key":"REST"}],"neow_cost":"NONE","seed_source_timestamp":141858987334788,"circlet_count":0,"master_deck":["Defend_B","Defend_B","Defend_B","Defend_B","Heatsinks","Chill","Hyperbeam+1","BootSequence","Reinforced Body","Beam Cell","Genetic Algorithm","Rebound","Buffer","Auto Shields","RitualDagger","Bite","Bite","Bite","Bite","Bite","Hyperbeam","Purity","Fusion+1","Steam","Steam+1","Double Energy+1","Cold Snap"],"relics":["Cracked Core","Pen Nib","Bottled Flame","Happy Flower","Pear","Lizard Tail","Vajra","Art of War","Cables","Omamori"],"potions_floor_usage":[5,10,16,16,16,22,23,25,30,33],"damage_taken":[{"damage":0,"enemies":"2 Louse","floor":1,"turns":2},{"damage":0,"enemies":"Cultist","floor":2,"turns":4},{"damage":5,"enemies":"Small Slimes","floor":4,"turns":3},{"damage":3,"enemies":"Blue Slaver","floor":5,"turns":2},{"damage":1,"enemies":"3 Louse","floor":7,"turns":3},{"damage":10,"enemies":"Lagavulin","floor":10,"turns":5},{"damage":0,"enemies":"Exordium Thugs","floor":11,"turns":1},{"damage":0,"enemies":"3 Sentries","floor":12,"turns":2},{"damage":34,"enemies":"Lagavulin Event","floor":13,"turns":6},{"damage":0,"enemies":"Red Slaver","floor":14,"turns":1},{"damage":18,"enemies":"Slime Boss","floor":16,"turns":7},{"damage":7,"enemies":"3 Byrds","floor":18,"turns":5},{"damage":14,"enemies":"Shell Parasite","floor":22,"turns":6},{"damage":44,"enemies":"Gremlin Leader","floor":23,"turns":8},{"damage":0,"enemies":"Slavers","floor":25,"turns":2},{"damage":8,"enemies":"Gremlin Leader","floor":29,"turns":4},{"damage":51,"enemies":"Chosen and Byrds","floor":30,"turns":6},{"damage":0,"enemies":"Centurion and Healer","floor":31,"turns":3},{"damage":70,"enemies":"Automaton","floor":33,"turns":8}],"seed_played":"-8787769425067625514","potions_obtained":[{"floor":3,"key":"FearPotion"},{"floor":3,"key":"Fire Potion"},{"floor":3,"key":"SmokeBomb"},{"floor":5,"key":"Swift Potion"},{"floor":7,"key":"EssenceOfSteel"},{"floor":12,"key":"EssenceOfSteel"},{"floor":13,"key":"Energy Potion"},{"floor":22,"key":"FearPotion"},{"floor":23,"key":"Poison Potion"},{"floor":29,"key":"Weak Potion"},{"floor":30,"key":"LiquidBronze"}],"is_trial":false,"path_per_floor":["M","M","?","M","M","R","M","R","T","E","M","E","?","M","R","B",null,"M","?","?","$","M","E","R","E","T","?","$","E","M","M","R"],"character_chosen":"DEFECT","items_purchased":["Hyperbeam","Purity","Block Potion","Steam"],"campfire_rested":3,"item_purchase_floors":[21,21,21,28],"current_hp_per_floor":[75,75,75,70,67,67,66,66,66,56,56,56,32,32,57,39,85,78,72,59,59,51,17,34,36,36,36,36,34,29,29,46,0],"gold":62,"neow_bonus":"UPGRADE_CARD","is_prod":false,"is_daily":false,"chose_seed":false,"campfire_upgraded":2,"win_rate":0,"timestamp":1530209274,"path_taken":["M","M","?","?","M","R","M","R","T","E","M","E","?","?","R","BOSS","M","?","?","$","M","E","R","E","T","?","$","E","M","M","R","BOSS"],"build_version":"2018-06-27","purchased_purges":2,"victory":false,"max_hp_per_floor":[75,75,75,75,75,75,75,75,75,75,75,75,85,85,85,85,85,85,85,59,59,59,59,59,59,59,59,59,59,59,59,59,59],"card_choices":[{"not_picked":["Cold Snap","Compile Driver"],"picked":"Heatsinks","floor":1},{"not_picked":["Steam Power","Leap","Streamline"],"picked":"SKIP","floor":2},{"not_picked":["Stack","Streamline"],"picked":"Cold Snap","floor":4},{"not_picked":["Blizzard","Aggregate"],"picked":"Chill","floor":5},{"not_picked":["Streamline","Stack"],"picked":"Hyperbeam","floor":7},{"not_picked":["Ball Lightning","Amplify"],"picked":"BootSequence","floor":10},{"not_picked":["Rebound","Barrage"],"picked":"Reinforced Body","floor":11},{"not_picked":["Defragment","Leap"],"picked":"Beam Cell","floor":12},{"not_picked":["Leap","Streamline"],"picked":"Genetic Algorithm","floor":13},{"not_picked":["Reprogram","Hologram"],"picked":"Rebound","floor":14},{"not_picked":["Reboot","Multi-Cast"],"picked":"Buffer","floor":16},{"not_picked":["Redo","Conserve Battery"],"picked":"Auto Shields","floor":18},{"not_picked":["Stack","Coolheaded","Streamline"],"picked":"SKIP","floor":22},{"not_picked":["Streamline","Heatsinks"],"picked":"Fusion+1","floor":23},{"not_picked":["Barrage+1","Blizzard+1","Sweeping Beam"],"picked":"SKIP","floor":25},{"not_picked":["Compile Driver","Go for the Eyes"],"picked":"Steam+1","floor":29},{"not_picked":["Storm","Coolheaded"],"picked":"Double Energy+1","floor":30},{"not_picked":["Double Energy+1","Steam Power"],"picked":"Cold Snap","floor":31}],"player_experience":151216,"relics_obtained":[{"floor":9,"key":"Pen Nib"},{"floor":10,"key":"Bottled Flame"},{"floor":12,"key":"Happy Flower"},{"floor":23,"key":"Vajra"},{"floor":25,"key":"Art of War"},{"floor":26,"key":"Cables"},{"floor":29,"key":"Omamori"}],"event_choices":[{"event_name":"The Lab","player_choice":"Got Potions","floor":3,"damage_taken":0},{"event_name":"Dead Adventurer","player_choice":"Searched \u00272\u0027 times","floor":13,"damage_taken":0},{"event_name":"Nest","player_choice":"Joined the Cult","floor":19,"damage_taken":0},{"event_name":"Vampires","player_choice":"Became a vampire","floor":20,"damage_taken":0},{"event_name":"Beggar","player_choice":"Gave Gold","floor":27,"damage_taken":0}],"boss_relics":[{"not_picked":["White Beast Statue","Black Star"],"picked":"Lizard Tail"}],"items_purged_floors":[21,28],"is_endless":false,"potions_floor_spawned":[4,5,7,12,13,14,22,23,29,30],"killed_by":"Automaton","ascension_level":3}