{"gold_per_floor":[134,209,209,244,279,349,27,27,52,52,52,82,97,112,112,212,212,227,282,297,129,129,159,82,97,122,122,122,137,167,182,182,282,282,297,297,312,327,342,342,372,472,472,50,80,95,110,12,12,12],"floor_reached":51,"playtime":1110,"items_purged":[],"score":1459,"play_id":"bf1ad04b-17ad-4cd0-a0a8-193c4738f0cc","local_time":"20181124163826","daily_mods":["Allstar","Hoarder","Terminal"],"is_ascension_mode":false,"campfire_choices":[{"data":"Mind Blast","floor":8,"key":"SMITH"},{"data":"Mind Blast","floor":15,"key":"SMITH"},{"data":"Malaise","floor":28,"key":"SMITH"},{"data":"Footwork","floor":32,"key":"SMITH"},{"data":"Malaise","floor":40,"key":"SMITH"},{"data":"Malaise","floor":49,"key":"SMITH"}],"neow_cost":"","seed_source_timestamp":0,"circlet_count":0,"master_deck":["Defend_G","Defend_G","Defend_G","Defend_G","Defend_G","Strike_G","Strike_G","Strike_G","Strike_G","Strike_G","Survivor","Neutralize","Violence","Violence","Thinking Ahead","Thinking Ahead","Thinking Ahead","Chrysalis","Chrysalis","Chrysalis","HandOfGreed","HandOfGreed","HandOfGreed","Mind Blast+1","Mind Blast+1","Mind Blast+1","Leg Sweep","Leg Sweep","Leg Sweep","Good Instincts","Good Instincts","Good Instincts","Backflip","Backflip","Backflip","All Out Attack","All Out Attack","All Out Attack","Poisoned Stab","Poisoned Stab","Poisoned Stab","Footwork+1","Footwork","Footwork","Discovery","Discovery","Discovery","Havoc","Havoc","Havoc","Malaise+1","Malaise+1","Malaise+1","Adrenaline","Adrenaline","Adrenaline","Deadly Poison","Deadly Poison","Deadly Poison","Hologram","Hologram","Hologram","FTL","FTL","FTL","Flash of Steel","Flash of Steel","Flash of Steel","Backflip","Backflip","Backflip","Caltrops","Caltrops","Caltrops","Cloak And Dagger","Cloak And Dagger","Cloak And Dagger","Dark Shackles+1","Dark Shackles+1","Dark Shackles+1","Backstab","Backstab","Backstab","Warcry+1","Warcry+1","Warcry+1","Normality","Normality","Normality","After Image+1","After Image+1","After Image+1","True Grit+1","True Grit+1","True Grit+1","Dropkick+1","Dropkick+1","Dropkick+1","Bullet Time","Bullet Time","Bullet Time","Clothesline+1","Clothesline+1","Clothesline+1","Flash of Steel+1","Flash of Steel+1","Flash of Steel+1","Outmaneuver+1","Outmaneuver+1","Outmaneuver+1","Recycle+1","Recycle+1","Recycle+1","Discovery+1","Discovery+1","Discovery+1","Panacea","Panacea","Panacea","Shame","Shame","Shame","All Out Attack","All Out Attack","All Out Attack","Endless Agony","Endless Agony","Endless Agony","Accuracy+1","Accuracy+1","Accuracy+1","Bane","Bane","Bane","Crippling Poison","Crippling Poison","Crippling Poison","Bouncing Flask","Bouncing Flask","Bouncing Flask","Corpse Explosion","Corpse Explosion","Corpse Explosion","Dagger Spray+1","Dagger Spray+1","Dagger Spray+1","Flex","Flex","Flex","Clothesline+1","Clothesline+1","Clothesline+1","Footwork+1","Footwork+1","Footwork+1","Dodge and Roll","Dodge and Roll","Dodge and Roll"],"special_seed":17859,"relics":["Ring of the Snake","Incense Burner","PrismaticShard","Anchor","Pen Nib","Cursed Key","Frozen Egg 2","Dream Catcher","Enchiridion","Sundial","Runic Dome","Darkstone Periapt","Dead Branch","The Courier","Bag of Preparation"],"potions_floor_usage":[12,16,33,50,50,50],"damage_taken":[{"damage":3,"enemies":"Small Slimes","floor":1,"turns":2},{"damage":1,"enemies":"Jaw Worm","floor":4,"turns":2},{"damage":0,"enemies":"Cultist","floor":5,"turns":5},{"damage":0,"enemies":"3 Sentries","floor":6,"turns":5},{"damage":0,"enemies":"Gremlin Nob","floor":12,"turns":1},{"damage":0,"enemies":"3 Louse","floor":13,"turns":2},{"damage":0,"enemies":"Exordium Wildlife","floor":14,"turns":1},{"damage":0,"enemies":"The Guardian","floor":16,"turns":6},{"damage":0,"enemies":"Shell Parasite","floor":18,"turns":1},{"damage":0,"enemies":"3 Byrds","floor":19,"turns":5},{"damage":0,"enemies":"3 Cultists","floor":20,"turns":1},{"damage":0,"enemies":"Slavers","floor":23,"turns":1},{"damage":0,"enemies":"Shelled Parasite and Fungi","floor":25,"turns":1},{"damage":0,"enemies":"Centurion and Healer","floor":29,"turns":1},{"damage":0,"enemies":"Gremlin Leader","floor":30,"turns":1},{"damage":0,"enemies":"Sentry and Sphere","floor":31,"turns":1},{"damage":0,"enemies":"Automaton","floor":33,"turns":1},{"damage":0,"enemies":"3 Darklings","floor":35,"turns":1},{"damage":0,"enemies":"Orb Walker","floor":37,"turns":1},{"damage":0,"enemies":"3 Darklings","floor":38,"turns":1},{"damage":0,"enemies":"4 Shapes","floor":39,"turns":1},{"damage":0,"enemies":"Reptomancer","floor":41,"turns":1},{"damage":0,"enemies":"Mind Bloom Boss Battle","floor":42,"turns":1},{"damage":0,"enemies":"Nemesis","floor":45,"turns":1},{"damage":0,"enemies":"Writhing Mass","floor":46,"turns":1},{"damage":0,"enemies":"Spire Growth","floor":47,"turns":1},{"damage":0,"enemies":"Awakened One","floor":50,"turns":5}],"seed_played":"-6046446197112950682","potions_obtained":[{"floor":1,"key":"FearPotion"},{"floor":5,"key":"FearPotion"},{"floor":12,"key":"Ancient Potion"},{"floor":23,"key":"FearPotion"},{"floor":33,"key":"Regen Potion"},{"floor":41,"key":"Block Potion"},{"floor":45,"key":"FearPotion"}],"is_trial":false,"path_per_floor":["M","?","?","M","M","E","$","R","T","?","$","E","M","M","R","B",null,"M","M","M","$","?","E","$","M","T","?","R","M","E","M","R","B",null,"M","?","M","M","M","R","E","?","T","$","E","M","M","$","R","B",null],"character_chosen":"THE_SILENT","items_purchased":["PrismaticShard","Footwork","Fire Potion","Flash of Steel","Backflip","Caltrops","Backstab","All Out Attack","Endless Agony","Accuracy+1","Bane","Crippling Poison","Bouncing Flask","Corpse Explosion","Footwork+1","Dodge and Roll"],"campfire_rested":0,"item_purchase_floors":[7,7,7,21,21,21,24,44,44,44,44,44,44,44,48,48],"current_hp_per_floor":[66,55,55,54,54,54,54,54,54,54,54,54,54,54,54,53,52,51,50,49,48,47,46,45,44,43,27,27,27,27,27,27,27,35,34,33,32,31,30,29,28,27,32,31,30,29,28,27,26,25],"gold":12,"neow_bonus":"","is_prod":false,"is_daily":true,"chose_seed":false,"campfire_upgraded":6,"win_rate":0,"timestamp":1543073906,"path_taken":["M","?","?","?","M","E","$","R","T","?","?","E","M","M","R","BOSS","M","M","M","$","?","E","$","M","T","?","R","M","E","M","R","BOSS","M","?","M","M","?","R","E","?","T","$","E","M","M","?","R","BOSS"],"build_version":"2018-11-15","purchased_purges":0,"victory":true,"max_hp_per_floor":[68,67,66,65,64,63,62,61,60,59,58,57,56,55,54,53,52,51,50,49,48,47,46,45,44,43,42,41,40,39,38,37,36,35,34,33,32,31,30,29,28,27,32,31,30,29,28,27,26,25],"card_choices":[{"not_picked":["Terror","PiercingWail"],"picked":"Leg Sweep","floor":1},{"not_picked":["Underhanded Strike","Prepared"],"picked":"Backflip","floor":4},{"not_picked":["Catalyst","Dodge and Roll"],"picked":"All Out Attack","floor":5},{"not_picked":["Flying Knee","Cloak And Dagger"],"picked":"Poisoned Stab","floor":6},{"not_picked":["Sever Soul","Redo"],"picked":"Discovery","floor":12},{"not_picked":["Armaments","Capacitor"],"picked":"Havoc","floor":13},{"not_picked":["Ball Lightning","Flex"],"picked":"Malaise","floor":14},{"not_picked":["Machine Learning","Sadistic Nature"],"picked":"Adrenaline","floor":16},{"not_picked":["Setup","Heavy Blade"],"picked":"Deadly Poison","floor":18},{"not_picked":["FTL+1","Sword Boomerang"],"picked":"Hologram","floor":19},{"not_picked":["Steam","Melter"],"picked":"FTL","floor":20},{"not_picked":["Steam Power+1","Blur"],"picked":"Dark Shackles+1","floor":23},{"not_picked":["Wild Strike","Streamline"],"picked":"Warcry+1","floor":25},{"not_picked":["Capacitor+1","Headbutt"],"picked":"After Image+1","floor":29},{"not_picked":["Dramatic Entrance+1","Chill"],"picked":"True Grit+1","floor":30},{"not_picked":["Rage","Underhanded Strike","Dropkick+1"],"picked":"SKIP","floor":31},{"not_picked":["Rage","Underhanded Strike"],"picked":"Dropkick+1","floor":31},{"not_picked":["Meteor Strike","Limit Break"],"picked":"Bullet Time","floor":33},{"not_picked":["Turbo+1","Body Slam"],"picked":"Clothesline+1","floor":35},{"not_picked":["Enlightenment+1","Sucker Punch"],"picked":"Flash of Steel+1","floor":37},{"not_picked":["Outmaneuver+1","Forethought"],"picked":"Outmaneuver+1","floor":38},{"not_picked":["Jack Of All Trades+1","Expertise"],"picked":"Recycle+1","floor":39},{"not_picked":["Dramatic Entrance","Sword Boomerang"],"picked":"Discovery+1","floor":41},{"not_picked":["Dagger Throw+1","Outmaneuver"],"picked":"Panacea","floor":42},{"not_picked":["True Grit","Expertise+1"],"picked":"Dagger Spray+1","floor":45},{"not_picked":["Underhanded Strike","Berserk+1"],"picked":"Flex","floor":46},{"not_picked":["Lockon","Intimidate"],"picked":"Clothesline+1","floor":47}],"player_experience":1739503,"relics_obtained":[{"floor":6,"key":"Incense Burner"},{"floor":9,"key":"Anchor"},{"floor":12,"key":"Pen Nib"},{"floor":23,"key":"Frozen Egg 2"},{"floor":26,"key":"Dream Catcher"},{"floor":27,"key":"Enchiridion"},{"floor":30,"key":"Sundial"},{"floor":41,"key":"Darkstone Periapt"},{"floor":42,"key":"Dead Branch"},{"floor":43,"key":"The Courier"},{"floor":45,"key":"Bag of Preparation"}],"event_choices":[{"damage_healed":0,"gold_gain":75,"player_choice":"Gather Gold","damage_taken":11,"max_hp_gain":0,"max_hp_loss":0,"event_name":"World of Goop","floor":2,"gold_loss":0},{"damage_healed":0,"gold_gain":0,"cards_transformed":["Violence"],"player_choice":"Transformed","damage_taken":0,"max_hp_gain":0,"max_hp_loss":0,"event_name":"Transmorgrifier","floor":3,"gold_loss":0,"cards_obtained":["Good Instincts"]},{"damage_healed":0,"gold_gain":0,"player_choice":"Grow","damage_taken":0,"max_hp_gain":0,"max_hp_loss":0,"event_name":"Living Wall","floor":10,"gold_loss":0,"cards_upgraded":["Mind Blast"]},{"damage_healed":0,"gold_gain":0,"player_choice":"Read","damage_taken":0,"max_hp_gain":0,"max_hp_loss":0,"event_name":"The Library","floor":22,"gold_loss":0,"cards_obtained":["Cloak And Dagger"]},{"damage_healed":0,"gold_gain":0,"player_choice":"Obtained Book","damage_taken":16,"max_hp_gain":0,"max_hp_loss":0,"event_name":"Cursed Tome","floor":27,"gold_loss":0},{"damage_healed":0,"gold_gain":0,"player_choice":"Bought 0 Potions","damage_taken":0,"max_hp_gain":0,"max_hp_loss":0,"event_name":"The Woman in Blue","floor":36,"gold_loss":0},{"damage_healed":0,"gold_gain":0,"player_choice":"Fight","damage_taken":0,"max_hp_gain":0,"max_hp_loss":0,"event_name":"MindBloom","floor":42,"gold_loss":0}],"is_beta":false,"boss_relics":[{"not_picked":["Busted Crown","Tiny House"],"picked":"Cursed Key"},{"not_picked":["Velvet Choker","White Beast Statue"],"picked":"Runic Dome"}],"items_purged_floors":[],"is_endless":false,"potions_floor_spawned":[1,5,12,13,23,25,30,31,33,37,41,45,46,47],"ascension_level":0}