{"gold_per_floor":[116,129,62,82,14,47,25,53,53,87,87],"floor_reached":11,"playtime":535,"items_purged":[],"score":116,"play_id":"845ac3ad-1726-4bdf-9692-4d25a59fde5c","local_time":"20181206204022","is_ascension_mode":false,"campfire_choices":[],"neow_cost":"NONE","seed_source_timestamp":0,"circlet_count":0,"master_deck":["Strike_B","Strike_B","Strike_B","Strike_B","Defend_B","Defend_B","Defend_B","Defend_B","Zap","Dualcast","Coolheaded","Streamline","FTL","Conserve Battery","Double Energy","Conserve Battery","Cold Snap","Scrape","Stack"],"special_seed":0,"relics":["Runic Pyramid","Calipers","Pocketwatch","Prayer Wheel","Pen Nib"],"potions_floor_usage":[10,10,11],"damage_taken":[{"damage":3,"enemies":"Cultist","floor":1,"turns":5},{"damage":6,"enemies":"Small Slimes","floor":2,"turns":4},{"damage":0,"enemies":"2 Louse","floor":4,"turns":3},{"damage":12,"enemies":"3 Sentries","floor":6,"turns":7},{"damage":48,"enemies":"Gremlin Nob","floor":8,"turns":5},{"damage":0,"enemies":"3 Sentries","floor":10,"turns":5},{"damage":6,"enemies":"Lots of Slimes","floor":11,"turns":1}],"seed_played":"6110691649682450488","potions_obtained":[{"floor":1,"key":"Swift Potion"},{"floor":2,"key":"SpeedPotion"},{"floor":8,"key":"LiquidBronze"}],"is_trial":false,"path_per_floor":["M","M","$","M","$","E","$","E","T","E","M"],"character_chosen":"DEFECT","items_purchased":["FTL","Double Energy","Cold Snap"],"campfire_rested":0,"item_purchase_floors":[3,5,7],"current_hp_per_floor":[72,66,66,66,66,54,54,6,6,6,0],"gold":87,"neow_bonus":"BOSS_RELIC","is_prod":false,"is_daily":false,"chose_seed":false,"campfire_upgraded":0,"win_rate":0,"timestamp":1544146822,"path_taken":["M","M","$","M","$","E","$","E","T","E","M"],"build_version":"2018-12-06","purchased_purges":0,"victory":false,"max_hp_per_floor":[75,75,75,75,75,75,75,75,75,75,75],"card_choices":[{"not_picked":["Undo","Conserve Battery"],"picked":"Coolheaded","floor":1},{"not_picked":["Double Energy","Redo"],"picked":"Streamline","floor":2},{"not_picked":["Rebound","Rip and Tear"],"picked":"Conserve Battery","floor":4},{"not_picked":["Turbo","Multi-Cast"],"picked":"Conserve Battery","floor":6},{"not_picked":["Stack","Hologram"],"picked":"Scrape","floor":8},{"not_picked":["Reprogram","Hyperbeam"],"picked":"Stack","floor":10}],"player_experience":1786469,"relics_obtained":[{"floor":6,"key":"Calipers"},{"floor":8,"key":"Pocketwatch"},{"floor":9,"key":"Prayer Wheel"},{"floor":10,"key":"Pen Nib"}],"event_choices":[],"is_beta":false,"boss_relics":[],"items_purged_floors":[],"is_endless":false,"potions_floor_spawned":[1,2,8],"killed_by":"Lots of Slimes","ascension_level":0}