{"gold_per_floor":[119,119,219,233,233,233,59,79,129,144,144,200,200,213,213,317,317,335,250,265,285,311,311,643,694,720,720,720,720,737,748,748,851,851,867,867,266,286,286,286,286,306,306,88,88,88,108,121,121,121],"floor_reached":51,"playtime":2659,"items_purged":["Strike_B"],"score":998,"play_id":"27816576-d1f6-4eb2-ace0-bff42f21605f","local_time":"20180710185613","is_ascension_mode":true,"campfire_choices":[{"data":"Streamline","floor":6,"key":"SMITH"},{"floor":11,"key":"REST"},{"data":"Dualcast","floor":13,"key":"SMITH"},{"floor":15,"key":"REST"},{"floor":23,"key":"REST"},{"data":"Echo Form","floor":27,"key":"SMITH"},{"data":"Defragment","floor":29,"key":"SMITH"},{"floor":32,"key":"REST"},{"data":"Defragment","floor":40,"key":"SMITH"},{"data":"Blizzard","floor":46,"key":"SMITH"},{"floor":49,"key":"REST"}],"neow_cost":"NONE","seed_source_timestamp":595226693767336,"circlet_count":0,"master_deck":["Strike_B","Strike_B","Defend_B","Defend_B","Defend_B","Defend_B","Zap+1","Dualcast+1","AscendersBane","Streamline+1","Glacier+1","Consume+1","Bandage Up+1","Leap+1","Echo Form+1","Loop","Hologram+1","Capacitor+1","Double Energy+1","Redo+1","Defragment+1","Hologram+1","Cold Snap","Force Field+1","Electrodynamics","Chill+1","Glacier+1","Defragment+1","Self Repair+1","Blizzard+1","BootSequence+1"],"relics":["Cracked Core","Toxic Egg 2","Mummified Hand","Orichalcum","Tiny Chest","Nuclear Battery","Regal Pillow","Dream Catcher","Old Coin","Juzu Bracelet","Omamori","Lizard Tail","Mango","TwistedFunnel","Kunai","DataDisk"],"potions_floor_usage":[16,16,16,24,47,50,50],"damage_taken":[{"damage":7,"enemies":"Small Slimes","floor":1,"turns":3},{"damage":0,"enemies":"2 Louse","floor":4,"turns":2},{"damage":7,"enemies":"Jaw Worm","floor":8,"turns":2},{"damage":6,"enemies":"Looter","floor":10,"turns":3},{"damage":11,"enemies":"3 Sentries","floor":12,"turns":8},{"damage":12,"enemies":"Lots of Slimes","floor":14,"turns":4},{"damage":19,"enemies":"Slime Boss","floor":16,"turns":11},{"damage":26,"enemies":"3 Byrds","floor":18,"turns":6},{"damage":21,"enemies":"Shell Parasite","floor":20,"turns":5},{"damage":7,"enemies":"Centurion and Healer","floor":21,"turns":8},{"damage":18,"enemies":"Gremlin Leader","floor":24,"turns":8},{"damage":26,"enemies":"Snake Plant","floor":30,"turns":6},{"damage":34,"enemies":"Sentry and Sphere","floor":31,"turns":6},{"damage":37,"enemies":"Champ","floor":33,"turns":13},{"damage":5,"enemies":"3 Shapes","floor":35,"turns":7},{"damage":0,"enemies":"Orb Walker","floor":38,"turns":7},{"damage":5,"enemies":"3 Darklings","floor":42,"turns":5},{"damage":18,"enemies":"4 Shapes","floor":47,"turns":4},{"damage":21,"enemies":"Sphere and 2 Shapes","floor":48,"turns":6},{"damage":20,"enemies":"Donu and Deca","floor":50,"turns":14}],"seed_played":"-4330424739697680151","potions_obtained":[{"floor":1,"key":"Strength Potion"},{"floor":10,"key":"FocusPotion"},{"floor":12,"key":"Strength Potion"},{"floor":21,"key":"AttackPotion"},{"floor":31,"key":"SteroidPotion"},{"floor":33,"key":"Strength Potion"},{"floor":38,"key":"Explosive Potion"},{"floor":48,"key":"Weak Potion"}],"is_trial":false,"path_per_floor":["M","?","?","M","T","R","$","M","T","M","R","E","R","M","R","B",null,"M","?","M","M","T","R","E","T","T","R","?","R","M","M","R","B",null,"M","?","$","M","?","R","?","M","T","$","?","R","M","M","R","B"],"character_chosen":"DEFECT","items_purchased":["Consume+1","Bandage Up+1","Defragment","Mango","TwistedFunnel","Blizzard","DataDisk"],"campfire_rested":5,"item_purchase_floors":[7,7,37,37,37,44,44],"current_hp_per_floor":[61,54,54,54,54,54,54,47,47,47,69,64,64,58,75,62,72,49,49,40,39,39,75,57,57,57,57,57,57,43,21,58,27,63,64,64,78,84,84,84,84,84,84,84,84,84,66,61,89,85],"gold":121,"neow_bonus":"UPGRADE_CARD","is_prod":false,"is_daily":false,"chose_seed":false,"campfire_upgraded":6,"win_rate":0,"timestamp":1531263373,"path_taken":["M","?","?","M","?","R","?","M","T","?","R","E","R","M","R","BOSS","M","?","M","M","?","R","E","?","T","R","?","R","M","M","R","BOSS","M","?","$","M","?","R","?","M","T","?","?","R","M","M","R","BOSS"],"build_version":"2018-07-05","purchased_purges":1,"victory":true,"max_hp_per_floor":[75,75,75,75,75,75,75,75,75,75,75,75,75,75,75,75,75,75,75,75,75,75,75,75,75,75,75,75,75,75,75,75,75,75,75,75,89,89,89,89,89,89,89,89,89,89,89,89,89,89],"card_choices":[{"not_picked":["Aggregate","Stack"],"picked":"Streamline","floor":1},{"not_picked":["Ball Lightning","Steam+1"],"picked":"Glacier+1","floor":4},{"not_picked":["Rebound","Beam Cell","Turbo+1"],"picked":"SKIP","floor":8},{"not_picked":["Meteor Strike","Turbo+1","Streamline"],"picked":"SKIP","floor":10},{"not_picked":["Aggregate+1","Ball Lightning","Static Discharge"],"picked":"SKIP","floor":12},{"not_picked":["Stack+1","Redo+1"],"picked":"Leap+1","floor":14},{"not_picked":["Hyperbeam","Machine Learning"],"picked":"Echo Form","floor":16},{"not_picked":["Heatsinks","Steam+1"],"picked":"Loop","floor":18},{"not_picked":["Turbo+1","Leap+1"],"picked":"Hologram+1","floor":20},{"not_picked":["Hologram+1","Rebound+1"],"picked":"Capacitor+1","floor":21},{"not_picked":["Hologram+1","Aggregate+1"],"picked":"Double Energy+1","floor":23},{"not_picked":["Hologram+1","Core Surge"],"picked":"Redo+1","floor":24},{"not_picked":["Lockon","Chaos+1"],"picked":"Hologram+1","floor":30},{"not_picked":["Hologram+1","Stack+1"],"picked":"Cold Snap","floor":31},{"not_picked":["Beam Cell","Rebound"],"picked":"Force Field+1","floor":32},{"not_picked":["Echo Form","Core Surge"],"picked":"Electrodynamics","floor":33},{"not_picked":["Melter","Steam+1"],"picked":"Chill+1","floor":35},{"not_picked":["Turbo+1","Redo+1","Recycle+1"],"picked":"SKIP","floor":38},{"not_picked":["Hologram+1","Redo+1"],"picked":"Self Repair+1","floor":42},{"not_picked":["Stack+1","Redo+1"],"picked":"BootSequence+1","floor":47},{"not_picked":["Gash","Auto Shields+1","Ball Lightning+1"],"picked":"SKIP","floor":48}],"player_experience":1032090,"relics_obtained":[{"floor":5,"key":"Mummified Hand"},{"floor":9,"key":"Orichalcum"},{"floor":12,"key":"Tiny Chest"},{"floor":22,"key":"Dream Catcher"},{"floor":24,"key":"Old Coin"},{"floor":25,"key":"Juzu Bracelet"},{"floor":26,"key":"Omamori"},{"floor":43,"key":"Kunai"}],"event_choices":[{"event_name":"Scrap Ooze","player_choice":"success","floor":2,"damage_taken":7},{"event_name":"Golden Shrine","player_choice":"Pray","floor":3,"damage_taken":0},{"event_name":"Addict","player_choice":"Obtained Relic","floor":19,"damage_taken":0},{"event_name":"The Library","player_choice":"Read","floor":28,"damage_taken":0},{"event_name":"Duplicator","player_choice":"One dupe","floor":36,"damage_taken":0},{"event_name":"Mysterious Sphere","player_choice":"Ignore","floor":39,"damage_taken":0},{"event_name":"Falling","player_choice":"Removed Attack","floor":41,"damage_taken":0},{"event_name":"Transmorgrifier","player_choice":"Skipped","floor":45,"damage_taken":0}],"boss_relics":[{"not_picked":["Busted Crown","White Beast Statue"],"picked":"Nuclear Battery"},{"not_picked":["Astrolabe","Tiny House"],"picked":"Lizard Tail"}],"items_purged_floors":[37],"is_endless":false,"potions_floor_spawned":[1,10,12,21,31,33,38,48],"ascension_level":10}