{"gold_per_floor":[112,112,127,402,426,426,451,451,478,498,523,536,536],"floor_reached":13,"playtime":475,"items_purged":[],"score":158,"play_id":"e74a3253-ae70-4327-91bd-43b60d9ac18e","local_time":"20190213202605","is_ascension_mode":true,"campfire_choices":[{"data":"After Image","floor":6,"key":"SMITH"},{"data":"Footwork","floor":8,"key":"SMITH"}],"neow_cost":"NONE","seed_source_timestamp":83429006746106,"circlet_count":0,"master_deck":["AscendersBane","Defend_G","Defend_G","Defend_G","Defend_G","Defend_G","Strike_G","Strike_G","Strike_G","Strike_G","Strike_G","Survivor","Neutralize","After Image+1","Caltrops","Terror","Regret","Infinite Blades","Footwork+1","Caltrops","Tools of the Trade"],"relics":["Ring of the Snake","Omamori","Golden Idol"],"potions_floor_usage":[10,11,13],"damage_taken":[{"damage":0,"enemies":"2 Louse","floor":1,"turns":4},{"damage":0,"enemies":"Cultist","floor":3,"turns":4},{"damage":6,"enemies":"Small Slimes","floor":5,"turns":5},{"damage":12,"enemies":"3 Louse","floor":7,"turns":5},{"damage":5,"enemies":"Large Slime","floor":10,"turns":5},{"damage":15,"enemies":"Exordium Thugs","floor":11,"turns":6},{"damage":9,"enemies":"2 Fungi Beasts","floor":12,"turns":4},{"damage":13,"enemies":"Gremlin Nob","floor":13,"turns":4}],"seed_played":"-2688060104486726561","potions_obtained":[{"floor":5,"key":"EssenceOfSteel"},{"floor":7,"key":"AttackPotion"},{"floor":11,"key":"Block Potion"}],"is_trial":false,"path_per_floor":["M","?","M","?","M","R","M","R","T","M","M","M","E"],"character_chosen":"THE_SILENT","items_purchased":[],"campfire_rested":0,"item_purchase_floors":[],"current_hp_per_floor":[59,59,59,59,53,53,41,41,41,36,21,12,0],"gold":536,"neow_bonus":"ONE_RANDOM_RARE_CARD","is_prod":false,"is_daily":false,"chose_seed":false,"campfire_upgraded":2,"win_rate":0,"timestamp":1550085965,"path_taken":["M","?","M","?","M","R","?","R","T","?","M","M","E"],"build_version":"2019-01-23","purchased_purges":0,"victory":false,"max_hp_per_floor":[66,60,60,60,60,60,60,60,60,60,60,60,60],"card_choices":[{"not_picked":["Acrobatics","Riddle With Holes"],"picked":"Caltrops","floor":1},{"not_picked":["Sucker Punch","Poisoned Stab"],"picked":"Terror","floor":3},{"not_picked":["Sucker Punch","Blade Dance"],"picked":"Infinite Blades","floor":5},{"not_picked":["Flying Knee","Sucker Punch"],"picked":"Footwork","floor":7},{"not_picked":["Quick Slash","Masterful Stab","Dagger Throw"],"picked":"SKIP","floor":10},{"not_picked":["Outmaneuver","Quick Slash"],"picked":"Caltrops","floor":11},{"not_picked":["Dagger Spray","Underhanded Strike"],"picked":"Tools of the Trade","floor":12}],"player_experience":1414271,"relics_obtained":[{"floor":9,"key":"Omamori"}],"event_choices":[{"damage_healed":0,"gold_gain":0,"player_choice":"Lose Max HP","damage_taken":0,"relics_obtained":["Golden Idol"],"max_hp_gain":0,"max_hp_loss":6,"event_name":"Golden Idol","floor":2,"gold_loss":0},{"damage_healed":0,"gold_gain":275,"player_choice":"Desecrate","damage_taken":0,"max_hp_gain":0,"max_hp_loss":0,"event_name":"Golden Shrine","floor":4,"gold_loss":0,"cards_obtained":["Regret"]}],"is_beta":false,"boss_relics":[],"items_purged_floors":[],"is_endless":false,"potions_floor_spawned":[5,7,11],"killed_by":"Gremlin Nob","ascension_level":20}