{"gold_per_floor":[118,118,133,308,321,321,355,355,355,355,15,34,34,68,68,68],"floor_reached":16,"playtime":706,"items_purged":[],"score":178,"play_id":"3b0a4316-ce4b-4397-8774-eb991259ba06","local_time":"20181115213404","is_ascension_mode":true,"campfire_choices":[{"data":"Neutralize","floor":6,"key":"SMITH"},{"data":"Predator","floor":8,"key":"SMITH"},{"data":"Caltrops","floor":13,"key":"SMITH"},{"floor":15,"key":"REST"}],"neow_cost":"NONE","seed_source_timestamp":865057884946286,"circlet_count":0,"master_deck":["AscendersBane","Defend_G","Defend_G","Defend_G","Defend_G","Defend_G","Strike_G+1","Strike_G","Strike_G+1","Strike_G","Survivor","Neutralize+1","Sucker Punch","Flying Knee","Doubt","Dagger Spray","Predator+1","Injury","Caltrops+1","Glass Knife"],"relics":["Ring of the Snake","Whetstone","Question Card","Ninja Scroll","Golden Idol","Turnip","Kunai"],"potions_floor_usage":[7,16],"damage_taken":[{"damage":2,"enemies":"Jaw Worm","floor":1,"turns":4},{"damage":1,"enemies":"Small Slimes","floor":3,"turns":5},{"damage":0,"enemies":"2 Louse","floor":5,"turns":2},{"damage":12,"enemies":"3 Sentries","floor":7,"turns":11},{"damage":0,"enemies":"Exordium Wildlife","floor":12,"turns":2},{"damage":31,"enemies":"Lagavulin","floor":14,"turns":6},{"damage":32,"enemies":"The Guardian","floor":16,"turns":9}],"seed_played":"3798703220295974809","potions_obtained":[{"floor":3,"key":"GhostInAJar"},{"floor":14,"key":"Fire Potion"}],"is_trial":false,"path_per_floor":["M","?","M","?","M","R","E","R","T","?","$","M","R","E","R","B"],"character_chosen":"THE_SILENT","items_purchased":["Turnip","Caltrops"],"campfire_rested":1,"item_purchase_floors":[11,11],"current_hp_per_floor":[61,54,53,53,53,53,41,41,41,41,41,41,41,10,31,0],"gold":68,"neow_bonus":"RANDOM_COMMON_RELIC","is_prod":false,"is_daily":false,"chose_seed":false,"campfire_upgraded":3,"win_rate":0,"timestamp":1542335644,"path_taken":["M","?","M","?","M","R","E","R","T","?","$","M","R","E","R","BOSS"],"build_version":"2018-11-15","purchased_purges":0,"victory":false,"max_hp_per_floor":[70,70,70,70,70,70,70,70,70,70,70,70,70,70,70,70],"card_choices":[{"not_picked":["Flying Knee","Dagger Throw"],"picked":"Sucker Punch","floor":1},{"not_picked":["Expertise","Deflect"],"picked":"Flying Knee","floor":3},{"not_picked":["Masterful Stab","Skewer"],"picked":"Dagger Spray","floor":5},{"not_picked":["Sucker Punch","Outmaneuver"],"picked":"Predator","floor":7},{"not_picked":["Sucker Punch","Slice","Acrobatics","Catalyst"],"picked":"SKIP","floor":12},{"not_picked":["Poisoned Stab","Deflect","Flechettes"],"picked":"Glass Knife","floor":14}],"player_experience":1696011,"relics_obtained":[{"floor":7,"key":"Question Card"},{"floor":9,"key":"Ninja Scroll"},{"floor":14,"key":"Kunai"}],"event_choices":[{"cards_removed":["Strike_G"],"damage_healed":0,"gold_gain":0,"player_choice":"Card Removal","damage_taken":7,"max_hp_gain":0,"max_hp_loss":0,"event_name":"Golden Wing","floor":2,"gold_loss":0},{"damage_healed":0,"gold_gain":175,"player_choice":"AGREE","damage_taken":0,"max_hp_gain":0,"max_hp_loss":0,"event_name":"Liars Game","floor":4,"gold_loss":0,"cards_obtained":["Doubt"]},{"damage_healed":0,"gold_gain":0,"player_choice":"Take Wound","damage_taken":0,"relics_obtained":["Golden Idol"],"max_hp_gain":0,"max_hp_loss":0,"event_name":"Golden Idol","floor":10,"gold_loss":0,"cards_obtained":["Injury"]}],"is_beta":false,"boss_relics":[],"items_purged_floors":[],"is_endless":false,"potions_floor_spawned":[3,14],"killed_by":"The Guardian","ascension_level":13}