{"path_per_floor":["M","?","M","M","$","M","E","?","T","R","$","E","?","M","R","B",null,"M","M","$","M","M","R","M","R","T","E","R","M","$","M","R","B",null,"M","?","M","$","?","E","$","R","T","$","M","?","R","M","R","B"],"character_chosen":"THE_SILENT","items_purchased":["Deflect","Omamori","Deflect","Bane"],"gold_per_floor":[111,111,127,140,13,33,68,68,121,121,21,52,52,72,72,167,167,185,205,80,93,105,105,118,118,142,169,169,186,43,62,62,167,167,178,178,192,16,16,43,17,17,17,17,35,35,35,45,45,45],"floor_reached":51,"campfire_rested":8,"playtime":3824,"current_hp_per_floor":[63,63,62,62,62,43,34,34,34,34,34,29,29,27,45,22,63,50,50,50,30,24,42,36,54,54,25,43,43,43,27,45,8,63,63,63,59,59,51,6,6,24,24,24,24,24,42,33,51,8],"items_purged":["Strike_G","Defend_G","Strike_G","Defend_G"],"gold":45,"score":775,"play_id":"5ef51080-915b-423b-a750-63f2512b3e8b","local_time":"20180517123847","is_prod":false,"is_daily":false,"chose_seed":false,"is_ascension_mode":true,"campfire_upgraded":1,"timestamp":1526553527,"path_taken":["M","?","M","M","$","M","E","?","T","R","$","E","?","M","R","BOSS","M","M","$","M","M","R","?","R","T","E","R","M","?","M","R","BOSS","M","?","M","$","?","E","?","R","T","$","M","?","R","M","R","BOSS"],"build_version":"2018-05-10","seed_source_timestamp":256872445089394,"purchased_purges":5,"victory":true,"master_deck":["Defend_G","Defend_G","Survivor","Neutralize+1","Deadly Poison","Bane","Heel Hook","Deflect","Flying Knee","Deadly Poison","Crippling Poison","Deadly Poison","Corpse Explosion","Cloak And Dagger+1","Crippling Poison+1","Deflect","Backflip","Catalyst","Writhe","Acrobatics+1","Flying Knee+1","Acrobatics","After Image","Blind","Poisoned Stab+1","Deflect","Madness","Madness","Envenom","Bane+1","Deflect","Noxious Fumes+1"],"max_hp_per_floor":[63,63,63,63,63,63,63,63,63,63,63,63,63,63,63,63,63,63,63,63,63,63,63,63,63,63,63,63,63,63,63,63,63,63,63,63,63,63,63,63,63,63,63,63,63,63,63,63,63,63],"relics":["Ring of the Snake","Question Card","Orichalcum","Ancient Tea Set","Cursed Key","Juzu Bracelet","Tough Bandages","Omamori","Black Star","Ornamental Fan","Molten Egg 2","The Specimen"],"card_choices":[{"not_picked":["Poisoned Stab","Flechettes"],"picked":"Deadly Poison","floor":1.0},{"not_picked":["Cloak And Dagger","Heel Hook"],"picked":"Flying Knee","floor":3.0},{"not_picked":["Skewer","Well Laid Plans"],"picked":"Heel Hook","floor":4.0},{"not_picked":["Outmaneuver","Dagger Throw"],"picked":"Flying Knee","floor":6.0},{"not_picked":["Well Laid Plans","Slice"],"picked":"Deadly Poison","floor":7.0},{"not_picked":["PiercingWail","Dagger Throw","Die Die Die"],"picked":"Crippling Poison","floor":12.0},{"not_picked":["Slice","Quick Slash","Accuracy"],"picked":"Deadly Poison","floor":14.0},{"not_picked":["Burst","Tactician","Venomology"],"picked":"Corpse Explosion","floor":16.0},{"not_picked":["Calculated Gamble","Slice","Distraction"],"picked":"Cloak And Dagger","floor":18.0},{"not_picked":["Finisher","Poisoned Stab","Cloak And Dagger"],"picked":"Crippling Poison","floor":19.0},{"not_picked":["Endless Agony","Leg Sweep","Sucker Punch"],"picked":"Deflect","floor":21.0},{"not_picked":["Well Laid Plans","Acrobatics","PiercingWail"],"picked":"Backflip","floor":22.0},{"not_picked":["PiercingWail","Well Laid Plans","Slice"],"picked":"Catalyst","floor":24.0},{"not_picked":["Deflect","All Out Attack","Sucker Punch"],"picked":"Acrobatics","floor":27.0},{"not_picked":["Dodge and Roll","Wraith Form v2","Cloak And Dagger"],"picked":"Flying Knee","floor":29.0},{"not_picked":["Dodge and Roll","Masterful Stab","Outmaneuver"],"picked":"Acrobatics","floor":31.0},{"not_picked":["Corpse Explosion","Phantasmal Killer","Tools of the Trade"],"picked":"After Image","floor":33.0},{"not_picked":["Thinking Ahead","Deep Breath","Purity"],"picked":"Blind","floor":36.0},{"not_picked":["Flechettes","Quick Slash","Backflip"],"picked":"Poisoned Stab","floor":37.0},{"not_picked":["Distraction","Dagger Throw","Malaise"],"picked":"Envenom","floor":40.0},{"not_picked":["Sucker Punch","Blade Dance","Quick Slash"],"picked":"Deflect","floor":45.0},{"not_picked":["Dagger Spray","Riddle With Holes","Calculated Gamble"],"picked":"Noxious Fumes","floor":48.0}],"player_experience":86606,"potions_floor_usage":[50],"damage_taken":[{"damage":0.0,"enemies":"Small Slimes","floor":1.0,"turns":5.0},{"damage":1.0,"enemies":"Cultist","floor":3.0,"turns":3.0},{"damage":0.0,"enemies":"2 Louse","floor":4.0,"turns":3.0},{"damage":19.0,"enemies":"Gremlin Gang","floor":6.0,"turns":6.0},{"damage":9.0,"enemies":"Lagavulin","floor":7.0,"turns":5.0},{"damage":5.0,"enemies":"Gremlin Nob","floor":12.0,"turns":3.0},{"damage":2.0,"enemies":"Looter","floor":14.0,"turns":3.0},{"damage":23.0,"enemies":"The Guardian","floor":16.0,"turns":7.0},{"damage":13.0,"enemies":"Spheric Guardian","floor":18.0,"turns":4.0},{"damage":0.0,"enemies":"3 Byrds","floor":19.0,"turns":4.0},{"damage":20.0,"enemies":"Snake Plant","floor":21.0,"turns":4.0},{"damage":6.0,"enemies":"Cultist and Chosen","floor":22.0,"turns":5.0},{"damage":6.0,"enemies":"Snecko","floor":24.0,"turns":4.0},{"damage":29.0,"enemies":"Slavers","floor":27.0,"turns":4.0},{"damage":0.0,"enemies":"Chosen and Byrds","floor":29.0,"turns":3.0},{"damage":16.0,"enemies":"Centurion and Healer","floor":31.0,"turns":5.0},{"damage":37.0,"enemies":"Collector","floor":33.0,"turns":8.0},{"damage":0.0,"enemies":"Orb Walker","floor":35.0,"turns":4.0},{"damage":4.0,"enemies":"3 Darklings","floor":37.0,"turns":4.0},{"damage":55.0,"enemies":"2 Orb Walkers","floor":40.0,"turns":5.0},{"damage":0.0,"enemies":"4 Shapes","floor":45.0,"turns":4.0},{"damage":9.0,"enemies":"Maw","floor":48.0,"turns":7.0},{"damage":43,"enemies":"Awakened One","floor":50,"turns":15}],"event_choices":[{"event_name":"Transmorgrifier","player_choice":"Transform","floor":2.0,"damage_taken":0.0},{"event_name":"Bonfire Elementals","player_choice":"BASIC","floor":8.0,"damage_taken":0.0},{"event_name":"Liars Game","player_choice":"disagreed","floor":13.0,"damage_taken":0.0},{"event_name":"SensoryStone","player_choice":"Memory 1","floor":36.0,"damage_taken":0.0},{"event_name":"Winding Halls","player_choice":"Embrace Madness","floor":39.0,"damage_taken":0.0}],"boss_relics":[],"potions_floor_spawned":[3,4,7,14,16,18,19,21,22,31,35,40],"seed_played":"-359453860170387824","ascension_level":2,"is_trial":false}