{"gold_per_floor":[119,130,130,141,111,111,144,161,161,161,189,200,200],"floor_reached":13,"playtime":587,"items_purged":[],"score":147,"play_id":"fe420250-3f69-4c33-873c-b0b1c6173099","local_time":"20180807155123","is_ascension_mode":true,"campfire_choices":[{"floor":6,"key":"REST"},{"data":"Neutralize","floor":10,"key":"SMITH"}],"neow_cost":"","seed_source_timestamp":999530279875062,"circlet_count":0,"master_deck":["Defend_G","Defend_G","Defend_G","Defend_G","Defend_G","Strike_G","Strike_G","Strike_G","Strike_G","Strike_G","Survivor","Neutralize+1","AscendersBane","Sucker Punch","Footwork","Flying Knee","Noxious Fumes","Dodge and Roll","Noxious Fumes+1","Backflip","Dodge and Roll"],"relics":["Ring of the Snake","Frozen Egg 2","Gremlin Horn","Dodecahedron"],"potions_floor_usage":[7,13],"damage_taken":[{"damage":3,"enemies":"Jaw Worm","floor":1,"turns":6},{"damage":2,"enemies":"Cultist","floor":2,"turns":4},{"damage":0,"enemies":"2 Louse","floor":4,"turns":3},{"damage":4,"enemies":"Looter","floor":5,"turns":4},{"damage":42,"enemies":"Gremlin Nob","floor":7,"turns":5},{"damage":21,"enemies":"Lots of Slimes","floor":8,"turns":6},{"damage":10,"enemies":"3 Sentries","floor":11,"turns":7},{"damage":0,"enemies":"Blue Slaver","floor":12,"turns":5},{"damage":7,"enemies":"Exordium Wildlife","floor":13,"turns":1}],"seed_played":"-4274694118114281670","potions_obtained":[{"floor":2,"key":"LiquidBronze"},{"floor":8,"key":"Weak Potion"},{"floor":12,"key":"Ancient Potion"}],"is_trial":false,"path_per_floor":["M","M","?","M","M","R","E","M","T","R","E","M"],"character_chosen":"THE_SILENT","items_purchased":[],"campfire_rested":1,"item_purchase_floors":[],"current_hp_per_floor":[60,58,63,63,59,75,33,12,12,12,2,2,0],"gold":200,"neow_bonus":"","is_prod":false,"is_daily":false,"chose_seed":false,"campfire_upgraded":1,"win_rate":0,"timestamp":1533675083,"path_taken":["M","M","?","?","M","R","E","M","T","R","E","M","M"],"build_version":"2018-08-06","purchased_purges":0,"victory":false,"max_hp_per_floor":[70,70,75,75,75,75,75,75,75,75,75,75,75],"card_choices":[{"not_picked":["Cloak And Dagger","Bane"],"picked":"Sucker Punch","floor":1},{"not_picked":["Acrobatics","Backflip"],"picked":"Footwork","floor":2},{"not_picked":["Underhanded Strike","Bane"],"picked":"Flying Knee","floor":4},{"not_picked":["Outmaneuver","Flechettes"],"picked":"Noxious Fumes","floor":5},{"not_picked":["Terror","Burst"],"picked":"Dodge and Roll","floor":7},{"not_picked":["Dagger Spray","Flying Knee"],"picked":"Noxious Fumes+1","floor":8},{"not_picked":["Predator","A Thousand Cuts+1"],"picked":"Backflip","floor":11},{"not_picked":["Masterful Stab","Escape Plan"],"picked":"Dodge and Roll","floor":12}],"player_experience":362688,"relics_obtained":[{"floor":7,"key":"Frozen Egg 2"},{"floor":9,"key":"Gremlin Horn"},{"floor":11,"key":"Dodecahedron"}],"event_choices":[{"event_name":"Big Fish","player_choice":"Donut","floor":3,"damage_taken":0}],"is_beta":true,"boss_relics":[],"items_purged_floors":[],"is_endless":false,"potions_floor_spawned":[2,8,12],"killed_by":"Exordium Wildlife","ascension_level":11}