{"path_per_floor":["M","M","$","T","M","R","E","R","T","R","M","M","?","M","R","B",null,"M","M","?","M","$","R","M","?","T","M","M","M","R","M","R","B",null,"M","$","?","$","?","R","E","R","T","?","R","M","M","?","R"],"character_chosen":"IRONCLAD","items_purchased":["Flex","Gremlin Horn","Carnage"],"gold_per_floor":[116,130,7,32,45,45,79,79,104,104,114,129,129,149,149,275,275,295,308,231,249,149,149,164,164,216,239,260,281,281,296,296,427,465,484,107,107,72,72,72,116,116,116,449,449,462,476,476,476,476],"floor_reached":50,"campfire_rested":6,"playtime":3414,"item_purchase_floors":[3,36,38],"current_hp_per_floor":[80,80,80,87,87,87,60,86,86,86,87,87,66,68,87,24,87,65,49,49,25,25,66,39,23,23,27,49,35,76,82,82,19,92,85,85,73,73,73,73,62,92,92,92,92,66,59,59,92,0],"items_purged":["Defend_R","Defend_R","Defend_R"],"gold":476,"score":524,"play_id":"4e14f4ed-269b-4ab4-81fc-6001d78754bb","local_time":"20180531224014","is_prod":false,"is_daily":false,"chose_seed":false,"is_ascension_mode":false,"campfire_upgraded":5,"win_rate":0,"timestamp":1527820814,"campfire_choices":[{"data":"Warcry","floor":6,"key":"SMITH"},{"floor":8,"key":"REST"},{"data":"Perfected Strike","floor":10,"key":"SMITH"},{"floor":15,"key":"REST"},{"floor":23,"key":"REST"},{"floor":30,"key":"REST"},{"data":"Double Tap","floor":32,"key":"SMITH"},{"data":"Carnage","floor":40,"key":"SMITH"},{"floor":42,"key":"REST"},{"data":"Perfected Strike","floor":45,"key":"SMITH"},{"floor":49,"key":"REST"}],"path_taken":["M","?","$","?","M","R","E","R","T","R","M","?","?","M","R","BOSS","M","M","?","M","$","R","M","?","T","M","M","M","R","M","R","BOSS","M","$","?","$","?","R","E","R","T","?","R","M","M","?","R","BOSS"],"build_version":"2018-05-31","seed_source_timestamp":13536999203631,"purchased_purges":3,"victory":false,"master_deck":["Strike_R","Strike_R","Strike_R","Strike_R","Strike_R","Defend_R+1","Bash","Perfected Strike+1","Thunderclap","Flex","Warcry+1","Flex","Immolate","Double Tap+1","Rage","J.A.X.","Thunderclap+1","Pommel Strike+1","Necronomicurse","Perfected Strike","Perfected Strike","Perfected Strike+1","Rage","Carnage+1","Madness","Madness","Carnage"],"max_hp_per_floor":[80,80,80,87,87,87,87,87,87,87,87,87,87,87,87,87,87,87,87,87,87,87,87,87,87,87,87,87,87,87,87,87,87,92,92,92,92,92,92,92,92,92,92,92,92,92,92,92,92,92],"relics":["Burning Blood","NeowsBlessing","Strawberry","Orichalcum","Regal Pillow","Lizard Tail","Necronomicon","Juzu Bracelet","Tiny House","Gremlin Horn","Toxic Egg 2","Letter Opener"],"card_choices":[{"not_picked":["Power Through","Twin Strike"],"picked":"Perfected Strike","floor":1},{"not_picked":["Second Wind","True Grit"],"picked":"Thunderclap","floor":2},{"not_picked":["Fire Breathing","Sword Boomerang"],"picked":"Warcry","floor":5},{"not_picked":["Anger","Warcry"],"picked":"Flex","floor":7},{"not_picked":["Feel No Pain","Anger"],"picked":"Immolate","floor":11},{"not_picked":["Clash","Sentinel","Headbutt"],"picked":"SKIP","floor":12},{"not_picked":["Second Wind","Anger","Fiend Fire"],"picked":"SKIP","floor":14},{"not_picked":["Bludgeon","Impervious"],"picked":"Double Tap","floor":16},{"not_picked":["Headbutt+1","Second Wind","Shrug It Off"],"picked":"SKIP","floor":18},{"not_picked":["Heavy Blade","Blood for Blood"],"picked":"Rage","floor":19},{"not_picked":["Combust+1","Uppercut"],"picked":"Thunderclap+1","floor":21},{"not_picked":["Headbutt","Havoc"],"picked":"Pommel Strike+1","floor":24},{"not_picked":["Cleave","Disarm"],"picked":"Perfected Strike","floor":27},{"not_picked":["Iron Wave","Ghostly Armor+1"],"picked":"Perfected Strike","floor":28},{"not_picked":["Rampage","Feed"],"picked":"Perfected Strike","floor":29},{"not_picked":["Body Slam+1","Fire Breathing"],"picked":"Rage","floor":31},{"not_picked":["Offering","Fiend Fire"],"picked":"Bludgeon","floor":33},{"not_picked":["Rage+1","Heavy Blade"],"picked":"Carnage","floor":35},{"not_picked":["True Grit+1","Heavy Blade+1","Shrug It Off"],"picked":"SKIP","floor":41},{"not_picked":["Anger+1","Thunderclap+1","Power Through+1"],"picked":"SKIP","floor":46},{"not_picked":["Rage+1","Heavy Blade+1","Flex+1"],"picked":"SKIP","floor":47}],"player_experience":227630,"potions_floor_usage":[7,11,11,16,24,29,33,41,41,41,50],"damage_taken":[{"damage":0,"enemies":"Cultist","floor":1,"turns":1},{"damage":0,"enemies":"Jaw Worm","floor":2,"turns":1},{"damage":0,"enemies":"2 Louse","floor":5,"turns":1},{"damage":33,"enemies":"3 Sentries","floor":7,"turns":7},{"damage":2,"enemies":"Exordium Wildlife","floor":11,"turns":2},{"damage":6,"enemies":"Blue Slaver","floor":12,"turns":2},{"damage":4,"enemies":"Looter","floor":14,"turns":2},{"damage":69,"enemies":"The Guardian","floor":16,"turns":13},{"damage":28,"enemies":"2 Thieves","floor":18,"turns":4},{"damage":22,"enemies":"Spheric Guardian","floor":19,"turns":5},{"damage":30,"enemies":"Snake Plant","floor":21,"turns":3},{"damage":33,"enemies":"Cultist and Chosen","floor":24,"turns":6},{"damage":2,"enemies":"Snecko","floor":27,"turns":3},{"damage":28,"enemies":"Chosen and Byrds","floor":28,"turns":6},{"damage":20,"enemies":"Centurion and Healer","floor":29,"turns":4},{"damage":0,"enemies":"Snake Plant","floor":31,"turns":1},{"damage":69,"enemies":"Automaton","floor":33,"turns":7},{"damage":13,"enemies":"3 Darklings","floor":35,"turns":3},{"damage":17,"enemies":"Giant Head","floor":41,"turns":5},{"damage":32,"enemies":"3 Shapes","floor":46,"turns":3},{"damage":13,"enemies":"Maw","floor":47,"turns":5},{"damage":114,"enemies":"Time Eater","floor":50,"turns":8}],"relics_obtained":[{"floor":4,"key":"Strawberry"},{"floor":7,"key":"Orichalcum"},{"floor":9,"key":"Regal Pillow"},{"floor":25,"key":"Necronomicon"},{"floor":26,"key":"Juzu Bracelet"},{"floor":41,"key":"Toxic Egg 2"},{"floor":43,"key":"Letter Opener"}],"event_choices":[{"event_name":"Golden Idol","player_choice":"Take Damage","floor":13,"damage_taken":0},{"event_name":"Drug Dealer","player_choice":"Got JAXXED","floor":20,"damage_taken":0},{"event_name":"Cursed Tome","player_choice":"Obtained Book","floor":25,"damage_taken":0},{"event_name":"Winding Halls","player_choice":"Embrace Madness","floor":37,"damage_taken":0},{"event_name":"The Lab","player_choice":"Got Potions","floor":39,"damage_taken":0},{"event_name":"The Moai Head","player_choice":"Gave Idol","floor":44,"damage_taken":0}],"boss_relics":[{"not_picked":["Runic Cube","Black Star"],"picked":"Lizard Tail"},{"not_picked":["Eternal Feather","Calling Bell"],"picked":"Tiny House"}],"items_purged_floors":[3,22,36],"potions_floor_spawned":[1,2,7,14,18,21,27,31,33,35,47],"seed_played":"-6174904745957743940","killed_by":"Time Eater","ascension_level":0,"potions_obtained":[{"floor":1,"key":"PowerPotion"},{"floor":2,"key":"Weak Potion"},{"floor":7,"key":"Fire Potion"},{"floor":14,"key":"Weak Potion"},{"floor":18,"key":"Dexterity Potion"},{"floor":21,"key":"Dexterity Potion"},{"floor":31,"key":"Strength Potion"},{"floor":33,"key":"Energy Potion"},{"floor":34,"key":"SteroidPotion"},{"floor":35,"key":"SkillPotion"},{"floor":47,"key":"Regen Potion"}],"is_trial":false}