{"gold_per_floor":[12,26,44,44,60,60,95,41,91,109,124,140,140,152,152,152],"floor_reached":16,"playtime":1240,"items_purged":[],"score":152,"play_id":"1702de7a-a2cf-4d92-b3dc-82fc576b9e33","local_time":"20180627163917","is_ascension_mode":true,"campfire_choices":[{"data":"Entrench","floor":6,"key":"SMITH"},{"floor":13,"key":"REST"},{"floor":15,"key":"REST"}],"neow_cost":"NO_GOLD","seed_source_timestamp":247792696254195,"circlet_count":0,"master_deck":["Strike_R","Strike_R","Strike_R","Strike_R","Strike_R","Defend_R","Defend_R","Defend_R","Defend_R","Bash","Feed","Armaments","Heavy Blade","Entrench+1","Intimidate","Iron Wave","Battle Trance","Iron Wave","Feed"],"relics":["Burning Blood","Mercury Hourglass","Orichalcum"],"potions_floor_usage":[10,10,16],"damage_taken":[{"damage":12,"enemies":"Small Slimes","floor":1,"turns":5},{"damage":14,"enemies":"Cultist","floor":2,"turns":5},{"damage":14,"enemies":"Jaw Worm","floor":3,"turns":4},{"damage":11,"enemies":"3 Louse","floor":5,"turns":3},{"damage":80,"enemies":"Lagavulin","floor":7,"turns":7},{"damage":8,"enemies":"Exordium Wildlife","floor":10,"turns":4},{"damage":3,"enemies":"Blue Slaver","floor":11,"turns":4},{"damage":6,"enemies":"Looter","floor":12,"turns":3},{"damage":7,"enemies":"Exordium Wildlife","floor":14,"turns":3},{"damage":84,"enemies":"Hexaghost","floor":16,"turns":11}],"seed_played":"-4494724284158467091","potions_obtained":[{"floor":2,"key":"SkillPotion"},{"floor":7,"key":"LiquidBronze"},{"floor":12,"key":"Fire Potion"},{"floor":14,"key":"SteroidPotion"}],"is_trial":false,"path_per_floor":["M","M","M","?","M","R","E","$","T","M","M","M","R","M","R"],"character_chosen":"IRONCLAD","items_purchased":["Iron Wave"],"campfire_rested":2,"item_purchase_floors":[8],"current_hp_per_floor":[77,69,61,83,81,81,10,10,10,11,17,20,49,51,81,0],"gold":152,"neow_bonus":"THREE_RARE_CARDS","is_prod":false,"is_daily":false,"chose_seed":false,"campfire_upgraded":1,"win_rate":0,"timestamp":1530131957,"path_taken":["M","M","M","?","M","R","E","$","T","M","M","M","R","M","R","BOSS"],"build_version":"2018-06-21v2","purchased_purges":0,"victory":false,"max_hp_per_floor":[83,83,83,83,86,86,89,89,89,92,95,98,98,101,101,101],"card_choices":[{"not_picked":["Limit Break","Exhume"],"picked":"Feed","floor":0},{"not_picked":["Anger","Shockwave"],"picked":"Armaments","floor":1},{"not_picked":["Feel No Pain","Wild Strike"],"picked":"Heavy Blade","floor":2},{"not_picked":["Havoc","Metallicize"],"picked":"Entrench","floor":3},{"not_picked":["Clothesline","Heavy Blade","Rupture"],"picked":"SKIP","floor":5},{"not_picked":["Infernal Blade","Bloodletting"],"picked":"Intimidate","floor":7},{"not_picked":["Intimidate","Cleave"],"picked":"Battle Trance","floor":10},{"not_picked":["Heavy Blade","True Grit"],"picked":"Iron Wave","floor":11},{"not_picked":["Wild Strike","Iron Wave"],"picked":"Feed","floor":12},{"not_picked":["Sword Boomerang","Clothesline","Sever Soul"],"picked":"SKIP","floor":14}],"player_experience":809442,"relics_obtained":[{"floor":7,"key":"Mercury Hourglass"},{"floor":9,"key":"Orichalcum"}],"event_choices":[{"event_name":"Big Fish","player_choice":"Banana","floor":4,"damage_taken":0}],"boss_relics":[],"items_purged_floors":[],"is_endless":false,"potions_floor_spawned":[2,7,12,14],"killed_by":"Hexaghost","ascension_level":4}