{"gold_per_floor":[17,34,52,52,64,64,64,23,91,104,120,120,120,130,130,203,203,222,222,222,222,272,272,197,197,197,197,197,197,177,190,190,190],"floor_reached":33,"playtime":1026,"items_purged":["Capacitor"],"score":443,"play_id":"773469a4-9f4a-461e-b753-6a64170782d0","local_time":"20190206022058","is_ascension_mode":true,"campfire_choices":[{"data":"Zap","floor":6,"key":"SMITH"},{"floor":12,"key":"REST"},{"data":"Leap","floor":15,"key":"SMITH"},{"data":"Melter","floor":23,"key":"SMITH"},{"data":"Sweeping Beam","floor":25,"key":"SMITH"},{"floor":32,"key":"REST"}],"neow_cost":"NO_GOLD","seed_source_timestamp":1202280646274939,"circlet_count":0,"master_deck":["AscendersBane","Strike_B+1","Strike_B","Strike_B+1","Defend_B","Defend_B+1","Defend_B","Defend_B+1","Zap+1","Sweeping Beam+1","Melter+1","Leap+1","Ball Lightning+1","Sweeping Beam+1","Hyperbeam+1","Hyperbeam+1"],"relics":["Cracked Core","Gambling Chip","Juzu Bracelet","Molten Egg 2","Snecko Eye","Whetstone"],"potions_floor_usage":[16,30,33,33],"damage_taken":[{"damage":2,"enemies":"Jaw Worm","floor":1,"turns":4},{"damage":1,"enemies":"2 Louse","floor":2,"turns":3},{"damage":0,"enemies":"Cultist","floor":3,"turns":3},{"damage":20,"enemies":"Gremlin Gang","floor":5,"turns":6},{"damage":1,"enemies":"Exordium Wildlife","floor":10,"turns":4},{"damage":0,"enemies":"2 Fungi Beasts","floor":11,"turns":3},{"damage":0,"enemies":"3 Louse","floor":14,"turns":3},{"damage":32,"enemies":"Hexaghost","floor":16,"turns":9},{"damage":14,"enemies":"Shell Parasite","floor":18,"turns":3},{"damage":0,"enemies":"Chosen","floor":31,"turns":2},{"damage":86,"enemies":"Collector","floor":33,"turns":7}],"seed_played":"-6136903677729240518","potions_obtained":[{"floor":1,"key":"Energy Potion"},{"floor":5,"key":"Block Potion"},{"floor":16,"key":"SkillPotion"},{"floor":18,"key":"FearPotion"},{"floor":30,"key":"Fruit Juice"},{"floor":31,"key":"Weak Potion"}],"is_trial":false,"path_per_floor":["M","M","M","?","M","R","?","?","T","M","M","R","?","M","R","B",null,"M","?","?","?","?","R","$","R","T","?","?","?","?","M","R","B"],"character_chosen":"DEFECT","items_purchased":[],"campfire_rested":2,"item_purchase_floors":[],"current_hp_per_floor":[62,61,61,40,20,20,9,9,9,8,8,29,34,34,34,2,58,44,44,44,44,44,44,44,44,44,59,59,59,64,64,81,0],"gold":190,"neow_bonus":"ONE_RARE_RELIC","is_prod":false,"is_daily":false,"chose_seed":false,"campfire_upgraded":4,"win_rate":0,"timestamp":1549441258,"path_taken":["M","M","M","?","M","R","?","?","T","M","M","R","?","M","R","BOSS","M","?","?","?","?","R","$","R","T","?","?","?","?","M","R","BOSS"],"build_version":"2019-01-23","purchased_purges":1,"victory":false,"max_hp_per_floor":[71,71,71,71,71,71,71,71,71,71,71,71,76,76,76,76,76,76,76,76,76,76,76,76,76,76,76,76,76,81,81,81,81],"card_choices":[{"not_picked":["Double Energy","Fusion","Turbo"],"picked":"SKIP","floor":1},{"not_picked":["Stack","Rip and Tear"],"picked":"Sweeping Beam","floor":2},{"not_picked":["Go for the Eyes","Recycle"],"picked":"Melter","floor":3},{"not_picked":["Aggregate","Skim"],"picked":"Leap","floor":5},{"not_picked":["Redo","Heatsinks"],"picked":"Ball Lightning+1","floor":10},{"not_picked":["Cold Snap+1","Gash+1"],"picked":"Sweeping Beam+1","floor":11},{"not_picked":["Hologram","Redo","Lockon+1"],"picked":"SKIP","floor":14},{"not_picked":["Amplify","Echo Form"],"picked":"Hyperbeam+1","floor":16},{"not_picked":["Chaos","Turbo","Tempest"],"picked":"SKIP","floor":18},{"not_picked":["Leap","Rebound+1","Aggregate"],"picked":"SKIP","floor":31}],"player_experience":789679,"relics_obtained":[{"floor":9,"key":"Molten Egg 2"},{"floor":26,"key":"Whetstone"}],"event_choices":[{"damage_healed":0,"gold_gain":0,"player_choice":"Entered Light","damage_taken":21,"max_hp_gain":0,"max_hp_loss":0,"event_name":"Shining Light","floor":4,"gold_loss":0,"cards_upgraded":["Defend_B","Defend_B"]},{"damage_healed":0,"gold_gain":0,"player_choice":"Success","damage_taken":11,"relics_obtained":["Juzu Bracelet"],"max_hp_gain":0,"max_hp_loss":0,"event_name":"Scrap Ooze","floor":7,"gold_loss":0},{"damage_healed":0,"gold_gain":0,"player_choice":"Left Gold","damage_taken":0,"max_hp_gain":0,"max_hp_loss":0,"event_name":"World of Goop","floor":8,"gold_loss":41},{"damage_healed":0,"gold_gain":0,"player_choice":"Donut","damage_taken":0,"max_hp_gain":5,"max_hp_loss":0,"event_name":"Big Fish","floor":13,"gold_loss":0},{"damage_healed":0,"gold_gain":0,"player_choice":"Copied","damage_taken":0,"max_hp_gain":0,"max_hp_loss":0,"event_name":"Duplicator","floor":19,"gold_loss":0,"cards_obtained":["Hyperbeam"]},{"damage_healed":0,"gold_gain":0,"cards_transformed":["Strike_B"],"player_choice":"Transformed","damage_taken":0,"max_hp_gain":0,"max_hp_loss":0,"event_name":"Transmorgrifier","floor":20,"gold_loss":0,"cards_obtained":["Capacitor"]},{"damage_healed":0,"gold_gain":0,"player_choice":"Ignored","damage_taken":0,"max_hp_gain":0,"max_hp_loss":0,"event_name":"The Mausoleum","floor":21,"gold_loss":0},{"damage_healed":0,"gold_gain":50,"player_choice":"Stole From Cult","damage_taken":0,"max_hp_gain":0,"max_hp_loss":0,"event_name":"Nest","floor":22,"gold_loss":0},{"damage_healed":15,"gold_gain":0,"player_choice":"Heal","damage_taken":0,"max_hp_gain":0,"max_hp_loss":0,"event_name":"The Library","floor":27,"gold_loss":0},{"cards_removed":["Dualcast"],"damage_healed":0,"gold_gain":0,"player_choice":"Offered Basic","damage_taken":0,"max_hp_gain":0,"max_hp_loss":0,"event_name":"Bonfire Elementals","floor":28,"gold_loss":0},{"damage_healed":0,"gold_gain":0,"player_choice":"Ignored","damage_taken":0,"max_hp_gain":0,"max_hp_loss":0,"event_name":"Vampires","floor":29,"gold_loss":0},{"damage_healed":0,"gold_gain":0,"player_choice":"Bought 1 Potion","damage_taken":0,"max_hp_gain":0,"max_hp_loss":0,"event_name":"The Woman in Blue","floor":30,"gold_loss":0}],"is_beta":true,"boss_relics":[{"not_picked":["Coffee Dripper","Busted Crown"],"picked":"Snecko Eye"}],"items_purged_floors":[24],"is_endless":false,"potions_floor_spawned":[1,5,10,11,16,18,31],"killed_by":"Collector","ascension_level":18}