{"gold_per_floor":[119,119,42,61,136,169,62,62,85,85,112,262,262,273,273,273],"floor_reached":16,"playtime":668,"items_purged":[],"score":255,"play_id":"4cf6bca0-daf9-46e0-880a-2f3de6c40923","local_time":"20190131154406","is_ascension_mode":true,"campfire_choices":[{"floor":8,"key":"REST"},{"data":"Zap","floor":10,"key":"SMITH"},{"data":"Coolheaded","floor":15,"key":"SMITH"}],"neow_cost":"NONE","seed_source_timestamp":616649537688358,"circlet_count":0,"master_deck":["AscendersBane","Strike_B","Strike_B","Strike_B","Strike_B","Defend_B","Defend_B","Defend_B","Defend_B","Zap+1","Dualcast+1","Capacitor+1","Capacitor","White Noise","Beam Cell","Loop","Coolheaded+1","Ball Lightning","Leap"],"relics":["Cracked Core","NeowsBlessing","Bottled Flame","Strawberry","Art of War"],"potions_floor_usage":[11,16],"damage_taken":[{"damage":0,"enemies":"Jaw Worm","floor":1,"turns":1},{"damage":0,"enemies":"Small Slimes","floor":4,"turns":1},{"damage":0,"enemies":"Gremlin Nob","floor":6,"turns":1},{"damage":14,"enemies":"3 Sentries","floor":11,"turns":8},{"damage":15,"enemies":"2 Louse","floor":14,"turns":2},{"damage":39,"enemies":"Hexaghost","floor":16,"turns":11}],"seed_played":"332561173775095719","potions_obtained":[{"floor":1,"key":"SkillPotion"},{"floor":4,"key":"PowerPotion"},{"floor":6,"key":"Fire Potion"}],"is_trial":false,"path_per_floor":["M","?","$","M","?","E","$","R","T","R","E","?","?","M","R","B"],"character_chosen":"DEFECT","items_purchased":["Capacitor","Loop","Coolheaded"],"campfire_rested":1,"item_purchase_floors":[3,7,7],"current_hp_per_floor":[64,43,43,43,32,32,32,53,60,60,46,46,46,31,31,0],"gold":273,"neow_bonus":"THREE_ENEMY_KILL","is_prod":false,"is_daily":false,"chose_seed":false,"campfire_upgraded":2,"win_rate":0,"timestamp":1548967446,"path_taken":["M","?","$","M","?","E","$","R","T","R","E","?","?","?","R","BOSS"],"build_version":"2019-01-23","purchased_purges":0,"victory":false,"max_hp_per_floor":[71,71,71,71,71,71,71,71,78,78,78,78,78,78,78,78],"card_choices":[{"not_picked":["Self Repair","Conserve Battery"],"picked":"Capacitor","floor":1},{"not_picked":["Hello World","BootSequence"],"picked":"White Noise","floor":4},{"not_picked":["Barrage","Stack"],"picked":"Beam Cell","floor":6},{"not_picked":["Tempest","Sunder"],"picked":"Ball Lightning","floor":11},{"not_picked":["Steam","Redo"],"picked":"Leap","floor":14}],"player_experience":2248943,"relics_obtained":[{"floor":6,"key":"Bottled Flame"},{"floor":9,"key":"Strawberry"},{"floor":11,"key":"Art of War"}],"event_choices":[{"damage_healed":0,"gold_gain":0,"player_choice":"Entered Light","damage_taken":21,"max_hp_gain":0,"max_hp_loss":0,"event_name":"Shining Light","floor":2,"gold_loss":0,"cards_upgraded":["Capacitor","Dualcast"]},{"damage_healed":0,"gold_gain":75,"player_choice":"Gather Gold","damage_taken":11,"max_hp_gain":0,"max_hp_loss":0,"event_name":"World of Goop","floor":5,"gold_loss":0},{"damage_healed":0,"gold_gain":150,"player_choice":"AGREE","damage_taken":0,"max_hp_gain":0,"max_hp_loss":0,"event_name":"Liars Game","floor":12,"gold_loss":0,"cards_obtained":["Doubt"]},{"cards_removed":["Doubt"],"damage_healed":0,"gold_gain":0,"player_choice":"Removed Curses","damage_taken":0,"max_hp_gain":0,"max_hp_loss":0,"event_name":"Fountain of Cleansing","floor":13,"gold_loss":0}],"is_beta":false,"boss_relics":[],"items_purged_floors":[],"is_endless":false,"potions_floor_spawned":[1,4,6],"killed_by":"Hexaghost","ascension_level":19}