{"gold_per_floor":[114,114,133,23,23,23,33,33,33,108,119,119,146,158,158,236,236,252,302,56,48,48,48,61,61,86,101,26,26],"floor_reached":29,"playtime":1216,"items_purged":[],"score":424,"play_id":"15353dd3-e2ed-46d4-a893-260b866a94c3","local_time":"20190101212900","is_ascension_mode":true,"campfire_choices":[{"data":"Defragment","floor":6,"key":"SMITH"},{"data":"Sunder","floor":8,"key":"SMITH"},{"data":"Conserve Battery","floor":15,"key":"SMITH"},{"floor":23,"key":"REST"},{"floor":25,"key":"REST"}],"neow_cost":"NONE","seed_source_timestamp":1100934286784889,"circlet_count":0,"master_deck":["AscendersBane","Strike_B","Strike_B","Strike_B","Defend_B","Defend_B","Defend_B","Defend_B","Zap+1","Dualcast","Glacier","Leap","Defragment+1","Self Repair","Leap","Sunder+1","Conserve Battery+1","Core Surge","Beam Cell","Buffer","Capacitor","Ball Lightning","Dodge and Roll+1","Infinite Blades+1"],"relics":["Cracked Core","NeowsBlessing","Pantograph","Bottled Flame","Dodecahedron","Sozu","PrismaticShard"],"potions_floor_usage":[13,16,29],"damage_taken":[{"damage":0,"enemies":"Jaw Worm","floor":1,"turns":1},{"damage":0,"enemies":"Cultist","floor":3,"turns":1},{"damage":0,"enemies":"Small Slimes","floor":7,"turns":1},{"damage":6,"enemies":"Blue Slaver","floor":11,"turns":3},{"damage":15,"enemies":"3 Sentries","floor":13,"turns":14},{"damage":0,"enemies":"Exordium Wildlife","floor":14,"turns":4},{"damage":16,"enemies":"Hexaghost","floor":16,"turns":12},{"damage":16,"enemies":"Chosen","floor":18,"turns":5},{"damage":29,"enemies":"2 Thieves","floor":21,"turns":4},{"damage":35,"enemies":"Shelled Parasite and Fungi","floor":24,"turns":6},{"damage":34,"enemies":"3 Cultists","floor":27,"turns":7},{"damage":23,"enemies":"Centurion and Healer","floor":29,"turns":1}],"seed_played":"3645641472509413615","potions_obtained":[{"floor":11,"key":"Block Potion"},{"floor":13,"key":"Regen Potion"},{"floor":16,"key":"Strength Potion"}],"is_trial":false,"path_per_floor":["M","?","M","$","?","R","M","R","T","?","M","T","E","M","R","B",null,"M","?","$","M","?","R","M","R","T","M","?","M"],"character_chosen":"DEFECT","items_purchased":["Self Repair","Leap","PrismaticShard","Ball Lightning"],"campfire_rested":2,"item_purchase_floors":[4,4,20,20],"current_hp_per_floor":[64,64,64,64,64,64,64,64,64,53,54,54,46,53,53,71,71,62,62,62,33,33,54,26,47,47,20,20,0],"gold":26,"neow_bonus":"THREE_ENEMY_KILL","is_prod":false,"is_daily":false,"chose_seed":false,"campfire_upgraded":3,"win_rate":0,"timestamp":1546396140,"path_taken":["M","?","?","$","?","R","M","R","T","?","M","?","E","M","R","BOSS","M","?","$","M","?","R","M","R","T","M","?","M"],"build_version":"2018-12-20","purchased_purges":0,"victory":false,"max_hp_per_floor":[71,71,71,71,71,71,71,71,71,71,71,71,71,71,71,71,71,71,71,71,71,71,71,71,71,71,71,71,71],"card_choices":[{"not_picked":["Consume","Steam"],"picked":"Glacier","floor":1},{"not_picked":["Darkness","Beam Cell"],"picked":"Defragment","floor":3},{"not_picked":["Streamline","Compile Driver"],"picked":"Sunder","floor":7},{"not_picked":["Compile Driver","Cold Snap"],"picked":"Conserve Battery","floor":11},{"not_picked":["Reboot","Compile Driver"],"picked":"Core Surge","floor":13},{"not_picked":["Blizzard","Double Energy"],"picked":"Beam Cell","floor":14},{"not_picked":["Seek","Amplify"],"picked":"Buffer","floor":16},{"not_picked":["Rip and Tear","Scrape"],"picked":"Capacitor","floor":18},{"not_picked":["Wild Strike","Searing Blow","Accuracy"],"picked":"SKIP","floor":21},{"not_picked":["Sword Boomerang","Quick Slash"],"picked":"Dodge and Roll+1","floor":24},{"not_picked":["Stack","Capacitor"],"picked":"Infinite Blades+1","floor":27}],"player_experience":1985272,"relics_obtained":[{"floor":9,"key":"Pantograph"},{"floor":12,"key":"Bottled Flame"},{"floor":13,"key":"Dodecahedron"}],"event_choices":[{"damage_healed":0,"gold_gain":0,"player_choice":"1 cards matched","damage_taken":0,"max_hp_gain":0,"max_hp_loss":0,"event_name":"Match and Keep!","floor":2,"gold_loss":0,"cards_obtained":["Leap"]},{"damage_healed":0,"gold_gain":0,"player_choice":"Grow","damage_taken":0,"max_hp_gain":0,"max_hp_loss":0,"event_name":"Living Wall","floor":5,"gold_loss":0,"cards_upgraded":["Zap"]},{"damage_healed":0,"gold_gain":75,"player_choice":"Gather Gold","damage_taken":11,"max_hp_gain":0,"max_hp_loss":0,"event_name":"World of Goop","floor":10,"gold_loss":0},{"damage_healed":0,"gold_gain":50,"player_choice":"Stole From Cult","damage_taken":0,"max_hp_gain":0,"max_hp_loss":0,"event_name":"Nest","floor":19,"gold_loss":0},{"damage_healed":0,"gold_gain":0,"player_choice":"Ignored","damage_taken":0,"max_hp_gain":0,"max_hp_loss":0,"event_name":"Vampires","floor":22,"gold_loss":0},{"cards_removed":["Strike_B"],"damage_healed":0,"gold_gain":0,"player_choice":"Gave Gold","damage_taken":0,"max_hp_gain":0,"max_hp_loss":0,"event_name":"Beggar","floor":28,"gold_loss":75}],"is_beta":false,"boss_relics":[{"not_picked":["White Beast Statue","Ectoplasm"],"picked":"Sozu"}],"items_purged_floors":[],"is_endless":false,"potions_floor_spawned":[1,11,13,16,18,21,24],"killed_by":"Centurion and Healer","ascension_level":18}