{"gold_per_floor":[116,38,38,49,69,69,69,69,69,84,111,68,100,114,114,187,187,198,26,26,40,40,40],"floor_reached":23,"playtime":1012,"items_purged":[],"score":388,"play_id":"dcec37bc-7959-4a1c-872d-4ce7d78f67a9","local_time":"20190209172626","is_ascension_mode":true,"campfire_choices":[{"data":"Leg Sweep","floor":6.0,"key":"SMITH"},{"data":"Calculated Gamble","floor":8.0,"key":"SMITH"},{"floor":15.0,"key":"REST"}],"neow_cost":"PERCENT_DAMAGE","seed_source_timestamp":63681861100368,"circlet_count":0,"master_deck":["AscendersBane","Defend_G","Defend_G","Defend_G","Defend_G","Defend_G","Survivor","Neutralize","Calculated Gamble+1","Leg Sweep+1","Quick Slash","Well Laid Plans","Neutralize","Tools of the Trade","Envenom","Slice","Backstab","A Thousand Cuts","Cloak And Dagger","A Thousand Cuts","Bouncing Flask+1","Malaise+1","Die Die Die+1","Dash"],"special_seed":0,"relics":["Ring of the Snake","Sundial","Pen Nib","Du-Vu Doll","Astrolabe","PreservedInsect"],"potions_floor_usage":[23],"damage_taken":[{"damage":2.0,"enemies":"2 Louse","floor":1.0,"turns":4.0},{"damage":17.0,"enemies":"Cultist","floor":4.0,"turns":7.0},{"damage":0.0,"enemies":"Jaw Worm","floor":5.0,"turns":4.0},{"damage":1.0,"enemies":"3 Louse","floor":10.0,"turns":5.0},{"damage":7.0,"enemies":"Lagavulin","floor":11.0,"turns":6.0},{"damage":16.0,"enemies":"Gremlin Nob","floor":13.0,"turns":4.0},{"damage":0.0,"enemies":"Gremlin Gang","floor":14.0,"turns":5.0},{"damage":19,"enemies":"Slime Boss","floor":16,"turns":10},{"damage":17,"enemies":"Chosen","floor":18,"turns":4},{"damage":2,"enemies":"2 Thieves","floor":21,"turns":2},{"damage":32,"enemies":"Book of Stabbing","floor":23,"turns":6}],"seed_played":"-3783412536099965798","potions_obtained":[{"floor":1.0,"key":"SkillPotion"},{"floor":10.0,"key":"Poison Potion"},{"floor":11.0,"key":"Dexterity Potion"},{"floor":18,"key":"Swift Potion"}],"is_trial":false,"path_per_floor":["M","$","?","M","M","R","?","R","T","M","E","$","E","M","R","B",null,"M","$","?","M","$","E"],"character_chosen":"THE_SILENT","items_purchased":["Leg Sweep","Backstab","PreservedInsect"],"campfire_rested":1,"item_purchase_floors":[2,12,19],"current_hp_per_floor":[42,42,42,25,25,25,25,25,25,24,17,17,1,1,20,1,50,33,33,33,31,31,0],"gold":40,"neow_bonus":"REMOVE_TWO","is_prod":false,"is_daily":false,"chose_seed":false,"campfire_upgraded":2,"win_rate":0,"timestamp":1549729586,"path_taken":["M","$","?","M","M","R","?","R","T","M","E","$","E","M","R","BOSS","M","$","?","M","$","E"],"build_version":"2019-01-23","purchased_purges":0,"victory":false,"max_hp_per_floor":[66,66,66,66,66,66,66,66,66,66,66,66,66,66,66,66,66,66,66,66,66,66,66],"card_choices":[{"not_picked":["Dodge and Roll","Underhanded Strike"],"picked":"Calculated Gamble","floor":1.0},{"not_picked":["Prepared","Dagger Throw"],"picked":"Quick Slash","floor":4.0},{"not_picked":["Flying Knee","PiercingWail"],"picked":"Well Laid Plans","floor":5.0},{"not_picked":["Reflex","Backflip"],"picked":"Envenom","floor":10.0},{"not_picked":["Flying Knee","Eviscerate"],"picked":"Slice","floor":11.0},{"not_picked":["Catalyst","Finisher"],"picked":"A Thousand Cuts","floor":13.0},{"not_picked":["Dodge and Roll","Quick Slash"],"picked":"Cloak And Dagger","floor":14.0},{"not_picked":["Die Die Die","Glass Knife"],"picked":"A Thousand Cuts","floor":16},{"not_picked":["Sucker Punch","Deadly Poison","Prepared"],"picked":"SKIP","floor":18},{"not_picked":["Bane+1","Sucker Punch"],"picked":"Dash","floor":21}],"player_experience":1380751,"relics_obtained":[{"floor":9.0,"key":"Sundial"},{"floor":11.0,"key":"Pen Nib"},{"floor":13.0,"key":"Du-Vu Doll"}],"event_choices":[{"damage_healed":0.0,"max_hp_gain":0.0,"max_hp_loss":0.0,"gold_gain":0.0,"event_name":"Scrap Ooze","player_choice":"Fled","floor":3.0,"gold_loss":0.0,"damage_taken":0.0},{"damage_healed":0.0,"max_hp_gain":0.0,"max_hp_loss":0.0,"gold_gain":0.0,"event_name":"Match and Keep!","player_choice":"2 cards matched","floor":7.0,"gold_loss":0.0,"damage_taken":0.0,"cards_obtained":["Neutralize","Tools of the Trade"]},{"damage_healed":0,"gold_gain":0,"player_choice":"Ignored","damage_taken":0,"max_hp_gain":0,"max_hp_loss":0,"event_name":"Ghosts","floor":20,"gold_loss":0}],"is_beta":false,"boss_relics":[{"not_picked":["Fusion Hammer","Runic Pyramid"],"picked":"Astrolabe"}],"items_purged_floors":[],"is_endless":false,"potions_floor_spawned":[1,10,11,18],"killed_by":"Book of Stabbing","ascension_level":19}