{"path_per_floor":["M","?","?","$","T","R","M","M","T","?","M","$","M","$","R"],"character_chosen":"IRONCLAD","items_purchased":["Anger"],"gold_per_floor":[109,109,109,34,34,34,53,70,94,94,119,19,32,9,9,9],"floor_reached":16,"campfire_rested":1,"playtime":428,"item_purchase_floors":[14],"current_hp_per_floor":[80,73,73,73,73,73,68,74,74,54,49,49,44,44,68,0],"items_purged":["Strike_R","Strike_R"],"gold":9,"score":90,"play_id":"3d798835-d06d-44a3-97a0-15bbb7505698","local_time":"20180526183536","is_prod":false,"is_daily":false,"chose_seed":false,"is_ascension_mode":false,"campfire_upgraded":1,"win_rate":0.0,"timestamp":1527377736,"campfire_choices":[{"data":"Limit Break","floor":6,"key":"SMITH"},{"floor":15,"key":"REST"}],"path_taken":["M","?","?","$","?","R","?","?","T","?","?","$","M","$","R","BOSS"],"build_version":"2018-05-25","seed_source_timestamp":322868847906063,"purchased_purges":2,"victory":false,"master_deck":["Strike_R","Strike_R","Strike_R","Defend_R","Defend_R","Defend_R","Bash+1","Limit Break+1","Anger","Thunderclap","Anger"],"max_hp_per_floor":[80,80,80,80,80,80,80,80,80,80,80,80,80,80,80,80],"relics":["Burning Blood","Meat on the Bone","Lantern","Golden Idol"],"card_choices":[{"not_picked":["Heavy Blade","Entrench"],"picked":"Anger","floor":1},{"not_picked":["Clothesline","Clash"],"picked":"Thunderclap","floor":7},{"not_picked":["Warcry","Sword Boomerang","Second Wind"],"picked":"SKIP","floor":8},{"not_picked":["Battle Trance","Flame Barrier","Warcry"],"picked":"SKIP","floor":11},{"not_picked":["Corruption","Shrug It Off","Bloodletting"],"picked":"SKIP","floor":13}],"player_experience":147654,"potions_floor_usage":[13],"damage_taken":[{"damage":0,"enemies":"Small Slimes","floor":1,"turns":3},{"damage":11,"enemies":"Jaw Worm","floor":7,"turns":4},{"damage":0,"enemies":"2 Louse","floor":8,"turns":2},{"damage":11,"enemies":"Exordium Wildlife","floor":11,"turns":4},{"damage":23,"enemies":"Exordium Thugs","floor":13,"turns":7},{"damage":70,"enemies":"The Guardian","floor":16,"turns":13}],"relics_obtained":[{"floor":5,"key":"Meat on the Bone"},{"floor":9,"key":"Lantern"}],"event_choices":[{"event_name":"Golden Wing","player_choice":"Card Removal","floor":2,"damage_taken":0},{"event_name":"Living Wall","player_choice":"Grow","floor":3,"damage_taken":0},{"event_name":"Golden Idol","player_choice":"Take Damage","floor":10,"damage_taken":0}],"boss_relics":[],"items_purged_floors":[4,12],"potions_floor_spawned":[11],"seed_played":"-2165660281072650375","killed_by":"The Guardian","ascension_level":0,"potions_obtained":[{"floor":11,"key":"Weak Potion"}],"is_trial":false}