{"gold_per_floor":[115,127,138,138,47,73,103,127,150,150,150,162,162,87,87,159,159,159],"floor_reached":18,"playtime":795,"items_purged":["Strike_R"],"score":292,"play_id":"258401bb-88e7-424d-b52a-4ee7e1872580","local_time":"20190215113628","is_ascension_mode":true,"campfire_choices":[{"data":"Armaments","floor":10,"key":"SMITH"},{"data":"Spot Weakness","floor":13,"key":"SMITH"},{"data":"Uppercut","floor":15,"key":"SMITH"}],"neow_cost":"PERCENT_DAMAGE","seed_source_timestamp":115392494559418,"circlet_count":0,"master_deck":["AscendersBane","Strike_R","Strike_R","Defend_R","Defend_R","Defend_R","Defend_R","Bash","Reaper","Ghostly Armor","Sword Boomerang","Rage","Spot Weakness+1","Flash of Steel","Armaments+1","Uppercut+1","Double Tap"],"relics":["Burning Blood","Pen Nib","Odd Mushroom","Red Skull","Eternal Feather"],"potions_floor_usage":[6,16,16],"damage_taken":[{"damage":13,"enemies":"Cultist","floor":1,"turns":5},{"damage":12,"enemies":"Small Slimes","floor":2,"turns":4},{"damage":4,"enemies":"Jaw Worm","floor":3,"turns":6},{"damage":14,"enemies":"3 Sentries","floor":6,"turns":9},{"damage":29,"enemies":"The Mushroom Lair","floor":8,"turns":5},{"damage":6,"enemies":"Looter","floor":12,"turns":2},{"damage":45,"enemies":"Hexaghost","floor":16,"turns":12},{"damage":70,"enemies":"3 Byrds","floor":18,"turns":7}],"seed_played":"710313175545344153","potions_obtained":[{"floor":3,"key":"SkillPotion"},{"floor":6,"key":"Block Potion"},{"floor":12,"key":"Block Potion"}],"is_trial":false,"path_per_floor":["M","M","M","?","$","E","?","?","T","R","?","M","R","$","R","B",null,"M"],"character_chosen":"IRONCLAD","items_purchased":["Flash of Steel"],"campfire_rested":0,"item_purchase_floors":[5],"current_hp_per_floor":[47,45,53,53,53,66,66,52,52,52,52,52,52,52,52,17,61,0],"gold":159,"neow_bonus":"THREE_RARE_CARDS","is_prod":false,"is_daily":false,"chose_seed":false,"campfire_upgraded":3,"win_rate":0,"timestamp":1550248588,"path_taken":["M","?","M","?","$","E","?","?","T","R","?","M","R","$","R","BOSS","M"],"build_version":"2019-01-23","purchased_purges":1,"victory":false,"max_hp_per_floor":[75,75,75,75,75,75,75,75,75,75,75,75,75,75,75,75,75,75],"card_choices":[{"not_picked":["Double Tap","Brutality"],"picked":"Reaper","floor":0},{"not_picked":["Heavy Blade","Sword Boomerang"],"picked":"Ghostly Armor","floor":1},{"not_picked":["Iron Wave","Heavy Blade"],"picked":"Sword Boomerang","floor":2},{"not_picked":["Inflame","Headbutt"],"picked":"Rage","floor":3},{"not_picked":["Corruption","Warcry","Power Through"],"picked":"SKIP","floor":6},{"not_picked":["Clothesline","Barricade"],"picked":"Armaments","floor":8},{"not_picked":["Anger","Inflame"],"picked":"Uppercut","floor":12},{"not_picked":["Dark Embrace","Brutality"],"picked":"Double Tap","floor":16}],"player_experience":2438913,"relics_obtained":[{"floor":6,"key":"Pen Nib"},{"floor":8,"key":"Odd Mushroom"},{"floor":9,"key":"Red Skull"}],"event_choices":[{"damage_healed":0,"gold_gain":0,"cards_transformed":["Strike_R"],"player_choice":"Change","damage_taken":0,"max_hp_gain":0,"max_hp_loss":0,"event_name":"Living Wall","floor":4,"gold_loss":0,"cards_obtained":["Spot Weakness"]},{"damage_healed":0,"gold_gain":30,"player_choice":"Searched \u00271\u0027 times","damage_taken":0,"max_hp_gain":0,"max_hp_loss":0,"event_name":"Dead Adventurer","floor":7,"gold_loss":0},{"damage_healed":0,"gold_gain":0,"player_choice":"Fought Mushrooms","damage_taken":0,"max_hp_gain":0,"max_hp_loss":0,"event_name":"Mushrooms","floor":8,"gold_loss":0},{"cards_removed":["Strike_R"],"damage_healed":0,"gold_gain":0,"player_choice":"Purged","damage_taken":0,"max_hp_gain":0,"max_hp_loss":0,"event_name":"Purifier","floor":11,"gold_loss":0}],"is_beta":false,"boss_relics":[{"not_picked":["Philosopher\u0027s Stone","Runic Pyramid"],"picked":"Eternal Feather"}],"items_purged_floors":[14],"is_endless":false,"potions_floor_spawned":[3,6,12],"killed_by":"3 Byrds","ascension_level":17}