{"gold_per_floor":[144,189,234,234,409,499,589,94,94,94,35,80,170,260,260,560,560,605,5,50,95,140,230,230,230,255,345,435,534,624,80,80,380,380,425,425,425,470,113,203,248,293,293,343,143,233,278,368,368,368],"floor_reached":51,"playtime":3242,"items_purged":["Doubt"],"score":1391,"play_id":"f4395e63-5d2d-4d8d-af7d-504831a1237b","local_time":"20190118141416","daily_mods":["Shiny","Flight","Midas"],"is_ascension_mode":false,"campfire_choices":[{"floor":10.0,"key":"REST"},{"floor":15.0,"key":"REST"},{"floor":32.0,"key":"REST"},{"floor":49,"key":"REST"}],"neow_cost":"","seed_source_timestamp":0,"circlet_count":0,"master_deck":["Venomology+1","Corpse Explosion+1","Malaise+1","Phantasmal Killer+1","Die Die Die+1","Adrenaline+1","Envenom+1","Doppelganger+1","Burst+1","Wraith Form v2+1","Tools of the Trade+1","Night Terror+1","Unload+1","After Image+1","Bullet Time+1","Storm of Steel+1","Glass Knife+1","A Thousand Cuts+1","Grand Finale+1","Backstab+1","Crippling Poison+1","Noxious Fumes+1","Quick Slash+1","Backstab+1","Noxious Fumes+1","Well Laid Plans+1","Cloak And Dagger+1","Calculated Gamble+1","PiercingWail+1","Writhe","Clumsy","Pain","Backflip+1","Calculated Gamble+1","Caltrops+1","Backflip+1","Footwork+1","Doppelganger+1","Dodge and Roll+1","Dagger Spray+1","Adrenaline+1","Malaise+1","Footwork+1"],"special_seed":17914,"relics":["Ring of the Snake","Mummified Hand","The Courier","Mercury Hourglass","Regal Pillow","Pear","Strawberry","FossilizedHelix","Calling Bell","Omamori","Blue Candle","Torii","Bird Faced Urn","Anchor","Thread and Needle","Smiling Mask","Bronze Scales","Ninja Scroll","Matryoshka","Centennial Puzzle","Toolbox","War Paint","Toxic Egg 2","Fusion Hammer","Mark of the Bloom","Calipers","Bottled Lightning","Bag of Preparation","Orichalcum","Letter Opener","Art of War","Paper Crane","Shuriken","Kunai"],"potions_floor_usage":[40,46,47,50,50,50,50],"damage_taken":[{"damage":13.0,"enemies":"Jaw Worm","floor":1.0,"turns":5.0},{"damage":0.0,"enemies":"2 Louse","floor":2.0,"turns":2.0},{"damage":0.0,"enemies":"Cultist","floor":3.0,"turns":3.0},{"damage":22.0,"enemies":"Gremlin Nob","floor":6.0,"turns":5.0},{"damage":6.0,"enemies":"Lagavulin","floor":7.0,"turns":5.0},{"damage":8.0,"enemies":"Lots of Slimes","floor":12.0,"turns":2.0},{"damage":0.0,"enemies":"3 Sentries","floor":13.0,"turns":2.0},{"damage":0.0,"enemies":"Gremlin Nob","floor":14.0,"turns":2.0},{"damage":0.0,"enemies":"Slime Boss","floor":16.0,"turns":6.0},{"damage":3.0,"enemies":"Chosen","floor":18.0,"turns":3.0},{"damage":0.0,"enemies":"3 Byrds","floor":20.0,"turns":3.0},{"damage":0.0,"enemies":"Snecko","floor":21.0,"turns":4.0},{"damage":0.0,"enemies":"Centurion and Healer","floor":22.0,"turns":4.0},{"damage":8.0,"enemies":"Slavers","floor":23.0,"turns":3.0},{"damage":0.0,"enemies":"Gremlin Leader","floor":27.0,"turns":4.0},{"damage":0.0,"enemies":"Slavers","floor":28.0,"turns":4.0},{"damage":0.0,"enemies":"Book of Stabbing","floor":30.0,"turns":5.0},{"damage":1.0,"enemies":"Collector","floor":33.0,"turns":9.0},{"damage":0,"enemies":"3 Darklings","floor":35,"turns":4},{"damage":0,"enemies":"Orb Walker","floor":38,"turns":2},{"damage":0,"enemies":"Giant Head","floor":40,"turns":7},{"damage":0,"enemies":"Maw","floor":41,"turns":5},{"damage":0,"enemies":"Sphere and 2 Shapes","floor":42,"turns":3},{"damage":0,"enemies":"Nemesis","floor":46,"turns":5},{"damage":0,"enemies":"Transient","floor":47,"turns":5},{"damage":0,"enemies":"Giant Head","floor":48,"turns":7},{"damage":0,"enemies":"Awakened One","floor":50,"turns":8}],"seed_played":"-3106204693525257562","potions_obtained":[{"floor":3.0,"key":"EssenceOfSteel"},{"floor":6.0,"key":"LiquidBronze"},{"floor":13.0,"key":"SteroidPotion"},{"floor":21.0,"key":"Swift Potion"},{"floor":23.0,"key":"GamblersBrew"},{"floor":30.0,"key":"Weak Potion"},{"floor":33.0,"key":"Dexterity Potion"},{"floor":41,"key":"EssenceOfSteel"},{"floor":42,"key":"LiquidBronze"},{"floor":47,"key":"SpeedPotion"}],"is_trial":false,"path_per_floor":["M","M","M","?","?","E","E","$","T","R","$","M","E","E","R","B",null,"M","$","M","M","M","E","?","?","T","E","E","?","E","$","R","B",null,"M","?","?","M","$","E","M","M","T","T","$","E","M","E","R","B",null],"character_chosen":"THE_SILENT","items_purchased":["Backstab","Noxious Fumes","Mercury Hourglass","Regal Pillow","Well Laid Plans","Bird Faced Urn","Anchor","Thread and Needle","Footwork","Toolbox","War Paint","Toxic Egg 2","Calipers","Adrenaline+1","Paper Crane"],"campfire_rested":4,"item_purchase_floors":[8,8,8,8,11,19,19,19,31,31,31,31,39,39,45],"current_hp_per_floor":[57,57,57,57,57,35,29,29,39,78,78,70,77,77,87,87,87,84,84,86,87,87,79,79,79,79,87,87,87,87,87,87,87,87,87,87,87,87,87,87,87,87,87,87,87,87,87,87,87,87],"gold":368,"neow_bonus":"","is_prod":false,"is_daily":true,"chose_seed":false,"campfire_upgraded":0,"win_rate":0,"timestamp":1547817256,"path_taken":["M","M","M","?","?","E","E","$","T","R","?","M","E","E","R","BOSS","M","$","?","M","?","E","?","?","T","E","E","?","E","?","R","BOSS","M","?","?","M","$","E","M","?","T","?","$","E","?","E","R","BOSS"],"build_version":"2019-01-17v2","purchased_purges":1,"victory":true,"max_hp_per_floor":[70,70,70,70,70,70,70,70,80,80,80,80,87,87,87,87,87,87,87,87,87,87,87,87,87,87,87,87,87,87,87,87,87,87,87,87,87,87,87,87,87,87,87,87,87,87,87,87,87,87],"card_choices":[{"not_picked":["Blur","Predator"],"picked":"Backstab","floor":1.0},{"not_picked":["Quick Slash","PiercingWail"],"picked":"Crippling Poison","floor":2.0},{"not_picked":["Outmaneuver","Prepared","Bane"],"picked":"SKIP","floor":3.0},{"not_picked":["Unload","Flying Knee"],"picked":"Noxious Fumes","floor":6.0},{"not_picked":["Distraction","Finisher"],"picked":"Quick Slash","floor":7.0},{"not_picked":["Acrobatics","Sucker Punch"],"picked":"Cloak And Dagger","floor":12.0},{"not_picked":["Quick Slash","Bane"],"picked":"Calculated Gamble","floor":13.0},{"not_picked":["Underhanded Strike","Slice"],"picked":"PiercingWail","floor":14.0},{"not_picked":["Setup","Accuracy+1"],"picked":"Backflip","floor":18.0},{"not_picked":["Skewer","PiercingWail"],"picked":"Calculated Gamble","floor":20.0},{"not_picked":["Dagger Spray","Bouncing Flask","Poisoned Stab"],"picked":"SKIP","floor":21.0},{"not_picked":["Riddle With Holes","Bane","Noxious Fumes"],"picked":"SKIP","floor":22.0},{"not_picked":["Prepared","Poisoned Stab"],"picked":"Caltrops","floor":23.0},{"not_picked":["Unload","Sucker Punch"],"picked":"Backflip+1","floor":27.0},{"not_picked":["Deflect","Dagger Spray","Accuracy+1"],"picked":"SKIP","floor":28.0},{"not_picked":["Flying Knee","Envenom","Reflex+1"],"picked":"SKIP","floor":30.0},{"not_picked":["Unload","Glass Knife"],"picked":"Doppelganger+1","floor":33.0},{"not_picked":["Escape Plan+1","Acrobatics+1"],"picked":"Dodge and Roll+1","floor":35},{"not_picked":["Tactician+1","Poisoned Stab"],"picked":"Dagger Spray+1","floor":38},{"not_picked":["Quick Slash+1","Well Laid Plans","Prepared+1"],"picked":"SKIP","floor":40},{"not_picked":["Escape Plan+1","Outmaneuver+1"],"picked":"Malaise+1","floor":41},{"not_picked":["Flying Knee","Bane+1","Deflect+1"],"picked":"SKIP","floor":42},{"not_picked":["Eviscerate+1","Underhanded Strike","Dagger Spray"],"picked":"SKIP","floor":46},{"not_picked":["Quick Slash","PiercingWail+1"],"picked":"Footwork+1","floor":47},{"not_picked":["Flying Knee","Underhanded Strike+1","Caltrops+1"],"picked":"SKIP","floor":48}],"player_experience":1908283,"relics_obtained":[{"floor":6.0,"key":"Mummified Hand"},{"floor":7.0,"key":"The Courier"},{"floor":9.0,"key":"Pear"},{"floor":13.0,"key":"Strawberry"},{"floor":14.0,"key":"FossilizedHelix"},{"floor":17.0,"key":"Omamori"},{"floor":17.0,"key":"Blue Candle"},{"floor":17.0,"key":"Torii"},{"floor":23.0,"key":"Smiling Mask"},{"floor":26.0,"key":"Bronze Scales"},{"floor":27.0,"key":"Ninja Scroll"},{"floor":28.0,"key":"Matryoshka"},{"floor":30.0,"key":"Centennial Puzzle"},{"floor":40,"key":"Bottled Lightning"},{"floor":43,"key":"Bag of Preparation"},{"floor":43,"key":"Orichalcum"},{"floor":44,"key":"Letter Opener"},{"floor":44,"key":"Art of War"},{"floor":46,"key":"Shuriken"},{"floor":48,"key":"Kunai"}],"event_choices":[{"damage_healed":0.0,"max_hp_gain":0.0,"max_hp_loss":0.0,"gold_gain":0.0,"event_name":"The Cleric","player_choice":"Leave","floor":4.0,"gold_loss":0.0,"damage_taken":0.0},{"damage_healed":0.0,"max_hp_gain":0.0,"max_hp_loss":0.0,"gold_gain":175.0,"event_name":"Liars Game","player_choice":"AGREE","floor":5.0,"gold_loss":0.0,"damage_taken":0.0,"cards_obtained":["Doubt"]},{"damage_healed":0.0,"max_hp_gain":0.0,"max_hp_loss":0.0,"gold_gain":0.0,"event_name":"Beggar","player_choice":"Ignored","floor":24.0,"gold_loss":0.0,"damage_taken":0.0},{"damage_healed":0.0,"max_hp_gain":0.0,"max_hp_loss":0.0,"gold_gain":0.0,"event_name":"Vampires","player_choice":"Ignored","floor":25.0,"gold_loss":0.0,"damage_taken":0.0},{"damage_healed":0.0,"max_hp_gain":0.0,"max_hp_loss":0.0,"gold_gain":99.0,"event_name":"Nest","player_choice":"Stole From Cult","floor":29.0,"gold_loss":0.0,"damage_taken":0.0},{"damage_healed":0,"gold_gain":0,"player_choice":"Upgrade","damage_taken":0,"relics_obtained":["Mark of the Bloom"],"max_hp_gain":0,"max_hp_loss":0,"event_name":"MindBloom","floor":36,"gold_loss":0,"cards_upgraded":["Venomology","Corpse Explosion","Malaise","Phantasmal Killer","Die Die Die","Adrenaline","Envenom","Doppelganger","Burst","Wraith Form v2","Tools of the Trade","Night Terror","Unload","After Image","Bullet Time","Storm of Steel","Glass Knife","A Thousand Cuts","Grand Finale","Backstab","Crippling Poison","Noxious Fumes","Quick Slash","Backstab","Noxious Fumes","Well Laid Plans","Cloak And Dagger","PiercingWail","Calculated Gamble","Caltrops","Footwork"]},{"damage_healed":0,"gold_gain":0,"player_choice":"Ignored","damage_taken":0,"max_hp_gain":0,"max_hp_loss":0,"event_name":"Upgrade Shrine","floor":37,"gold_loss":0}],"is_beta":false,"boss_relics":[{"not_picked":["Orrery","Lizard Tail"],"picked":"Calling Bell"},{"not_picked":["Philosopher\u0027s Stone","Tiny House"],"picked":"Fusion Hammer"}],"items_purged_floors":[8],"is_endless":false,"potions_floor_spawned":[3,6,12,13,21,23,30,33,41,42,47],"ascension_level":0}