{"gold_per_floor":[20,34,48,65,84,110,126,126],"floor_reached":8,"playtime":504,"items_purged":[],"score":118,"play_id":"316623ab-7516-4eb7-9207-115f2876b753","local_time":"20190208015623","is_ascension_mode":true,"campfire_choices":[],"neow_cost":"NO_GOLD","seed_source_timestamp":112411674022047,"circlet_count":0,"master_deck":["AscendersBane","Defend_G","Defend_G","Defend_G","Defend_G","Defend_G","Strike_G","Strike_G","Strike_G","Strike_G","Strike_G","Survivor","Neutralize","Caltrops","Tools of the Trade","Poisoned Stab","Dagger Spray","Terror","Adrenaline"],"special_seed":0,"relics":["Ring of the Snake","Bag of Marbles"],"potions_floor_usage":[],"damage_taken":[{"damage":0.0,"enemies":"2 Louse","floor":1.0,"turns":4.0},{"damage":5.0,"enemies":"Jaw Worm","floor":2.0,"turns":8.0},{"damage":1.0,"enemies":"Cultist","floor":3.0,"turns":5.0},{"damage":8.0,"enemies":"3 Louse","floor":4.0,"turns":4.0},{"damage":19.0,"enemies":"Red Slaver","floor":5.0,"turns":4.0},{"damage":32.0,"enemies":"Lagavulin","floor":6.0,"turns":8.0},{"damage":2.0,"enemies":"Exordium Wildlife","floor":7.0,"turns":5.0},{"damage":7,"enemies":"Lots of Slimes","floor":8,"turns":1}],"seed_played":"-623379031280147142","potions_obtained":[{"floor":2.0,"key":"LiquidBronze"},{"floor":3.0,"key":"FearPotion"}],"is_trial":false,"path_per_floor":["M","M","M","M","M","E","M","M"],"character_chosen":"THE_SILENT","items_purchased":[],"campfire_rested":0,"item_purchase_floors":[],"current_hp_per_floor":[71,66,65,57,38,6,4,0],"gold":126,"neow_bonus":"TWENTY_PERCENT_HP_BONUS","is_prod":false,"is_daily":false,"chose_seed":false,"campfire_upgraded":0,"win_rate":0,"timestamp":1549587383,"path_taken":["M","M","M","M","M","E","M","M"],"build_version":"2019-01-23","purchased_purges":0,"victory":false,"max_hp_per_floor":[78,78,78,78,78,78,78,78],"card_choices":[{"not_picked":["Slice","Bane"],"picked":"Caltrops","floor":1.0},{"not_picked":["Poisoned Stab","PiercingWail"],"picked":"Tools of the Trade","floor":2.0},{"not_picked":["Prepared","Outmaneuver"],"picked":"Poisoned Stab","floor":3.0},{"not_picked":["Deflect","Eviscerate"],"picked":"Dagger Spray","floor":4.0},{"not_picked":["Bane","Outmaneuver"],"picked":"Terror","floor":5.0},{"not_picked":["Riddle With Holes","Dodge and Roll"],"picked":"Adrenaline","floor":6.0},{"not_picked":["Dagger Throw","Outmaneuver","Flying Knee"],"picked":"SKIP","floor":7.0}],"player_experience":1371379,"relics_obtained":[{"floor":6.0,"key":"Bag of Marbles"}],"event_choices":[],"is_beta":false,"boss_relics":[],"items_purged_floors":[],"is_endless":false,"potions_floor_spawned":[2,3],"killed_by":"Lots of Slimes","ascension_level":18}