{"path_per_floor":["M","M","M","$","?","R","E","M","T","?","M","M","R","M","R"],"character_chosen":"IRONCLAD","items_purchased":["Feel No Pain","Dark Shackles"],"gold_per_floor":[113,130,142,8,8,8,41,61,61,26,40,53,53,70,70,70],"floor_reached":16,"campfire_rested":0,"playtime":511,"item_purchase_floors":[4,4],"current_hp_per_floor":[80,80,80,80,85,85,64,60,60,81,84,79,79,72,72,0],"items_purged":[],"gold":70,"score":104,"play_id":"e5af2b5c-e3e0-41d0-8836-66488a145783","local_time":"20180624233225","is_prod":false,"is_daily":false,"chose_seed":false,"is_ascension_mode":false,"campfire_upgraded":3,"win_rate":0,"timestamp":1529901145,"campfire_choices":[{"data":"Feel No Pain","floor":6,"key":"SMITH"},{"data":"Corruption","floor":13,"key":"SMITH"},{"data":"Intimidate","floor":15,"key":"SMITH"}],"path_taken":["M","M","M","$","?","R","E","M","T","?","M","M","R","M","R","BOSS"],"build_version":"2018-06-21","seed_source_timestamp":258037091406676,"purchased_purges":0,"circlet_count":0,"victory":false,"master_deck":["Strike_R","Strike_R","Strike_R","Strike_R","Defend_R","Defend_R","Defend_R","Defend_R","Bash","Anger","Sever Soul","Intimidate+1","Feel No Pain+1","Dark Shackles","Corruption+1","Warcry"],"max_hp_per_floor":[80,80,80,80,85,85,85,85,85,85,85,85,85,85,85,85],"relics":["Burning Blood","Meat on the Bone","Smiling Mask"],"card_choices":[{"not_picked":["Rage","True Grit"],"picked":"Anger","floor":1},{"not_picked":["Flex","Clothesline"],"picked":"Sever Soul","floor":2},{"not_picked":["Entrench","Clash"],"picked":"Intimidate","floor":3},{"not_picked":["Iron Wave","Dual Wield","Flex"],"picked":"SKIP","floor":7},{"not_picked":["Sword Boomerang","Flame Barrier","Armaments"],"picked":"SKIP","floor":8},{"not_picked":["Warcry","Sword Boomerang"],"picked":"Corruption","floor":11},{"not_picked":["Whirlwind","Perfected Strike","Iron Wave"],"picked":"SKIP","floor":12},{"not_picked":["Evolve","Flame Barrier"],"picked":"Warcry","floor":14}],"player_experience":281704,"potions_floor_usage":[7,16,16],"damage_taken":[{"damage":1,"enemies":"2 Louse","floor":1,"turns":3},{"damage":5,"enemies":"Small Slimes","floor":2,"turns":3},{"damage":3,"enemies":"Jaw Worm","floor":3,"turns":3},{"damage":27,"enemies":"Lagavulin","floor":7,"turns":6},{"damage":10,"enemies":"Looter","floor":8,"turns":3},{"damage":3,"enemies":"Red Slaver","floor":11,"turns":3},{"damage":11,"enemies":"2 Fungi Beasts","floor":12,"turns":5},{"damage":13,"enemies":"Lots of Slimes","floor":14,"turns":5},{"damage":73,"enemies":"The Guardian","floor":16,"turns":13}],"relics_obtained":[{"floor":7,"key":"Meat on the Bone"},{"floor":9,"key":"Smiling Mask"}],"event_choices":[{"event_name":"Big Fish","player_choice":"Donut","floor":5,"damage_taken":0},{"event_name":"The Cleric","player_choice":"Healed","floor":10,"damage_taken":0}],"boss_relics":[],"items_purged_floors":[],"is_endless":false,"potions_floor_spawned":[3,11,14],"seed_played":"-4357656722196500897","killed_by":"The Guardian","ascension_level":0,"potions_obtained":[{"floor":3,"key":"LiquidBronze"},{"floor":11,"key":"Block Potion"},{"floor":14,"key":"Energy Potion"}],"is_trial":false}