{"gold_per_floor":[369,102,122,134,145,171,233,233,233,246,246,272,272,289,289,388,388,407,407,50,61,61,88,88,115,115,133,133,149,149,160,160,257,257,270,24,0,0,13,13,28,53,53,88,88],"floor_reached":45,"playtime":2282,"items_purged":["Strike_R","Strike_R","Shame"],"score":683,"play_id":"14683314-33d2-4815-8a7e-57406404b3d7","local_time":"20190215151138","is_ascension_mode":true,"campfire_choices":[{"data":"Heavy Blade","floor":8,"key":"SMITH"},{"data":"Uppercut","floor":13,"key":"SMITH"},{"data":"Shrug It Off","floor":15,"key":"SMITH"},{"data":"Barricade","floor":24,"key":"SMITH"},{"data":"Spot Weakness","floor":28,"key":"SMITH"},{"data":"Defend_R","floor":30,"key":"SMITH"},{"floor":32,"key":"RECALL"},{"data":"Combust","floor":40,"key":"SMITH"}],"neow_cost":"TEN_PERCENT_HP_LOSS","seed_source_timestamp":6528723667760,"circlet_count":0,"master_deck":["Strike_R","Strike_R","Strike_R","Defend_R+1","Defend_R+1","Defend_R","Defend_R+1","Heavy Blade+1","Spot Weakness+1","Shrug It Off+1","Pommel Strike","Shrug It Off+1","Warcry+1","Uppercut+1","True Grit+1","Barricade+1","Headbutt+1","Dropkick","Disarm+1","Limit Break+1","Armaments+1","Dual Wield+1","Entrench+1","Combust+1","Shrug It Off+1","Parasite","Shrug It Off+1"],"relics":["Burning Blood","Pen Nib","Toxic Egg 2","Dodecahedron","Self Forming Clay","Blood Vial","Potion Belt","Coffee Dripper","Enchiridion","Charon\u0027s Ashes","War Paint","Regal Pillow","Blue Candle","Busted Crown","Red Mask","Vajra","Bag of Marbles"],"potions_floor_usage":[12,25,29,29,31,42],"damage_taken":[{"damage":7,"enemies":"Jaw Worm","floor":1,"turns":4},{"damage":1,"enemies":"2 Louse","floor":3,"turns":2},{"damage":5,"enemies":"Small Slimes","floor":4,"turns":4},{"damage":0,"enemies":"Exordium Wildlife","floor":5,"turns":3},{"damage":28,"enemies":"Gremlin Nob","floor":6,"turns":4},{"damage":24,"enemies":"Gremlin Nob","floor":7,"turns":4},{"damage":0,"enemies":"Large Slime","floor":10,"turns":4},{"damage":19,"enemies":"Lagavulin","floor":12,"turns":7},{"damage":0,"enemies":"Red Slaver","floor":14,"turns":5},{"damage":5,"enemies":"Hexaghost","floor":16,"turns":9},{"damage":7,"enemies":"2 Thieves","floor":18,"turns":4},{"damage":13,"enemies":"3 Byrds","floor":21,"turns":6},{"damage":4,"enemies":"Book of Stabbing","floor":23,"turns":3},{"damage":45,"enemies":"Gremlin Leader","floor":25,"turns":7},{"damage":8,"enemies":"3 Cultists","floor":27,"turns":4},{"damage":0,"enemies":"Shelled Parasite and Fungi","floor":29,"turns":3},{"damage":1,"enemies":"Snecko","floor":31,"turns":5},{"damage":1,"enemies":"Automaton","floor":33,"turns":13},{"damage":16,"enemies":"3 Darklings","floor":35,"turns":6},{"damage":0,"enemies":"3 Shapes","floor":39,"turns":3},{"damage":5,"enemies":"Writhing Mass","floor":41,"turns":6},{"damage":35,"enemies":"Reptomancer","floor":42,"turns":7},{"damage":41,"enemies":"Giant Head","floor":44,"turns":10},{"damage":12,"enemies":"Jaw Worm Horde","floor":45,"turns":2}],"seed_played":"-7596444299799578017","potions_obtained":[{"floor":3,"key":"LiquidBronze"},{"floor":4,"key":"FearPotion"},{"floor":5,"key":"Explosive Potion"},{"floor":7,"key":"Regen Potion"},{"floor":16,"key":"EssenceOfSteel"},{"floor":18,"key":"Fire Potion"},{"floor":21,"key":"PowerPotion"},{"floor":25,"key":"Block Potion"},{"floor":39,"key":"PowerPotion"}],"is_trial":false,"path_per_floor":["M","$","M","M","M","E","?","R","T","M","?","E","R","M","R","B",null,"M","?","$","M","?","E","R","E","T","M","R","M","R","M","R","B",null,"M","$","?","?","M","R","M","E","T","E","M"],"character_chosen":"IRONCLAD","items_purchased":["Pen Nib","Spot Weakness","Dropkick","Disarm+1","Limit Break+1","Combust","Shrug It Off+1"],"campfire_rested":0,"item_purchase_floors":[2,2,20,20,20,36,36],"current_hp_per_floor":[71,71,72,72,72,50,32,32,32,38,31,35,35,43,43,46,72,71,55,55,50,50,54,54,17,17,17,17,25,25,32,32,39,72,62,62,62,62,70,70,72,43,43,10,0],"gold":88,"neow_bonus":"TWO_FIFTY_GOLD","is_prod":false,"is_daily":false,"chose_seed":false,"campfire_upgraded":7,"win_rate":0,"timestamp":1550239898,"path_taken":["M","$","M","M","M","E","?","R","T","M","?","E","R","M","R","BOSS","M","?","$","M","?","E","R","E","T","M","R","M","R","M","R","BOSS","M","$","?","?","?","R","M","E","T","E","M"],"build_version":"2019-01-23","purchased_purges":3,"victory":false,"max_hp_per_floor":[72,72,72,72,72,72,72,72,72,72,72,72,72,72,72,72,72,72,72,72,72,72,72,72,72,72,72,72,72,72,72,72,72,72,72,72,72,72,72,72,72,72,72,72,72],"card_choices":[{"not_picked":["Rupture","Sentinel"],"picked":"Heavy Blade","floor":1},{"not_picked":["Combust","Wild Strike"],"picked":"Shrug It Off","floor":3},{"not_picked":["Infernal Blade","Inflame"],"picked":"Pommel Strike","floor":4},{"not_picked":["Body Slam","Headbutt","Barricade"],"picked":"SKIP","floor":5},{"not_picked":["Sword Boomerang","Exhume"],"picked":"Shrug It Off","floor":6},{"not_picked":["Wild Strike","Infernal Blade+1"],"picked":"Warcry+1","floor":7},{"not_picked":["Body Slam","Cleave"],"picked":"Uppercut","floor":10},{"not_picked":["Flex+1","Fiend Fire","Wild Strike"],"picked":"SKIP","floor":12},{"not_picked":["Heavy Blade","Cleave"],"picked":"True Grit+1","floor":14},{"not_picked":["Exhume+1","Fiend Fire"],"picked":"Barricade","floor":16},{"not_picked":["Flame Barrier+1","Warcry+1"],"picked":"Headbutt+1","floor":18},{"not_picked":["Reckless Charge","Heavy Blade","Sword Boomerang"],"picked":"SKIP","floor":21},{"not_picked":["Havoc+1","Flex+1"],"picked":"Armaments+1","floor":23},{"not_picked":["Sever Soul+1","Fiend Fire"],"picked":"Dual Wield+1","floor":25},{"not_picked":["Ghostly Armor+1","Metallicize"],"picked":"Entrench+1","floor":27},{"not_picked":["Clash+1","Anger","Carnage+1"],"picked":"SKIP","floor":29},{"not_picked":["Cleave","Evolve+1","Reckless Charge"],"picked":"SKIP","floor":31},{"not_picked":["Thunderclap+1"],"picked":"SKIP","floor":35},{"not_picked":["Perfected Strike+1"],"picked":"SKIP","floor":39},{"not_picked":["Flex+1"],"picked":"SKIP","floor":41},{"not_picked":["Sword Boomerang+1"],"picked":"SKIP","floor":42},{"not_picked":[],"picked":"Shrug It Off+1","floor":44}],"player_experience":96773,"relics_obtained":[{"floor":6,"key":"Toxic Egg 2"},{"floor":9,"key":"Self Forming Clay"},{"floor":12,"key":"Potion Belt"},{"floor":19,"key":"Enchiridion"},{"floor":23,"key":"War Paint"},{"floor":25,"key":"Regal Pillow"},{"floor":26,"key":"Blue Candle"},{"floor":42,"key":"Vajra"},{"floor":44,"key":"Bag of Marbles"}],"event_choices":[{"damage_healed":0,"gold_gain":0,"player_choice":"Searched \u00273\u0027 times","damage_taken":0,"relics_obtained":["Dodecahedron"],"max_hp_gain":0,"max_hp_loss":0,"event_name":"Dead Adventurer","floor":7,"gold_loss":0},{"damage_healed":0,"gold_gain":0,"player_choice":"Success","damage_taken":7,"relics_obtained":["Blood Vial"],"max_hp_gain":0,"max_hp_loss":0,"event_name":"Scrap Ooze","floor":11,"gold_loss":0},{"damage_healed":0,"gold_gain":0,"player_choice":"Obtained Book","damage_taken":16,"max_hp_gain":0,"max_hp_loss":0,"event_name":"Cursed Tome","floor":19,"gold_loss":0},{"damage_healed":0,"gold_gain":0,"player_choice":"Stole Relic","damage_taken":0,"relics_obtained":["Charon\u0027s Ashes"],"max_hp_gain":0,"max_hp_loss":0,"event_name":"Addict","floor":22,"gold_loss":0,"cards_obtained":["Shame"]},{"damage_healed":0,"gold_gain":0,"player_choice":"Paid","damage_taken":0,"relics_obtained":["Red Mask"],"max_hp_gain":0,"max_hp_loss":0,"event_name":"Tomb of Lord Red Mask","floor":37,"gold_loss":24},{"cards_removed":["Bash"],"damage_healed":0,"gold_gain":0,"player_choice":"Purged","damage_taken":0,"max_hp_gain":0,"max_hp_loss":0,"event_name":"Purifier","floor":38,"gold_loss":0}],"is_beta":false,"boss_relics":[{"not_picked":["Runic Dome","White Beast Statue"],"picked":"Coffee Dripper"},{"not_picked":["Calling Bell","Tiny House"],"picked":"Busted Crown"}],"items_purged_floors":[2,20,36],"is_endless":false,"potions_floor_spawned":[3,4,5,7,16,18,21,25,39],"killed_by":"Jaw Worm Horde","ascension_level":2}