{"gold_per_floor":[113,113,126,126,140,140,165,165,189,227,239,251,263,290,302,419,431,457,483,495],"floor_reached":20,"playtime":1496,"items_purged":[],"score":291,"play_id":"631e008b-4fc7-42eb-b791-dc2cddf68ef9","local_time":"20180720152948","is_ascension_mode":true,"campfire_choices":[{"floor":6,"key":"REST"},{"data":"Coolheaded","floor":8,"key":"SMITH"},{"floor":13,"key":"REST"},{"floor":15,"key":"REST"}],"neow_cost":"NONE","seed_source_timestamp":577923441612153,"circlet_count":0,"master_deck":["Strike_B","Strike_B","Defend_B","Defend_B","Defend_B","Defend_B","Zap+1","Dualcast+1","AscendersBane","Glacier","Coolheaded+1","Hologram","Core Surge","Cold Snap","Chill","Redo","Multi-Cast"],"relics":["Cracked Core","Dream Catcher","MawBank","Singing Bowl","Sozu"],"potions_floor_usage":[7,10,16],"damage_taken":[{"damage":7,"enemies":"Jaw Worm","floor":1,"turns":3},{"damage":2,"enemies":"2 Louse","floor":3,"turns":3},{"damage":2,"enemies":"Small Slimes","floor":5,"turns":4},{"damage":7,"enemies":"3 Sentries","floor":7,"turns":9},{"damage":29,"enemies":"Lagavulin","floor":10,"turns":7},{"damage":0,"enemies":"Looter","floor":14,"turns":3},{"damage":49,"enemies":"The Guardian","floor":16,"turns":17},{"damage":7,"enemies":"Shell Parasite","floor":18,"turns":19},{"damage":3,"enemies":"Chosen","floor":19,"turns":5},{"damage":72,"enemies":"Centurion and Healer","floor":20,"turns":17}],"seed_played":"494713555137888399","potions_obtained":[{"floor":1,"key":"AttackPotion"},{"floor":5,"key":"Strength Potion"},{"floor":10,"key":"Explosive Potion"}],"is_trial":false,"path_per_floor":["M","?","M","?","M","R","E","R","T","E","?","?","R","M","R","B",null,"M","M"],"character_chosen":"DEFECT","items_purchased":[],"campfire_rested":3,"item_purchase_floors":[],"current_hp_per_floor":[61,66,64,64,62,80,73,73,73,44,44,44,68,68,80,31,68,63,62,0],"gold":495,"neow_bonus":"UPGRADE_CARD","is_prod":false,"is_daily":false,"chose_seed":false,"campfire_upgraded":1,"win_rate":0,"timestamp":1532114988,"path_taken":["M","?","M","?","?","R","E","R","T","E","?","?","R","M","R","BOSS","M","?","M"],"build_version":"2018-07-19v2","purchased_purges":0,"victory":false,"max_hp_per_floor":[75,80,80,80,80,80,80,80,80,80,80,80,80,80,80,80,80,82,84,84],"card_choices":[{"not_picked":["Force Field","Capacitor"],"picked":"Glacier","floor":1},{"not_picked":["Tempest","Aggregate","Go for the Eyes"],"picked":"SKIP","floor":3},{"not_picked":["Genetic Algorithm","Hologram"],"picked":"Coolheaded","floor":5},{"not_picked":["Tempest","Stack"],"picked":"Hologram","floor":7},{"not_picked":["Hello World","Gash"],"picked":"Core Surge","floor":10},{"not_picked":["Double Energy","Ball Lightning"],"picked":"Cold Snap","floor":13},{"not_picked":["Genetic Algorithm","Heatsinks"],"picked":"Chill","floor":14},{"not_picked":["Go for the Eyes","Compile Driver"],"picked":"Redo","floor":15},{"not_picked":["Amplify","Electrodynamics"],"picked":"Multi-Cast","floor":16},{"not_picked":["Tempest","Static Discharge+1","Rip and Tear"],"picked":"Singing Bowl","floor":18},{"not_picked":["Streamline","Redo","Beam Cell"],"picked":"Singing Bowl","floor":19}],"player_experience":1196535,"relics_obtained":[{"floor":7,"key":"Dream Catcher"},{"floor":9,"key":"MawBank"},{"floor":10,"key":"Singing Bowl"}],"event_choices":[{"event_name":"Big Fish","player_choice":"Donut","floor":2,"damage_taken":0},{"event_name":"Living Wall","player_choice":"Forget","floor":4,"damage_taken":0},{"event_name":"Upgrade Shrine","player_choice":"Upgraded","floor":11,"damage_taken":0},{"event_name":"Bonfire Elementals","player_choice":"BASIC","floor":12,"damage_taken":0}],"is_beta":false,"boss_relics":[{"not_picked":["FrozenCore","Astrolabe"],"picked":"Sozu"}],"items_purged_floors":[],"is_endless":false,"potions_floor_spawned":[1,5,10,18],"killed_by":"Centurion and Healer","ascension_level":12}