{"gold_per_floor":[210,210,222,74,149,149,175,187,266,284,284,299,299,197,197,293,293,276,276,33,33,52,52,79,79,79,79],"floor_reached":27,"playtime":1466,"items_purged":["Strike_G"],"score":321,"play_id":"d2d317db-de38-4308-8cc5-3c97cc17c51b","local_time":"20180721161836","is_ascension_mode":true,"campfire_choices":[{"data":"Neutralize","floor":6,"key":"SMITH"},{"floor":11,"key":"REST"},{"floor":15,"key":"REST"},{"data":"Infinite Blades","floor":23,"key":"SMITH"}],"neow_cost":"NONE","seed_source_timestamp":642940533484126,"circlet_count":0,"master_deck":["Defend_G","Defend_G","Defend_G","Defend_G","Defend_G","Strike_G","Strike_G","Strike_G","Survivor","Neutralize+1","All Out Attack","Cloak And Dagger","Backflip","Cloak And Dagger","Envenom","Infinite Blades+1","Panache","After Image"],"relics":["Ring of the Snake","Bronze Scales","Regal Pillow","Kunai","Sozu","Smiling Mask","Meat on the Bone"],"potions_floor_usage":[7,16,16,24],"damage_taken":[{"damage":0,"enemies":"2 Louse","floor":1,"turns":5},{"damage":2,"enemies":"Jaw Worm","floor":3,"turns":5},{"damage":40,"enemies":"Gremlin Nob","floor":7,"turns":5},{"damage":0,"enemies":"Small Slimes","floor":8,"turns":2},{"damage":6,"enemies":"3 Louse","floor":10,"turns":2},{"damage":0,"enemies":"Blue Slaver","floor":12,"turns":4},{"damage":58,"enemies":"Hexaghost","floor":16,"turns":16},{"damage":18,"enemies":"2 Thieves","floor":18,"turns":4},{"damage":2,"enemies":"3 Byrds","floor":22,"turns":2},{"damage":22,"enemies":"Slavers","floor":24,"turns":7},{"damage":17,"enemies":"Snecko","floor":27,"turns":5}],"seed_played":"8668670788175074926","potions_obtained":[{"floor":1,"key":"SkillPotion"},{"floor":7,"key":"Ancient Potion"},{"floor":12,"key":"Dexterity Potion"},{"floor":16,"key":"Swift Potion"}],"is_trial":false,"path_per_floor":["M","?","M","$","?","R","E","M","T","M","R","M","?","$","R","B",null,"M","?","$","?","M","R","E","?","T"],"character_chosen":"THE_SILENT","items_purchased":["Bronze Scales","Cloak And Dagger","Infinite Blades","Panache"],"campfire_rested":2,"item_purchase_floors":[4,14,20,20],"current_hp_per_floor":[63,63,61,61,50,50,10,10,10,4,40,40,33,33,69,11,55,37,37,37,37,35,35,13,13,13,0],"gold":79,"neow_bonus":"HUNDRED_GOLD","is_prod":false,"is_daily":false,"chose_seed":false,"campfire_upgraded":2,"win_rate":0,"timestamp":1532207916,"path_taken":["M","?","M","$","?","R","E","M","T","M","R","M","?","$","R","BOSS","M","?","$","?","M","R","E","?","T","M"],"build_version":"2018-07-19","purchased_purges":1,"victory":false,"max_hp_per_floor":[70,70,70,70,70,70,70,70,70,70,70,70,70,70,70,70,70,70,70,70,70,70,70,70,70,70,70],"card_choices":[{"not_picked":["Flechettes","Outmaneuver"],"picked":"All Out Attack","floor":1},{"not_picked":["Dodge and Roll","Dagger Spray"],"picked":"Cloak And Dagger","floor":3},{"not_picked":["Reflex","Distraction"],"picked":"Backflip","floor":7},{"not_picked":["Bouncing Flask","Outmaneuver","Deadly Poison"],"picked":"SKIP","floor":8},{"not_picked":["Dagger Spray","Outmaneuver","Crippling Poison"],"picked":"SKIP","floor":10},{"not_picked":["Deadly Poison","Accuracy","Flying Knee"],"picked":"SKIP","floor":12},{"not_picked":["Glass Knife","Venomology"],"picked":"Envenom","floor":16},{"not_picked":["Dagger Throw+1","Deflect","Skewer+1"],"picked":"SKIP","floor":18},{"not_picked":["Flying Knee","Dagger Spray","Underhanded Strike"],"picked":"SKIP","floor":22},{"not_picked":["Prepared","Bane+1"],"picked":"After Image","floor":24}],"player_experience":287382,"relics_obtained":[{"floor":7,"key":"Regal Pillow"},{"floor":9,"key":"Kunai"},{"floor":24,"key":"Smiling Mask"},{"floor":26,"key":"Meat on the Bone"}],"event_choices":[{"event_name":"Liars Game","player_choice":"disagreed","floor":2,"damage_taken":0},{"event_name":"World of Goop","player_choice":"Gather Gold","floor":5,"damage_taken":0},{"event_name":"Golden Wing","player_choice":"Card Removal","floor":13,"damage_taken":0},{"event_name":"Ghosts","player_choice":"Ignored","floor":19,"damage_taken":0},{"event_name":"Beggar","player_choice":"Ignored","floor":21,"damage_taken":0},{"event_name":"Drug Dealer","player_choice":"Ignored","floor":25,"damage_taken":0}],"is_beta":true,"boss_relics":[{"not_picked":["Pandora\u0027s Box","Runic Pyramid"],"picked":"Sozu"}],"items_purged_floors":[14],"is_endless":false,"potions_floor_spawned":[1,7,12,16,18,22],"killed_by":"Snecko","ascension_level":8}