{"gold_per_floor":[119,18,18,30,30,30,59,59,111,111,131,165,165,200,200,200],"floor_reached":16,"playtime":680,"items_purged":["Normality"],"score":203,"play_id":"be63a766-1cdb-4ac1-9cf2-fcb09e68f669","local_time":"20180710150320","is_ascension_mode":true,"campfire_choices":[{"data":"Cloak And Dagger","floor":6,"key":"SMITH"},{"data":"Dagger Spray","floor":15,"key":"SMITH"}],"neow_cost":"CURSE","seed_source_timestamp":252237010156246,"circlet_count":0,"master_deck":["Defend_G","Defend_G+1","Defend_G","Defend_G","Defend_G","Strike_G","Strike_G+1","Strike_G","Strike_G","Survivor","Neutralize+1","AscendersBane","Backstab","Cloak And Dagger+1","Deflect","Malaise","Backflip","Dash","Dagger Spray+1"],"relics":["Ring of the Snake","Torii","Kunai","Pear","Ancient Tea Set","Pen Nib","Bottled Flame"],"potions_floor_usage":[16],"damage_taken":[{"damage":3,"enemies":"Small Slimes","floor":1,"turns":5},{"damage":0,"enemies":"Cultist","floor":4,"turns":3},{"damage":4,"enemies":"Lagavulin","floor":7,"turns":15},{"damage":0,"enemies":"2 Louse","floor":11,"turns":3},{"damage":2,"enemies":"3 Sentries","floor":12,"turns":11},{"damage":7,"enemies":"Gremlin Nob","floor":14,"turns":5},{"damage":33,"enemies":"Slime Boss","floor":16,"turns":11}],"seed_played":"-2239093422263487651","potions_obtained":[{"floor":7,"key":"GamblersBrew"}],"is_trial":false,"path_per_floor":["M","$","?","M","T","R","E","?","T","?","M","E","$","E","R"],"character_chosen":"THE_SILENT","items_purchased":["Cloak And Dagger"],"campfire_rested":0,"item_purchase_floors":[2],"current_hp_per_floor":[56,56,56,56,56,56,62,62,62,39,39,37,37,30,30,0],"gold":200,"neow_bonus":"ONE_RARE_RELIC","is_prod":false,"is_daily":false,"chose_seed":false,"campfire_upgraded":2,"win_rate":0,"timestamp":1531227800,"path_taken":["M","$","?","?","?","R","E","?","T","?","M","E","?","E","R","BOSS"],"build_version":"2018-07-05","purchased_purges":1,"victory":false,"max_hp_per_floor":[66,66,66,66,66,66,76,76,76,76,76,76,76,76,76,76],"card_choices":[{"not_picked":["Slice","PiercingWail"],"picked":"Backstab","floor":1},{"not_picked":["Underhanded Strike","Concentrate"],"picked":"Deflect","floor":4},{"not_picked":["Prepared","Flying Knee"],"picked":"Malaise","floor":7},{"not_picked":["Dodge and Roll","Accuracy"],"picked":"Dash","floor":11},{"not_picked":["Phantasmal Killer","Prepared"],"picked":"Dagger Spray","floor":12},{"not_picked":["Outmaneuver","Deadly Poison","Malaise"],"picked":"SKIP","floor":14}],"player_experience":1016411,"relics_obtained":[{"floor":5,"key":"Kunai"},{"floor":7,"key":"Pear"},{"floor":9,"key":"Ancient Tea Set"},{"floor":12,"key":"Pen Nib"},{"floor":14,"key":"Bottled Flame"}],"event_choices":[{"event_name":"Upgrade Shrine","player_choice":"Upgraded","floor":3,"damage_taken":0},{"event_name":"Transmorgrifier","player_choice":"Transform","floor":8,"damage_taken":0},{"event_name":"Shining Light","player_choice":"Entered Light","floor":10,"damage_taken":0}],"boss_relics":[],"items_purged_floors":[2],"is_endless":false,"potions_floor_spawned":[7],"killed_by":"Slime Boss","ascension_level":15}