{"gold_per_floor":[111,111,54,74,74,99,116,132,132,132,164,164,197,220,232,318,330,360,25,40,57,57],"floor_reached":22,"playtime":1846,"items_purged":["Strike_B"],"score":371,"play_id":"d5b3bcd0-a74b-4cce-b45c-08c048e23bee","local_time":"20190214013828","is_ascension_mode":true,"campfire_choices":[{"floor":10,"key":"REST"},{"floor":12,"key":"REST"},{"floor":15,"key":"REST"}],"neow_cost":"TEN_PERCENT_HP_LOSS","seed_source_timestamp":1823017186319500,"circlet_count":0,"master_deck":["AscendersBane","Strike_B","Strike_B","Defend_B","Defend_B","Defend_B","Defend_B","Zap","Dualcast","Go for the Eyes","Ball Lightning","Gash","Steam+1","Undo+1","Sweeping Beam","Glacier+1","All For One","Defragment","Machine Learning","Sweeping Beam","Master of Strategy+1","Skim+1","Skim+1"],"relics":["Cracked Core","Nunchaku","Oddly Smooth Stone","Toxic Egg 2","Matryoshka","Ginger","MawBank","Fusion Hammer"],"potions_floor_usage":[6,13,16,22],"damage_taken":[{"damage":1,"enemies":"2 Louse","floor":1,"turns":3},{"damage":0,"enemies":"Small Slimes","floor":4,"turns":2},{"damage":18,"enemies":"3 Sentries","floor":6,"turns":4},{"damage":0,"enemies":"Cultist","floor":7,"turns":3},{"damage":0,"enemies":"Looter","floor":8,"turns":3},{"damage":21,"enemies":"Gremlin Nob","floor":11,"turns":4},{"damage":24,"enemies":"Lagavulin","floor":13,"turns":8},{"damage":0,"enemies":"Large Slime","floor":14,"turns":5},{"damage":28,"enemies":"The Guardian","floor":16,"turns":16},{"damage":11,"enemies":"2 Thieves","floor":18,"turns":5},{"damage":0,"enemies":"Chosen","floor":20,"turns":4},{"damage":36,"enemies":"Centurion and Healer","floor":21,"turns":8},{"damage":3,"enemies":"Shelled Parasite and Fungi","floor":22,"turns":2}],"seed_played":"-3565573390784873103","potions_obtained":[{"floor":1,"key":"FocusPotion"},{"floor":8,"key":"FearPotion"},{"floor":13,"key":"AttackPotion"}],"is_trial":false,"path_per_floor":["M","?","$","M","?","E","M","M","T","R","E","R","E","M","R","B",null,"M","$","M","M","M"],"character_chosen":"DEFECT","items_purchased":["Ball Lightning","Master of Strategy+1","PowerPotion"],"campfire_rested":3,"item_purchase_floors":[3,19,19],"current_hp_per_floor":[63,37,37,37,37,19,19,19,19,38,17,36,12,12,31,3,49,38,38,38,2,0],"gold":57,"neow_bonus":"ONE_RARE_RELIC","is_prod":false,"is_daily":false,"chose_seed":false,"campfire_upgraded":0,"win_rate":0,"timestamp":1550108308,"path_taken":["M","?","$","M","?","E","M","?","T","R","E","R","E","M","R","BOSS","M","$","M","M","M"],"build_version":"2019-01-23","purchased_purges":1,"victory":false,"max_hp_per_floor":[64,64,64,64,64,64,64,64,64,64,64,64,64,64,64,64,64,64,64,64,64,64],"card_choices":[{"not_picked":["Tempest","Hologram"],"picked":"Go for the Eyes","floor":1},{"not_picked":["Conserve Battery","Steam Power"],"picked":"Gash","floor":4},{"not_picked":["Streamline","Sweeping Beam"],"picked":"Steam","floor":6},{"not_picked":["Beam Cell","Compile Driver"],"picked":"Undo+1","floor":7},{"not_picked":["Turbo+1","Beam Cell"],"picked":"Sweeping Beam","floor":8},{"not_picked":["Hologram+1","Streamline"],"picked":"Glacier+1","floor":11},{"not_picked":["Skim+1","Undo+1"],"picked":"All For One","floor":13},{"not_picked":["Conserve Battery+1","Leap+1"],"picked":"Defragment","floor":14},{"not_picked":["Core Surge","Meteor Strike"],"picked":"Machine Learning","floor":16},{"not_picked":["Static Discharge","Rebound"],"picked":"Sweeping Beam","floor":18},{"not_picked":["Stack+1","Barrage"],"picked":"Skim+1","floor":20},{"not_picked":["Cold Snap","Sunder"],"picked":"Skim+1","floor":21}],"player_experience":297870,"relics_obtained":[{"floor":6,"key":"Toxic Egg 2"},{"floor":9,"key":"Matryoshka"},{"floor":11,"key":"Ginger"},{"floor":13,"key":"MawBank"}],"event_choices":[{"damage_healed":0,"gold_gain":0,"player_choice":"Success","damage_taken":26,"relics_obtained":["Oddly Smooth Stone"],"max_hp_gain":0,"max_hp_loss":0,"event_name":"Scrap Ooze","floor":2,"gold_loss":0},{"cards_removed":["Strike_B"],"damage_healed":0,"gold_gain":0,"player_choice":"Offered Basic","damage_taken":0,"max_hp_gain":0,"max_hp_loss":0,"event_name":"Bonfire Elementals","floor":5,"gold_loss":0}],"is_beta":false,"boss_relics":[{"not_picked":["Busted Crown","Velvet Choker"],"picked":"Fusion Hammer"}],"items_purged_floors":[19],"is_endless":false,"potions_floor_spawned":[1,8,13],"killed_by":"Shelled Parasite and Fungi","ascension_level":16}