{"path_per_floor":["M","?","M","M","?","E","R","M","T","E","M","?","?","?","R"],"character_chosen":"IRONCLAD","items_purchased":[],"gold_per_floor":[112,112,125,139,139,177,177,196,276,315,335,410,410,410,410,410],"floor_reached":16,"campfire_rested":1,"playtime":924,"item_purchase_floors":[],"current_hp_per_floor":[80,60,65,64,64,41,41,47,47,28,34,23,23,23,47,0],"items_purged":[],"gold":410,"score":116,"play_id":"3f90b915-91ed-4ac5-95e8-f14a56411e6f","local_time":"20180609042734","is_prod":false,"is_daily":false,"chose_seed":false,"is_ascension_mode":true,"campfire_upgraded":1,"win_rate":0,"timestamp":1528511254,"campfire_choices":[{"data":"True Grit","floor":7.0,"key":"SMITH"},{"floor":15.0,"key":"REST"}],"path_taken":["M","?","M","M","?","E","R","?","T","E","M","?","?","?","R","BOSS"],"build_version":"2018-06-07v2","seed_source_timestamp":624088432936759,"purchased_purges":0,"victory":false,"master_deck":["Strike_R","Strike_R","Strike_R","Strike_R","Defend_R","Defend_R","Defend_R","Defend_R","Bash","True Grit+1","Iron Wave","Intimidate","Flame Barrier+1","Twin Strike+1","Feed+1","Warcry"],"max_hp_per_floor":[80,80,80,80,80,80,80,80,80,80,80,80,80,80,80,80],"relics":["Burning Blood","Golden Idol","Charon\u0027s Ashes","Molten Egg 2","Bag of Preparation"],"card_choices":[{"not_picked":["Headbutt","Armaments"],"picked":"True Grit","floor":1.0},{"not_picked":["Armaments","Pommel Strike","Anger"],"picked":"SKIP","floor":3.0},{"not_picked":["Perfected Strike","Sword Boomerang"],"picked":"Iron Wave","floor":4.0},{"not_picked":["Clothesline","Rage"],"picked":"Intimidate","floor":6.0},{"not_picked":["True Grit","Searing Blow"],"picked":"Flame Barrier","floor":8.0},{"not_picked":["Dual Wield","Battle Trance"],"picked":"Twin Strike+1","floor":10.0},{"not_picked":["Second Wind","Searing Blow+1"],"picked":"Feed+1","floor":11.0}],"player_experience":73755,"potions_floor_usage":[16],"damage_taken":[{"damage":5.0,"enemies":"Small Slimes","floor":1.0,"turns":3.0},{"damage":1.0,"enemies":"Jaw Worm","floor":3.0,"turns":6.0},{"damage":7.0,"enemies":"2 Louse","floor":4.0,"turns":4.0},{"damage":29.0,"enemies":"Gremlin Nob","floor":6.0,"turns":5.0},{"damage":0.0,"enemies":"Blue Slaver","floor":8.0,"turns":5.0},{"damage":25.0,"enemies":"Lagavulin","floor":10.0,"turns":12.0},{"damage":0.0,"enemies":"3 Louse","floor":11.0,"turns":3.0},{"damage":47,"enemies":"Hexaghost","floor":16,"turns":14}],"relics_obtained":[{"floor":6.0,"key":"Charon\u0027s Ashes"},{"floor":9.0,"key":"Molten Egg 2"},{"floor":10.0,"key":"Bag of Preparation"}],"event_choices":[{"event_name":"Golden Idol","player_choice":"Take Damage","floor":2.0,"damage_taken":0.0},{"event_name":"Liars Game","player_choice":"disagreed","floor":5.0,"damage_taken":0.0},{"event_name":"World of Goop","player_choice":"Gather Gold","floor":12.0,"damage_taken":0.0},{"event_name":"Upgrade Shrine","player_choice":"Upgraded","floor":13.0,"damage_taken":0.0},{"event_name":"Match and Keep!","player_choice":"1 cards matched","floor":14.0,"damage_taken":0.0}],"boss_relics":[],"items_purged_floors":[],"potions_floor_spawned":[4,8],"seed_played":"2749552120919447433","killed_by":"Hexaghost","ascension_level":1,"potions_obtained":[{"floor":4.0,"key":"Swift Potion"},{"floor":8.0,"key":"Explosive Potion"}],"is_trial":false}