{"path_per_floor":["M","M","$","M","?","R","?","M","T","R","?","M","R","M","R","B",null,"M","T","M","?","?","M","M"],"character_chosen":"IRONCLAD","items_purchased":["Finesse"],"gold_per_floor":[113,127,33,50,50,50,50,62,62,62,120,131,131,146,146,243,243,255,281,291,291,291,305,317],"floor_reached":25,"campfire_rested":2,"playtime":2708,"current_hp_per_floor":[88,88,88,88,70,70,70,70,70,88,71,72,88,88,88,37,88,88,88,88,88,61,38,20],"items_purged":[],"gold":317,"score":221,"play_id":"86d85694-9ec4-4a8b-8ded-9d9004c28724","local_time":"20180316171153","is_prod":false,"is_daily":false,"is_ascension_mode":false,"campfire_upgraded":2,"timestamp":1521213113,"path_taken":["M","M","$","M","?","R","?","?","T","R","?","M","R","M","R","BOSS","M","?","M","?","?","M","?","?"],"build_version":"2018-03-15","purchased_purges":0,"victory":false,"master_deck":["Defend_R","Defend_R","Defend_R","Bash","Sever Soul+1","Combust","Finesse+1","Clash","Flex+1","Pommel Strike","Cleave","Battle Trance","Fiend Fire","Body Slam+1","Havoc+1","Reaper","Bite","Bite","Bite","Bite","Bite","Anger+1","Flex"],"max_hp_per_floor":[88,88,88,88,88,88,88,88,88,88,88,88,88,88,88,88,88,88,88,88,88,61,61,61],"relics":["Burning Blood","Ginger","Whetstone","Velvet Choker","Dream Catcher"],"card_choices":[{"not_picked":["Ghostly Armor","Rage"],"picked":"Sever Soul"},{"not_picked":["Whirlwind","Headbutt"],"picked":"Combust"},{"not_picked":["Ghostly Armor","Second Wind"],"picked":"Clash"},{"not_picked":["Blood for Blood","Body Slam"],"picked":"Flex"},{"not_picked":["Headbutt","Burning Pact"],"picked":"Pommel Strike"},{"not_picked":["Body Slam","Bludgeon"],"picked":"Cleave"},{"not_picked":["Sever Soul","Burning Pact"],"picked":"Battle Trance"},{"not_picked":["Dark Embrace","Juggernaut"],"picked":"Fiend Fire"},{"not_picked":["Havoc","Cleave"],"picked":"Body Slam"},{"not_picked":["Warcry","Burning Pact"],"picked":"Havoc"},{"not_picked":["Headbutt","Evolve"],"picked":"Anger"},{"not_picked":["Thunderclap","Sword Boomerang"],"picked":"Flex"}],"player_experience":123692,"potions_floor_usage":[11,11,11,16],"damage_taken":[{"damage":6,"enemies":"Cultist","floor":1,"turns":4},{"damage":0,"enemies":"Small Slimes","floor":2,"turns":3},{"damage":3,"enemies":"2 Louse","floor":4,"turns":3},{"damage":6,"enemies":"Looter","floor":8,"turns":3},{"damage":23,"enemies":"Lagavulin Event","floor":11,"turns":4},{"damage":5,"enemies":"Red Slaver","floor":12,"turns":2},{"damage":6,"enemies":"Exordium Wildlife","floor":14,"turns":3},{"damage":57,"enemies":"Hexaghost","floor":16,"turns":7},{"damage":2,"enemies":"3 Byrds","floor":18,"turns":3},{"damage":6,"enemies":"Spheric Guardian","floor":20,"turns":3},{"damage":35,"enemies":"Snake Plant","floor":23,"turns":4},{"damage":42,"enemies":"Chosen and Byrds","floor":24,"turns":5},{"damage":33,"enemies":"Cultist and Chosen","floor":25,"turns":3}],"event_choices":[{"event_name":"Shining Light","player_choice":"Entered Light","floor":5,"damage_taken":0},{"event_name":"Purifier","player_choice":"One Purge","floor":7,"damage_taken":0},{"event_name":"Dead Adventurer","player_choice":"Searched \u00271\u0027 times","floor":11,"damage_taken":0},{"event_name":"The Library","player_choice":"Read","floor":21,"damage_taken":0},{"event_name":"Vampires","player_choice":"Became a vampire","floor":22,"damage_taken":0}],"boss_relics":[{"not_picked":["Question Card","Lizard Tail"],"picked":"Velvet Choker"}],"potions_floor_spawned":[1,2,4,8,14,18,23],"seed_played":"-1575281723827328388","killed_by":"Cultist and Chosen","ascension_level":0,"is_trial":false}