{"gold_per_floor":[118,118,137,34,34,34,96,3,83,83,100,130,130,142,142,215,215,234,9,9,9,24,24,37,37],"floor_reached":25,"playtime":847,"items_purged":["Strike_B"],"score":388,"play_id":"9ed250f1-e8d7-46d0-9516-e6431fa927b1","local_time":"20190207183707","is_ascension_mode":true,"campfire_choices":[{"data":"Zap","floor":6,"key":"SMITH"},{"data":"Streamline","floor":10,"key":"SMITH"},{"floor":15,"key":"REST"},{"floor":23,"key":"REST"}],"neow_cost":"NONE","seed_source_timestamp":361159564981033,"circlet_count":0,"master_deck":["AscendersBane","Strike_B","Defend_B","Defend_B","Defend_B","Defend_B","Zap+1","Dualcast+1","Conserve Battery","Recycle","Scrape","Steam+1","Streamline+1","Beam Cell","Defragment","Ball Lightning","Go for the Eyes+1","Beam Cell","Echo Form","Static Discharge","Beam Cell","Coolheaded","Streamline","Steam","Gash","Defragment","Steam","Gash","Glacier+1","Hologram"],"relics":["Cracked Core","NeowsBlessing","War Paint","Question Card","Meat on the Bone","Orrery"],"potions_floor_usage":[3,16,22],"damage_taken":[{"damage":0,"enemies":"2 Louse","floor":1,"turns":1},{"damage":0,"enemies":"Cultist","floor":3,"turns":1},{"damage":0,"enemies":"Gremlin Nob","floor":7,"turns":1},{"damage":10,"enemies":"Small Slimes","floor":11,"turns":3},{"damage":25,"enemies":"3 Sentries","floor":12,"turns":5},{"damage":10,"enemies":"Exordium Wildlife","floor":14,"turns":4},{"damage":29,"enemies":"The Guardian","floor":16,"turns":13},{"damage":18,"enemies":"Spheric Guardian","floor":18,"turns":4},{"damage":22,"enemies":"Shell Parasite","floor":22,"turns":3},{"damage":34,"enemies":"3 Cultists","floor":24,"turns":6},{"damage":39,"enemies":"Book of Stabbing","floor":25,"turns":6}],"seed_played":"9027443097594812185","potions_obtained":[{"floor":3,"key":"Fruit Juice"},{"floor":11,"key":"FearPotion"},{"floor":14,"key":"FearPotion"},{"floor":18,"key":"Weak Potion"}],"is_trial":false,"path_per_floor":["M","?","M","$","?","R","?","$","T","R","M","E","?","M","R","B",null,"M","$","?","?","M","R","M","E"],"character_chosen":"DEFECT","items_purchased":["Scrape","Steam","Beam Cell","Defragment","Gash","Defragment","Steam"],"campfire_rested":2,"item_purchase_floors":[4,4,8,8,19,19,19],"current_hp_per_floor":[64,64,69,69,62,62,62,62,62,62,52,27,27,29,51,34,66,48,48,48,48,38,60,38,0],"gold":37,"neow_bonus":"THREE_ENEMY_KILL","is_prod":false,"is_daily":false,"chose_seed":false,"campfire_upgraded":2,"win_rate":0,"timestamp":1549582627,"path_taken":["M","?","M","$","?","R","?","$","T","R","?","E","?","M","R","BOSS","M","$","?","?","M","R","M","E"],"build_version":"2019-01-23","purchased_purges":1,"victory":false,"max_hp_per_floor":[71,71,76,76,76,76,76,76,76,76,76,76,76,76,76,76,76,76,76,76,76,76,76,76,76],"card_choices":[{"not_picked":["Stack","Blizzard"],"picked":"Conserve Battery","floor":1},{"not_picked":["BootSequence","Turbo"],"picked":"Recycle","floor":3},{"not_picked":["Heatsinks","Static Discharge"],"picked":"Streamline","floor":7},{"not_picked":["Rebound","Barrage","Chill"],"picked":"Ball Lightning","floor":11},{"not_picked":["Redo","Beam Cell","Stack"],"picked":"Go for the Eyes","floor":12},{"not_picked":["Barrage","Heatsinks","Tempest"],"picked":"Beam Cell","floor":14},{"not_picked":["Thunder Strike","Rainbow","Creative AI"],"picked":"Echo Form","floor":16},{"not_picked":["Hello World","Ball Lightning","Leap"],"picked":"Static Discharge","floor":17},{"not_picked":["Compile Driver","Machine Learning","Recycle"],"picked":"Beam Cell","floor":17},{"not_picked":["Hologram","Melter","BootSequence"],"picked":"Coolheaded","floor":17},{"not_picked":["Ball Lightning","Turbo","Coolheaded"],"picked":"Streamline","floor":17},{"not_picked":["Beam Cell","Ball Lightning","Barrage"],"picked":"Steam","floor":17},{"not_picked":["Leap","Doom and Gloom","Cold Snap+1","Blizzard"],"picked":"SKIP","floor":18},{"not_picked":["Skim","Consume","Coolheaded"],"picked":"Glacier+1","floor":22},{"not_picked":["Cold Snap","Auto Shields","Blizzard"],"picked":"Hologram","floor":24}],"player_experience":2338460,"relics_obtained":[{"floor":7,"key":"War Paint"},{"floor":9,"key":"Question Card"},{"floor":12,"key":"Meat on the Bone"}],"event_choices":[{"cards_removed":["Strike_B"],"damage_healed":0,"gold_gain":0,"player_choice":"Purged","damage_taken":0,"max_hp_gain":0,"max_hp_loss":0,"event_name":"Purifier","floor":2,"gold_loss":0},{"cards_removed":["Strike_B"],"damage_healed":0,"gold_gain":0,"player_choice":"Card Removal","damage_taken":7,"max_hp_gain":0,"max_hp_loss":0,"event_name":"Golden Wing","floor":5,"gold_loss":0},{"damage_healed":0,"gold_gain":0,"player_choice":"Searched \u00272\u0027 times","damage_taken":0,"max_hp_gain":0,"max_hp_loss":0,"event_name":"Dead Adventurer","floor":7,"gold_loss":0},{"damage_healed":0,"gold_gain":0,"player_choice":"Forge","damage_taken":0,"max_hp_gain":0,"max_hp_loss":0,"event_name":"Accursed Blacksmith","floor":13,"gold_loss":0,"cards_upgraded":["Go for the Eyes"]},{"damage_healed":0,"gold_gain":0,"player_choice":"Ignored","damage_taken":0,"max_hp_gain":0,"max_hp_loss":0,"event_name":"Vampires","floor":20,"gold_loss":0},{"damage_healed":0,"gold_gain":0,"player_choice":"Read","damage_taken":0,"max_hp_gain":0,"max_hp_loss":0,"event_name":"The Library","floor":21,"gold_loss":0,"cards_obtained":["Gash"]}],"is_beta":false,"boss_relics":[{"not_picked":["Philosopher\u0027s Stone","Coffee Dripper"],"picked":"Orrery"}],"items_purged_floors":[19],"is_endless":false,"potions_floor_spawned":[3,11,14,18],"killed_by":"Book of Stabbing","ascension_level":19}