{"gold_per_floor":[109,109,133,133,146,172,172,172,199,216,216,228,239,257,257,362,362,381,381,381,398,398,398,430,530,583,583,661,586,53,53,53,153,153,173,189,45,45,45,45,0,0,25,52,52,52,52,52],"floor_reached":48,"playtime":1699,"items_purged":["Strike_R+1"],"score":693,"play_id":"2da04ba2-2bf1-43e2-910b-cac1679d1299","local_time":"20180720092338","is_ascension_mode":true,"campfire_choices":[{"data":"Rage","floor":7,"key":"SMITH"},{"floor":15,"key":"REST"},{"floor":23,"key":"REST"},{"data":"Heavy Blade","floor":27,"key":"SMITH"},{"floor":32,"key":"REST"},{"data":"Power Through","floor":40,"key":"SMITH"},{"floor":42,"key":"REST"},{"floor":45,"key":"REST"}],"neow_cost":"NONE","seed_source_timestamp":555749031878292,"circlet_count":0,"master_deck":["Defend_R+1","Defend_R+1","Defend_R","Bash","Heavy Blade+1","Rage+1","Flex+1","Thunderclap","Inflame","Flex","Thunderclap","Offering","Headbutt+1","Whirlwind","Power Through+1","Shrug It Off+1","Dark Shackles+1","Battle Trance+1","Dual Wield+1","Exhume+1","Thunderclap+1","Disarm+1","Shrug It Off+1","Evolve"],"relics":["Burning Blood","NeowsBlessing","Bronze Scales","Whetstone","Dream Catcher","Velvet Choker","War Paint","Bag of Preparation","Juzu Bracelet","Toxic Egg 2","HandDrill","Oddly Smooth Stone","Empty Cage","Vajra","Red Mask","Boot","Omamori"],"potions_floor_usage":[16,16,16,24],"damage_taken":[{"damage":0,"enemies":"Jaw Worm","floor":1,"turns":1},{"damage":0,"enemies":"Cultist","floor":5,"turns":1},{"damage":0,"enemies":"Lagavulin","floor":6,"turns":1},{"damage":1,"enemies":"2 Louse","floor":10,"turns":3},{"damage":30,"enemies":"Exordium Thugs","floor":12,"turns":5},{"damage":13,"enemies":"3 Louse","floor":13,"turns":2},{"damage":14,"enemies":"Lots of Slimes","floor":14,"turns":2},{"damage":31,"enemies":"The Guardian","floor":16,"turns":10},{"damage":17,"enemies":"Shell Parasite","floor":18,"turns":4},{"damage":15,"enemies":"Spheric Guardian","floor":21,"turns":3},{"damage":33,"enemies":"Slavers","floor":24,"turns":4},{"damage":46,"enemies":"Collector","floor":33,"turns":6},{"damage":14,"enemies":"Flame Bruiser 1 Orb","floor":35,"turns":4},{"damage":6,"enemies":"3 Shapes","floor":36,"turns":4},{"damage":58,"enemies":"Nemesis","floor":44,"turns":9},{"damage":56,"enemies":"Transient","floor":48,"turns":4}],"seed_played":"4230061517342119170","potions_obtained":[{"floor":1,"key":"PowerPotion"},{"floor":5,"key":"SpeedPotion"},{"floor":8,"key":"Dexterity Potion"},{"floor":8,"key":"Strength Potion"},{"floor":21,"key":"Dexterity Potion"},{"floor":24,"key":"FearPotion"},{"floor":36,"key":"FearPotion"}],"is_trial":false,"path_per_floor":["M","?","T","?","M","E","R","?","T","M","?","M","M","M","R","B",null,"M","?","?","M","?","R","E","?","T","R","T","?","$","?","R","B",null,"M","M","$","?","$","R","?","R","T","E","R","?","?"],"character_chosen":"IRONCLAD","items_purchased":["Shrug It Off+1","HandDrill","Dark Shackles+1","Oddly Smooth Stone","Vajra"],"campfire_rested":5,"item_purchase_floors":[30,30,30,30,37],"current_hp_per_floor":[78,78,78,78,80,80,80,80,80,80,80,56,49,41,65,40,70,59,59,59,50,50,74,47,47,47,47,47,47,47,47,71,31,68,60,60,60,60,60,60,60,80,80,28,52,52,52,0],"gold":52,"neow_bonus":"THREE_ENEMY_KILL","is_prod":false,"is_daily":false,"chose_seed":false,"campfire_upgraded":3,"win_rate":0,"timestamp":1532093018,"path_taken":["M","?","?","?","?","E","R","?","T","M","?","M","M","M","R","BOSS","M","?","?","M","?","R","E","?","T","R","?","?","$","?","R","BOSS","M","M","$","?","$","R","?","R","T","E","R","?","?","M"],"build_version":"2018-07-12","purchased_purges":1,"victory":false,"max_hp_per_floor":[80,80,80,80,80,80,80,80,80,80,80,80,80,80,80,80,80,80,80,80,80,80,80,80,80,80,80,80,80,80,80,80,80,80,80,80,80,80,80,80,80,80,80,80,80,80,80,80],"card_choices":[{"not_picked":["Flex","Perfected Strike"],"picked":"Heavy Blade","floor":1},{"not_picked":["Flex","Metallicize"],"picked":"Rage","floor":5},{"not_picked":["Rupture","Ghostly Armor"],"picked":"Flex","floor":6},{"not_picked":["Reckless Charge","Wild Strike"],"picked":"Clothesline","floor":10},{"not_picked":["Carnage","Hemokinesis"],"picked":"Thunderclap","floor":12},{"not_picked":["Thunderclap","Anger"],"picked":"Inflame","floor":13},{"not_picked":["Iron Wave","Clothesline"],"picked":"Flex","floor":14},{"not_picked":["Body Slam","Warcry"],"picked":"Thunderclap","floor":15},{"not_picked":["Fiend Fire","Barricade"],"picked":"Offering","floor":16},{"not_picked":["Metallicize","Sever Soul"],"picked":"Headbutt+1","floor":18},{"not_picked":["Rupture+1","Warcry"],"picked":"Whirlwind","floor":21},{"not_picked":["Rupture","Wild Strike+1"],"picked":"Power Through","floor":23},{"not_picked":["Body Slam","Feel No Pain","Sword Boomerang"],"picked":"SKIP","floor":24},{"not_picked":["Wild Strike","Seeing Red+1"],"picked":"Dual Wield+1","floor":32},{"not_picked":["Brutality","Barricade"],"picked":"Exhume+1","floor":33},{"not_picked":["True Grit+1","Cleave"],"picked":"Thunderclap+1","floor":35},{"not_picked":["Seeing Red+1","Corruption+1"],"picked":"Disarm+1","floor":36},{"not_picked":["Iron Wave","Heavy Blade"],"picked":"Shrug It Off+1","floor":42},{"not_picked":["Body Slam+1","Wild Strike","Dark Embrace"],"picked":"SKIP","floor":44},{"not_picked":["Bloodletting+1","Armaments+1"],"picked":"Evolve","floor":45}],"player_experience":1178184,"relics_obtained":[{"floor":3,"key":"Bronze Scales"},{"floor":6,"key":"Whetstone"},{"floor":9,"key":"Dream Catcher"},{"floor":24,"key":"Bag of Preparation"},{"floor":26,"key":"Juzu Bracelet"},{"floor":28,"key":"Toxic Egg 2"},{"floor":43,"key":"Boot"},{"floor":44,"key":"Omamori"}],"event_choices":[{"event_name":"Bonfire Elementals","player_choice":"BASIC","floor":2,"damage_taken":0},{"event_name":"The Woman in Blue","player_choice":"Bought 0 Potions","floor":4,"damage_taken":0},{"event_name":"The Lab","player_choice":"Got Potions","floor":8,"damage_taken":0},{"event_name":"Accursed Blacksmith","player_choice":"Forge","floor":11,"damage_taken":0},{"event_name":"The Mausoleum","player_choice":"Yes","floor":19,"damage_taken":0},{"event_name":"Purifier","player_choice":"One Purge","floor":20,"damage_taken":0},{"event_name":"Ghosts","player_choice":"Ignored","floor":22,"damage_taken":0},{"event_name":"Golden Shrine","player_choice":"Pray","floor":25,"damage_taken":0},{"event_name":"Beggar","player_choice":"Gave Gold","floor":29,"damage_taken":0},{"event_name":"The Library","player_choice":"Read","floor":31,"damage_taken":0},{"event_name":"Falling","player_choice":"Removed Attack","floor":38,"damage_taken":0},{"event_name":"Tomb of Lord Red Mask","player_choice":"Paid","floor":41,"damage_taken":0},{"event_name":"SecretPortal","player_choice":"Rejected Portal.","floor":46,"damage_taken":0},{"event_name":"Wheel of Change","player_choice":"Curse","floor":47,"damage_taken":0}],"boss_relics":[{"not_picked":["Lizard Tail","Runic Pyramid"],"picked":"Velvet Choker"},{"not_picked":["Runic Dome","White Beast Statue"],"picked":"Empty Cage"}],"items_purged_floors":[30],"is_endless":false,"potions_floor_spawned":[1,5,13,14,21,24,36],"killed_by":"Transient","ascension_level":7}