{"gold_per_floor":[118,293,95,106,124,124,140,140,140,155,24,24,40,65,65,163,163,183,183,98,81,93,93,103,113,163,163],"floor_reached":27,"playtime":1829,"items_purged":["Doubt"],"score":326,"play_id":"c367198e-805d-47a0-aef5-4a83413848e3","local_time":"20180811204210","is_ascension_mode":true,"campfire_choices":[{"data":"Neutralize","floor":6,"key":"SMITH"},{"floor":12,"key":"REST"},{"floor":15,"key":"REST"},{"floor":23,"key":"REST"}],"neow_cost":"","seed_source_timestamp":370597894091740,"circlet_count":0,"master_deck":["Defend_G","Defend_G","Defend_G","Defend_G","Defend_G","Strike_G","Strike_G","Strike_G","Strike_G","Strike_G","Survivor","Neutralize+1","AscendersBane","Dodge and Roll","Noxious Fumes","Sucker Punch","Infinite Blades","Catalyst","Blade Dance","Tools of the Trade","Heel Hook","Sucker Punch","Poisoned Stab","Adrenaline","Underhanded Strike","All Out Attack","Acrobatics","Slice"],"relics":["Ring of the Snake","Paper Crane","Turnip","Shovel","WristBlade","Unceasing Top","Regal Pillow"],"potions_floor_usage":[7,10,16,21,24,25],"damage_taken":[{"damage":3,"enemies":"Jaw Worm","floor":1,"turns":6},{"damage":1,"enemies":"Small Slimes","floor":4,"turns":5},{"damage":1,"enemies":"Cultist","floor":5,"turns":5},{"damage":15,"enemies":"Red Slaver","floor":7,"turns":6},{"damage":2,"enemies":"Exordium Thugs","floor":10,"turns":6},{"damage":3,"enemies":"2 Fungi Beasts","floor":13,"turns":4},{"damage":25,"enemies":"3 Sentries","floor":14,"turns":9},{"damage":36,"enemies":"Slime Boss","floor":16,"turns":11},{"damage":16,"enemies":"Chosen","floor":18,"turns":5},{"damage":14,"enemies":"2 Thieves","floor":21,"turns":4},{"damage":13,"enemies":"Chosen and Byrds","floor":22,"turns":6},{"damage":13,"enemies":"Centurion and Healer","floor":24,"turns":6},{"damage":19,"enemies":"Cultist and Chosen","floor":25,"turns":7},{"damage":6,"enemies":"Sentry and Sphere","floor":27,"turns":2}],"seed_played":"3270825028717038492","potions_obtained":[{"floor":4,"key":"GamblersBrew"},{"floor":5,"key":"GhostInAJar"},{"floor":10,"key":"Strength Potion"},{"floor":18,"key":"EssenceOfSteel"},{"floor":22,"key":"Weak Potion"},{"floor":24,"key":"SkillPotion"}],"is_trial":false,"path_per_floor":["M","?","$","M","M","R","M","T","T","M","$","R","M","E","R","B",null,"M","?","?","M","M","R","M","M","T"],"character_chosen":"THE_SILENT","items_purchased":["Noxious Fumes","Sucker Punch","Heel Hook","Sucker Punch"],"campfire_rested":3,"item_purchase_floors":[3,3,11,11],"current_hp_per_floor":[60,60,60,59,58,58,43,43,43,41,41,62,59,34,55,19,57,41,41,41,27,14,35,22,3,3,0],"gold":163,"neow_bonus":"","is_prod":false,"is_daily":false,"chose_seed":false,"campfire_upgraded":1,"win_rate":0,"timestamp":1534034530,"path_taken":["M","?","$","M","?","R","M","?","T","M","$","R","M","E","R","BOSS","M","?","?","M","M","R","M","M","T","M"],"build_version":"2018-08-09","purchased_purges":1,"victory":false,"max_hp_per_floor":[70,70,70,70,70,70,70,70,70,70,70,70,70,70,70,70,70,70,70,70,70,70,70,70,70,70,70],"card_choices":[{"not_picked":["Dagger Spray","Underhanded Strike"],"picked":"Dodge and Roll","floor":1},{"not_picked":["Flying Knee","Catalyst"],"picked":"Infinite Blades","floor":4},{"not_picked":["Tactician","Prepared"],"picked":"Catalyst","floor":5},{"not_picked":["Prepared","Bane"],"picked":"Blade Dance","floor":7},{"not_picked":["Underhanded Strike","Tactician"],"picked":"Tools of the Trade","floor":10},{"not_picked":["Bane","Dagger Throw","Infinite Blades"],"picked":"SKIP","floor":13},{"not_picked":["Tools of the Trade","Skewer"],"picked":"Poisoned Stab","floor":14},{"not_picked":["Bullet Time","Night Terror"],"picked":"Adrenaline","floor":16},{"not_picked":["Leg Sweep","Dagger Throw+1"],"picked":"Underhanded Strike","floor":18},{"not_picked":["Dagger Throw","Outmaneuver+1"],"picked":"All Out Attack","floor":21},{"not_picked":["Prepared","Dagger Throw+1"],"picked":"Acrobatics","floor":22},{"not_picked":["Envenom","Deflect"],"picked":"Slice","floor":24},{"not_picked":["Quick Slash","Reflex+1","Dagger Spray"],"picked":"SKIP","floor":25}],"player_experience":1484042,"relics_obtained":[{"floor":8,"key":"Paper Crane"},{"floor":9,"key":"Turnip"},{"floor":14,"key":"Shovel"},{"floor":26,"key":"Regal Pillow"}],"event_choices":[{"event_name":"Liars Game","player_choice":"agreed","floor":2,"damage_taken":0},{"event_name":"The Woman in Blue","player_choice":"Bought 0 Potions","floor":19,"damage_taken":0},{"event_name":"Addict","player_choice":"Obtained Relic","floor":20,"damage_taken":0}],"is_beta":false,"boss_relics":[{"not_picked":["Cursed Key","Eternal Feather"],"picked":"WristBlade"}],"items_purged_floors":[3],"is_endless":false,"potions_floor_spawned":[4,5,10,18,22,24],"killed_by":"Sentry and Sphere","ascension_level":10}