{"gold_per_floor":[113,113,129,139,40,40,67,78,78,78,78,108,127,77,77,179,179,193,210,309,323,24,24,24],"floor_reached":24,"playtime":1589,"items_purged":[],"score":319,"play_id":"306fb58e-5800-4357-8794-a654e11c426d","local_time":"20180806170528","is_ascension_mode":true,"campfire_choices":[{"data":"Neutralize","floor":6,"key":"SMITH"},{"data":"Cloak And Dagger","floor":11,"key":"SMITH"},{"floor":15,"key":"REST"},{"data":"Calculated Gamble","floor":23,"key":"SMITH"}],"neow_cost":"","seed_source_timestamp":916564106325357,"circlet_count":0,"master_deck":["Defend_G","Defend_G","Defend_G","Defend_G","Defend_G","Strike_G","Strike_G","Strike_G","Survivor","Neutralize+1","AscendersBane","Infinite Blades","Leg Sweep","Cloak And Dagger+1","Backstab","PiercingWail","Skewer","Endless Agony+1","Calculated Gamble+1","Well Laid Plans","After Image","Underhanded Strike+1","Underhanded Strike+1","Leg Sweep+1"],"relics":["Ring of the Snake","Tough Bandages","Ninja Scroll","Molten Egg 2","Vajra","Snecko Eye","Shuriken"],"potions_floor_usage":[16,21],"damage_taken":[{"damage":6,"enemies":"Small Slimes","floor":1,"turns":6},{"damage":1,"enemies":"Jaw Worm","floor":3,"turns":5},{"damage":0,"enemies":"Cultist","floor":4,"turns":5},{"damage":10,"enemies":"3 Sentries","floor":7,"turns":9},{"damage":2,"enemies":"Exordium Wildlife","floor":8,"turns":7},{"damage":14,"enemies":"Lagavulin","floor":12,"turns":6},{"damage":0,"enemies":"Blue Slaver","floor":13,"turns":2},{"damage":14,"enemies":"Hexaghost","floor":16,"turns":13},{"damage":0,"enemies":"Chosen","floor":18,"turns":5},{"damage":6,"enemies":"Shell Parasite","floor":19,"turns":6},{"damage":21,"enemies":"3 Cultists","floor":21,"turns":7},{"damage":33,"enemies":"Book of Stabbing","floor":24,"turns":4}],"seed_played":"8198083055721395254","potions_obtained":[{"floor":1,"key":"LiquidBronze"},{"floor":4,"key":"GhostInAJar"},{"floor":12,"key":"SkillPotion"},{"floor":21,"key":"Fire Potion"}],"is_trial":false,"path_per_floor":["M","?","M","M","$","R","E","M","T","?","R","E","M","?","R","B",null,"M","M","?","M","$","R"],"character_chosen":"THE_SILENT","items_purchased":["Cloak And Dagger","Backstab","Shuriken","Explosive Potion"],"campfire_rested":1,"item_purchase_floors":[5,5,22,22],"current_hp_per_floor":[57,50,49,49,49,49,39,37,37,37,37,23,23,23,44,30,60,60,54,54,33,33,33,0],"gold":24,"neow_bonus":"","is_prod":false,"is_daily":false,"chose_seed":false,"campfire_upgraded":3,"win_rate":0,"timestamp":1533593128,"path_taken":["M","?","M","?","$","R","E","M","T","?","R","E","M","?","R","BOSS","M","M","?","M","$","R","E"],"build_version":"2018-08-01","purchased_purges":0,"victory":false,"max_hp_per_floor":[70,70,70,70,70,70,70,70,70,70,70,70,70,70,70,70,70,70,70,70,70,70,70,70],"card_choices":[{"not_picked":["Accuracy","Deflect"],"picked":"Infinite Blades","floor":1},{"not_picked":["Deadly Poison","Heel Hook","Crippling Poison"],"picked":"SKIP","floor":3},{"not_picked":["Noxious Fumes","Dodge and Roll"],"picked":"Leg Sweep","floor":4},{"not_picked":["Setup","Slice"],"picked":"PiercingWail","floor":7},{"not_picked":["Deadly Poison","Escape Plan"],"picked":"Skewer","floor":8},{"not_picked":["Blade Dance","Quick Slash+1"],"picked":"Calculated Gamble","floor":12},{"not_picked":["Bouncing Flask","Cloak And Dagger"],"picked":"Well Laid Plans","floor":13},{"not_picked":["Glass Knife+1","Envenom"],"picked":"After Image","floor":16},{"not_picked":["Deflect","Poisoned Stab+1"],"picked":"Underhanded Strike+1","floor":18},{"not_picked":["Outmaneuver+1","Catalyst"],"picked":"Underhanded Strike+1","floor":19},{"not_picked":["Infinite Blades","Sucker Punch+1"],"picked":"Leg Sweep+1","floor":21}],"player_experience":345741,"relics_obtained":[{"floor":7,"key":"Ninja Scroll"},{"floor":9,"key":"Molten Egg 2"},{"floor":12,"key":"Vajra"}],"event_choices":[{"event_name":"Scrap Ooze","player_choice":"success","floor":2,"damage_taken":7},{"event_name":"Living Wall","player_choice":"Change","floor":10,"damage_taken":0},{"event_name":"The Cleric","player_choice":"Card Removal","floor":14,"damage_taken":0},{"event_name":"Nest","player_choice":"Stole From Cult","floor":20,"damage_taken":0}],"is_beta":true,"boss_relics":[{"not_picked":["Velvet Choker","Black Star"],"picked":"Snecko Eye"}],"items_purged_floors":[],"is_endless":false,"potions_floor_spawned":[1,4,8,12,21],"killed_by":"Book of Stabbing","ascension_level":11}