{"gold_per_floor":[114,129,129,144,219,219,234,264,264,264,279,309,324,110,110,210,210,225],"floor_reached":18,"playtime":419,"items_purged":[],"score":164,"play_id":"2a362923-48c8-4db1-aeb9-bc680f2f0f17","local_time":"20190210155948","daily_mods":["Chimera","Uncertain Future","Binary"],"is_ascension_mode":false,"campfire_choices":[{"data":"Bash","floor":6.0,"key":"SMITH"},{"data":"Coolheaded","floor":10.0,"key":"SMITH"},{"data":"Defragment","floor":15.0,"key":"SMITH"}],"neow_cost":"","seed_source_timestamp":0,"circlet_count":0,"master_deck":["Bash+1","Survivor","Zap","Strike_R","Strike_G","Strike_B","Defend_R","Defend_G","Defend_B","Melter","Tempest+1","Streamline","Coolheaded+1","Skim","Defragment+1","Fission","Tempest+1"],"special_seed":17936,"relics":["Cracked Core","Omamori","The Courier","Lantern","Chemical X","Nuclear Battery"],"potions_floor_usage":[],"damage_taken":[{"damage":0.0,"enemies":"Small Slimes","floor":1.0,"turns":3.0},{"damage":0.0,"enemies":"2 Louse","floor":2.0,"turns":3.0},{"damage":0.0,"enemies":"Cultist","floor":4.0,"turns":2.0},{"damage":0.0,"enemies":"2 Fungi Beasts","floor":7.0,"turns":3.0},{"damage":14.0,"enemies":"Gremlin Nob","floor":8.0,"turns":3.0},{"damage":3.0,"enemies":"Looter","floor":11.0,"turns":3.0},{"damage":10.0,"enemies":"Exordium Thugs","floor":13.0,"turns":4.0},{"damage":18.0,"enemies":"The Guardian","floor":16.0,"turns":12.0},{"damage":0,"enemies":"Chosen","floor":18,"turns":3}],"seed_played":"-7331181694979665872","potions_obtained":[{"floor":2.0,"key":"Poison Potion"},{"floor":13.0,"key":"LiquidBronze"},{"floor":16.0,"key":"FocusPotion"}],"is_trial":false,"path_per_floor":["M","M","?","M","?","R","M","E","T","R","M","?","M","$","R","B",null,"M"],"character_chosen":"DEFECT","items_purchased":["Defragment","Chemical X"],"campfire_rested":0,"item_purchase_floors":[14,14],"current_hp_per_floor":[75,75,75,75,64,64,64,50,50,50,47,47,37,37,37,19,75,75],"gold":225,"neow_bonus":"","is_prod":false,"is_daily":true,"chose_seed":false,"campfire_upgraded":3,"win_rate":0,"timestamp":1549810788,"path_taken":["M","M","?","M","?","R","M","E","T","R","M","?","M","$","R","BOSS","M"],"build_version":"2019-01-23","purchased_purges":0,"victory":false,"max_hp_per_floor":[75,75,75,75,75,75,75,75,75,75,75,75,75,75,75,75,75,75],"card_choices":[{"not_picked":["Gash"],"picked":"Melter","floor":1.0},{"not_picked":["Hello World"],"picked":"Tempest","floor":2.0},{"not_picked":["Steam"],"picked":"Streamline","floor":4.0},{"not_picked":["Auto Shields"],"picked":"Coolheaded","floor":7.0},{"not_picked":["Streamline","Scrape"],"picked":"SKIP","floor":8.0},{"not_picked":["Rebound","Gash"],"picked":"SKIP","floor":11.0},{"not_picked":["Beam Cell"],"picked":"Skim","floor":13.0},{"not_picked":["Meteor Strike"],"picked":"Fission","floor":16.0},{"not_picked":["Go for the Eyes"],"picked":"Tempest+1","floor":18}],"player_experience":1955630,"relics_obtained":[{"floor":8.0,"key":"Omamori"},{"floor":9.0,"key":"The Courier"}],"event_choices":[{"damage_healed":0.0,"max_hp_gain":0.0,"max_hp_loss":0.0,"gold_gain":0.0,"event_name":"Living Wall","player_choice":"Grow","floor":3.0,"gold_loss":0.0,"damage_taken":0.0,"cards_upgraded":["Tempest"]},{"damage_healed":0.0,"max_hp_gain":0.0,"max_hp_loss":0.0,"gold_gain":75.0,"event_name":"World of Goop","player_choice":"Gather Gold","floor":5.0,"gold_loss":0.0,"damage_taken":11.0},{"damage_healed":0.0,"max_hp_gain":0.0,"max_hp_loss":0.0,"gold_gain":30.0,"event_name":"Dead Adventurer","player_choice":"Searched \u00272\u0027 times","floor":12.0,"gold_loss":0.0,"damage_taken":0.0,"relics_obtained":["Lantern"]}],"is_beta":false,"boss_relics":[{"not_picked":["Philosopher\u0027s Stone","FrozenCore"],"picked":"Nuclear Battery"}],"items_purged_floors":[],"is_endless":false,"potions_floor_spawned":[1,2,13,16],"killed_by":"Chosen","ascension_level":0}