{"path_per_floor":["M","?","M","?","M","R","E","M","T","?","?","$","M","?","R","B",null,"M"],"character_chosen":"DEFECT","items_purchased":["Oddly Smooth Stone"],"gold_per_floor":[119,119,136,136,146,146,180,191,191,191,191,10,30,30,30,158,158,179,179],"floor_reached":19,"campfire_rested":2,"playtime":1233,"item_purchase_floors":[12],"current_hp_per_floor":[63,68,61,61,56,80,48,48,48,48,45,45,42,42,64,37,65,9,0],"items_purged":["Strike_B"],"gold":179,"score":217,"play_id":"4077c642-0f7b-4fdf-8829-eb37e1ab08bf","local_time":"20180621212810","is_prod":false,"is_daily":false,"chose_seed":false,"is_ascension_mode":true,"campfire_upgraded":0,"win_rate":0,"timestamp":1529630890,"campfire_choices":[{"floor":6.0,"key":"REST"},{"floor":15,"key":"REST"}],"path_taken":["M","?","M","?","M","R","E","M","T","?","?","$","?","?","R","BOSS","M","M"],"build_version":"2018-06-14v2","seed_source_timestamp":664108157388999,"purchased_purges":1,"victory":false,"master_deck":["Strike_B","Strike_B","Strike_B","Defend_B","Defend_B","Defend_B","Defend_B","Zap","Dualcast","Glacier","Leap","Consume","Leap","Static Discharge","Static Discharge","Seek","Redo"],"max_hp_per_floor":[75,80,80,80,80,80,80,80,80,80,80,80,80,74,74,74,74,74,79],"special_seed":0,"relics":["White Beast Statue","Symbiotic Virus","Dodecahedron","The Courier","Oddly Smooth Stone","Golden Idol","Black Star"],"card_choices":[{"not_picked":["Coolheaded","Undo"],"picked":"Glacier","floor":1.0},{"not_picked":["Rebound","Turbo"],"picked":"Leap","floor":3.0},{"not_picked":["Reinforced Body","Reprogram"],"picked":"Consume","floor":5.0},{"not_picked":["Rebound","Compile Driver"],"picked":"Leap","floor":7},{"not_picked":["Turbo","Steam"],"picked":"Static Discharge","floor":8},{"not_picked":["Conserve Battery","Aggregate"],"picked":"Static Discharge","floor":13},{"not_picked":["Hyperbeam","Biased Cognition"],"picked":"Seek","floor":16},{"not_picked":["Stack","Leap"],"picked":"Redo","floor":18}],"player_experience":687887,"potions_floor_usage":[7,8,16,16,19],"damage_taken":[{"damage":5.0,"enemies":"Small Slimes","floor":1.0,"turns":3.0},{"damage":7.0,"enemies":"Jaw Worm","floor":3.0,"turns":4.0},{"damage":5.0,"enemies":"2 Louse","floor":5.0,"turns":4.0},{"damage":32,"enemies":"Lagavulin","floor":7,"turns":10},{"damage":0,"enemies":"2 Fungi Beasts","floor":8,"turns":5},{"damage":3,"enemies":"3 Louse","floor":13,"turns":6},{"damage":42,"enemies":"Slime Boss","floor":16,"turns":15},{"damage":56,"enemies":"2 Thieves","floor":18,"turns":3},{"damage":15,"enemies":"Spheric Guardian","floor":19,"turns":7}],"relics_obtained":[{"floor":7,"key":"Symbiotic Virus"},{"floor":9,"key":"Dodecahedron"}],"event_choices":[{"event_name":"Big Fish","player_choice":"Donut","floor":2.0,"damage_taken":0.0},{"event_name":"Shining Light","player_choice":"Ignored","floor":4.0,"damage_taken":0.0},{"event_name":"Liars Game","player_choice":"disagreed","floor":10,"damage_taken":0},{"event_name":"Scrap Ooze","player_choice":"success","floor":11,"damage_taken":3},{"event_name":"Golden Idol","player_choice":"Lose Max HP","floor":14,"damage_taken":0}],"boss_relics":[{"not_picked":["Runic Dome","Pandora\u0027s Box"],"picked":"Black Star"}],"items_purged_floors":[12],"is_endless":false,"potions_floor_spawned":[1,3,5,7,8,13,16,18],"seed_played":"-4625962680899363779","killed_by":"Spheric Guardian","ascension_level":6,"potions_obtained":[{"floor":1.0,"key":"Fire Potion"},{"floor":3.0,"key":"SpeedPotion"},{"floor":5.0,"key":"AttackPotion"},{"floor":7,"key":"AttackPotion"},{"floor":8,"key":"EssenceOfSteel"},{"floor":13,"key":"Regen Potion"},{"floor":16,"key":"Ancient Potion"},{"floor":18,"key":"Fruit Juice"}],"is_trial":false}