{"gold_per_floor":[115,65,65,65,65,65,65,65,65,78,78,105,24,41,41,136,136,150,161,15,32,50,50,67,82,82,92,111,111,125,145,145,242,242,261,261,281,214,227,227,242,18,18,45,45,45,45,45,45,45],"floor_reached":51,"playtime":3021,"items_purged":["Strike_G"],"score":773,"play_id":"c992506a-8be4-4498-89c0-6831226b70ef","local_time":"20181226205408","is_ascension_mode":true,"campfire_choices":[{"data":"Tools of the Trade","floor":6.0,"key":"SMITH"},{"data":"Accuracy","floor":8.0,"key":"SMITH"},{"data":"Noxious Fumes","floor":15.0,"key":"SMITH"},{"floor":23.0,"key":"REST"},{"floor":29.0,"key":"REST"},{"floor":32.0,"key":"REST"},{"data":"Cloak And Dagger","floor":40.0,"key":"SMITH"},{"floor":46,"key":"REST"},{"floor":49,"key":"REST"}],"neow_cost":"NONE","seed_source_timestamp":70191862321501,"circlet_count":0,"master_deck":["Defend_G","Defend_G","Defend_G","Defend_G","Strike_G","Strike_G","Survivor","Neutralize+1","Tools of the Trade+1","Well Laid Plans+1","Accuracy+1","Noxious Fumes+1","Bane","Infinite Blades","Noxious Fumes","Adrenaline","Accuracy","Footwork","Blur","Cloak And Dagger+1","Cloak And Dagger","Backflip","Blade Dance+1","Choke+1","Cloak And Dagger","Distraction","Underhanded Strike+1","Apotheosis","Accuracy"],"special_seed":0,"relics":["Ring of the Snake","Tingsha","Odd Mushroom","Cursed Key","Busted Crown","Peace Pipe","Dodecahedron"],"potions_floor_usage":[44,50,50],"damage_taken":[{"damage":6.0,"enemies":"Cultist","floor":1.0,"turns":5.0},{"damage":0.0,"enemies":"Gremlin Nob","floor":7.0,"turns":1.0},{"damage":0.0,"enemies":"Jaw Worm","floor":10.0,"turns":4.0},{"damage":19.0,"enemies":"The Mushroom Lair","floor":12.0,"turns":5.0},{"damage":1.0,"enemies":"2 Louse","floor":14.0,"turns":3.0},{"damage":24.0,"enemies":"The Guardian","floor":16.0,"turns":9.0},{"damage":14.0,"enemies":"Chosen","floor":18.0,"turns":5.0},{"damage":2.0,"enemies":"3 Byrds","floor":19.0,"turns":3.0},{"damage":15.0,"enemies":"Centurion and Healer","floor":21.0,"turns":5.0},{"damage":22.0,"enemies":"Snake Plant","floor":22.0,"turns":4.0},{"damage":14.0,"enemies":"Snecko","floor":24.0,"turns":7.0},{"damage":8.0,"enemies":"Centurion and Healer","floor":25.0,"turns":6.0},{"damage":16.0,"enemies":"3 Cultists","floor":27.0,"turns":6.0},{"damage":0.0,"enemies":"Shelled Parasite and Fungi","floor":28.0,"turns":5.0},{"damage":3.0,"enemies":"Centurion and Healer","floor":30.0,"turns":5.0},{"damage":3.0,"enemies":"Snecko","floor":31.0,"turns":4.0},{"damage":10.0,"enemies":"Champ","floor":33.0,"turns":9.0},{"damage":22.0,"enemies":"3 Shapes","floor":35.0,"turns":4.0},{"damage":1.0,"enemies":"Orb Walker","floor":37.0,"turns":5.0},{"damage":5.0,"enemies":"Sphere and 2 Shapes","floor":39.0,"turns":5.0},{"damage":18.0,"enemies":"3 Darklings","floor":41.0,"turns":5.0},{"damage":3,"enemies":"Giant Head","floor":44,"turns":7},{"damage":33,"enemies":"Donu and Deca","floor":50,"turns":9}],"seed_played":"-628390856465519141","potions_obtained":[{"floor":1.0,"key":"SmokeBomb"},{"floor":12.0,"key":"Strength Potion"},{"floor":14.0,"key":"Fruit Juice"},{"floor":18.0,"key":"LiquidBronze"},{"floor":21.0,"key":"Fire Potion"},{"floor":28.0,"key":"GhostInAJar"},{"floor":31.0,"key":"Dexterity Potion"},{"floor":35.0,"key":"SpeedPotion"},{"floor":37.0,"key":"GamblersBrew"},{"floor":48,"key":"SteroidPotion"},{"floor":48,"key":"Weak Potion"}],"is_trial":false,"path_per_floor":["M","?","?","?","?","R","E","R","T","M","?","?","$","M","R","B",null,"M","M","$","M","M","R","M","M","T","M","M","R","M","M","R","B",null,"M","?","M","?","M","R","M","$","T","E","T","R","?","?","R","B",null],"character_chosen":"THE_SILENT","items_purchased":["Infinite Blades","Blur","Apotheosis","AttackPotion"],"campfire_rested":5,"item_purchase_floors":[13,20,42,42],"current_hp_per_floor":[64,64,57,43,43,43,43,43,43,43,43,24,24,28,28,4,75,61,59,59,44,22,44,30,22,22,6,6,28,25,22,44,34,75,53,53,52,52,47,47,29,29,29,26,26,48,48,48,69,36],"gold":45,"neow_bonus":"ONE_RANDOM_RARE_CARD","is_prod":false,"is_daily":false,"chose_seed":false,"campfire_upgraded":4,"win_rate":0,"timestamp":1545825248,"path_taken":["M","?","?","?","?","R","E","R","T","M","?","?","?","M","R","BOSS","M","M","$","M","M","R","M","?","T","M","M","R","M","M","R","BOSS","M","?","?","?","M","R","?","$","T","E","?","R","?","?","R","BOSS"],"build_version":"2018-12-20","purchased_purges":1,"victory":true,"max_hp_per_floor":[70,70,70,70,70,70,70,70,70,70,70,70,70,75,75,75,75,75,75,75,75,75,75,75,75,75,75,75,75,75,75,75,75,75,75,75,75,75,75,75,75,75,75,75,75,75,71,71,71,71],"card_choices":[{"not_picked":["Dodge and Roll","Poisoned Stab"],"picked":"Well Laid Plans","floor":1.0},{"not_picked":["Catalyst","Sucker Punch"],"picked":"Noxious Fumes","floor":10.0},{"not_picked":["Riddle With Holes","Night Terror"],"picked":"Bane","floor":12.0},{"not_picked":["Underhanded Strike","Setup"],"picked":"Noxious Fumes","floor":14.0},{"not_picked":["Bullet Time","Phantasmal Killer"],"picked":"Adrenaline","floor":16.0},{"not_picked":["Quick Slash","Skewer"],"picked":"Accuracy","floor":18.0},{"not_picked":["Deadly Poison","Noxious Fumes"],"picked":"Footwork","floor":19.0},{"not_picked":["Blade Dance+1","Deflect"],"picked":"Cloak And Dagger","floor":21.0},{"not_picked":["Flying Knee","Sucker Punch"],"picked":"Cloak And Dagger","floor":22.0},{"not_picked":["Backstab","Setup"],"picked":"Backflip","floor":24.0},{"not_picked":["Backflip","PiercingWail+1","Deflect"],"picked":"SKIP","floor":25.0},{"not_picked":["Dodge and Roll","Masterful Stab"],"picked":"Blade Dance+1","floor":27.0},{"not_picked":["Quick Slash+1","Prepared+1"],"picked":"Choke+1","floor":28.0},{"not_picked":["Blade Dance","Deflect"],"picked":"Cloak And Dagger","floor":30.0},{"not_picked":["Dagger Spray","Bullet Time"],"picked":"Distraction","floor":31.0},{"not_picked":[],"picked":"Underhanded Strike+1","floor":35.0},{"not_picked":["Predator"],"picked":"SKIP","floor":37.0},{"not_picked":["Underhanded Strike"],"picked":"SKIP","floor":39.0},{"not_picked":["Deadly Poison+1"],"picked":"SKIP","floor":41.0},{"not_picked":[],"picked":"Accuracy","floor":44}],"player_experience":255789,"relics_obtained":[{"floor":9.0,"key":"Tingsha"},{"floor":12.0,"key":"Odd Mushroom"},{"floor":44,"key":"Dodecahedron"}],"event_choices":[{"cards_removed":["Defend_G"],"damage_healed":0.0,"max_hp_gain":0.0,"max_hp_loss":0.0,"gold_gain":0.0,"event_name":"The Cleric","player_choice":"Card Removal","floor":2.0,"gold_loss":50.0,"damage_taken":0.0},{"cards_removed":["Strike_G"],"damage_healed":0.0,"max_hp_gain":0.0,"max_hp_loss":0.0,"gold_gain":0.0,"event_name":"Golden Wing","player_choice":"Card Removal","floor":3.0,"gold_loss":0.0,"damage_taken":7.0},{"damage_healed":0.0,"max_hp_gain":0.0,"max_hp_loss":0.0,"gold_gain":0.0,"event_name":"Shining Light","player_choice":"Entered Light","floor":4.0,"gold_loss":0.0,"damage_taken":14.0,"cards_upgraded":["Well Laid Plans","Neutralize"]},{"damage_healed":0.0,"max_hp_gain":0.0,"max_hp_loss":0.0,"gold_gain":0.0,"cards_transformed":["Strike_G"],"event_name":"Living Wall","player_choice":"Change","floor":5.0,"gold_loss":0.0,"damage_taken":0.0,"cards_obtained":["Accuracy"]},{"damage_healed":0.0,"max_hp_gain":0.0,"max_hp_loss":0.0,"gold_gain":0.0,"event_name":"Liars Game","player_choice":"Ignored","floor":11.0,"gold_loss":0.0,"damage_taken":0.0},{"damage_healed":0.0,"max_hp_gain":0.0,"max_hp_loss":0.0,"gold_gain":0.0,"event_name":"Mushrooms","player_choice":"Fought Mushrooms","floor":12.0,"gold_loss":0.0,"damage_taken":0.0},{"damage_healed":0.0,"max_hp_gain":0.0,"max_hp_loss":0.0,"gold_gain":0.0,"event_name":"Match and Keep!","player_choice":"0 cards matched","floor":36.0,"gold_loss":0.0,"damage_taken":0.0,"cards_obtained":[]},{"damage_healed":0.0,"max_hp_gain":0.0,"max_hp_loss":0.0,"gold_gain":0.0,"event_name":"WeMeetAgain","player_choice":"Paid Gold","floor":38.0,"gold_loss":67.0,"damage_taken":0.0,"relics_obtained":["Peace Pipe"]},{"damage_healed":0,"gold_gain":0,"player_choice":"Max HP","damage_taken":0,"max_hp_gain":0,"max_hp_loss":4,"event_name":"Winding Halls","floor":47,"gold_loss":0},{"damage_healed":0,"gold_gain":0,"player_choice":"Got Potions","damage_taken":0,"max_hp_gain":0,"max_hp_loss":0,"event_name":"Lab","floor":48,"gold_loss":0}],"is_beta":false,"boss_relics":[{"not_picked":["Pandora\u0027s Box","Empty Cage"],"picked":"Cursed Key"},{"not_picked":["Lizard Tail","Philosopher\u0027s Stone"],"picked":"Busted Crown"}],"items_purged_floors":[20],"is_endless":false,"potions_floor_spawned":[1,12,14,18,21,28,31,35,37],"ascension_level":3}