{"gold_per_floor":[113,124,135,145,145,171,191,191],"floor_reached":8,"playtime":272,"items_purged":[],"score":114,"play_id":"216e98e3-351c-43b2-adcf-76bf41252003","local_time":"20190121215143","is_ascension_mode":true,"campfire_choices":[],"neow_cost":"NONE","seed_source_timestamp":135308571767971,"circlet_count":0,"master_deck":["AscendersBane","Strike_B","Strike_B","Strike_B","Strike_B","Defend_B","Defend_B","Defend_B","Defend_B","Zap","Dualcast","Heatsinks","Doom and Gloom","Static Discharge","White Noise","Reinforced Body","Conserve Battery"],"relics":["Cracked Core","NeowsBlessing","Blue Candle"],"potions_floor_usage":[6,8,8],"damage_taken":[{"damage":0,"enemies":"Small Slimes","floor":1,"turns":1},{"damage":0,"enemies":"Jaw Worm","floor":2,"turns":1},{"damage":0,"enemies":"2 Louse","floor":3,"turns":2},{"damage":17,"enemies":"Gremlin Gang","floor":4,"turns":4},{"damage":20,"enemies":"Lagavulin","floor":6,"turns":6},{"damage":12,"enemies":"2 Fungi Beasts","floor":7,"turns":4},{"damage":23,"enemies":"Gremlin Nob","floor":8,"turns":3}],"seed_played":"1625808221713275143","potions_obtained":[{"floor":1,"key":"AttackPotion"},{"floor":3,"key":"AttackPotion"},{"floor":7,"key":"Weak Potion"}],"is_trial":false,"path_per_floor":["M","M","M","M","?","E","M","E"],"character_chosen":"DEFECT","items_purchased":[],"campfire_rested":0,"item_purchase_floors":[],"current_hp_per_floor":[64,64,64,47,47,27,15,0],"gold":191,"neow_bonus":"THREE_ENEMY_KILL","is_prod":false,"is_daily":false,"chose_seed":false,"campfire_upgraded":0,"win_rate":0,"timestamp":1548125503,"path_taken":["M","M","M","M","?","E","M","E"],"build_version":"2019-01-17v2","purchased_purges":0,"victory":false,"max_hp_per_floor":[71,71,71,71,71,71,71,71],"card_choices":[{"not_picked":["Lockon","Hello World"],"picked":"Heatsinks","floor":1},{"not_picked":["Rebound","Chill"],"picked":"Doom and Gloom","floor":2},{"not_picked":["Rebound","Steam"],"picked":"Static Discharge","floor":3},{"not_picked":["Chill","Gash"],"picked":"White Noise","floor":4},{"not_picked":["Redo","Biased Cognition"],"picked":"Reinforced Body","floor":6},{"not_picked":["Consume","Leap"],"picked":"Conserve Battery","floor":7}],"player_experience":2200841,"relics_obtained":[{"floor":6,"key":"Blue Candle"}],"event_choices":[{"damage_healed":0,"gold_gain":0,"player_choice":"Ignored","damage_taken":0,"max_hp_gain":0,"max_hp_loss":0,"event_name":"Liars Game","floor":5,"gold_loss":0}],"is_beta":false,"boss_relics":[],"items_purged_floors":[],"is_endless":false,"potions_floor_spawned":[1,3,7],"killed_by":"Gremlin Nob","ascension_level":18}