{"gold_per_floor":[413,413,488,131,149,149,175,175,175,175,201,280,280,295,295,400,430,448,461,386,406,420,420,438,438,484,178,178,195,209,277,277,378,378,394,444,546,46,61,61,77,94,164,64,64,79,129,148,148,252,252,263,273,273,290,306,306,431,481,504,627,627,640,657,685,685,789,789,801,820,870,920,171,171,183,183,210,291,291,316,334,384,384,485,485,499,595,615,469,481,481,531,581,608,53,103,119,119,169,169,265,265,278,328,378,128,141,215,232,232,259,259,309,324,356,100,100,202,202,213,224,274,324,374,374,403,403,435,485,485,240,290,305,305,305],"floor_reached":135,"playtime":4953,"items_purged":[],"score":3661,"play_id":"595d1c79-f44b-43da-bd5c-ef711adaba13","local_time":"20180629174117","daily_mods":["Draft","Diverse","Heirloom","Allstar"],"is_ascension_mode":false,"campfire_choices":[{"data":"1","floor":6.0,"key":"LIFT"},{"data":"2","floor":8.0,"key":"LIFT"},{"data":"3","floor":15.0,"key":"LIFT"},{"floor":23.0,"key":"REST"},{"data":"Thunderclap","floor":32.0,"key":"SMITH"},{"data":"Madness","floor":40.0,"key":"SMITH"},{"data":"Madness","floor":45.0,"key":"SMITH"},{"data":"Seeing Red","floor":49.0,"key":"SMITH"},{"data":"Thunderclap","floor":57.0,"key":"SMITH"},{"data":"Noxious Fumes","floor":62.0,"key":"SMITH"},{"data":"Backstab","floor":66.0,"key":"SMITH"},{"data":"Dash","floor":74.0,"key":"SMITH"},{"data":"Genetic Algorithm","floor":79.0,"key":"SMITH"},{"data":"Shrug It Off","floor":83.0,"key":"SMITH"},{"data":"Reaper","floor":91,"key":"SMITH"},{"data":"Backstab","floor":98,"key":"SMITH"},{"data":"Reaper","floor":100,"key":"SMITH"},{"data":"Mind Blast","floor":110,"key":"SMITH"},{"data":"Conserve Battery","floor":112,"key":"SMITH"},{"data":"Conserve Battery","floor":117,"key":"SMITH"},{"data":"RitualDagger","floor":125,"key":"SMITH"},{"data":"Backflip","floor":127,"key":"SMITH"},{"data":"Rebound","floor":130,"key":"SMITH"},{"data":"Quick Slash","floor":134,"key":"SMITH"}],"neow_cost":"","seed_source_timestamp":0,"circlet_count":0,"master_deck":["Thunderclap+1","Hologram+1","Quick Slash","Dash+1","Rebound+1","Seeing Red+1","Noxious Fumes+1","Backflip+1","Beam Cell+1","Headbutt","Quick Slash+1","Melter","Backstab+1","Thunderclap+1","Shrug It Off+1","Electrodynamics+1","Noxious Fumes+1","Footwork+1","Backstab+1","Backstab+1","Anger+1","Madness+1","Madness+1","Reaper+1","Anger+1","Reaper+1","Conserve Battery+1","Conserve Battery+1","Footwork+1","Genetic Algorithm+1","Static Discharge+1","Cleave+1","Dramatic Entrance+1","Storm+1","Offering","Mind Blast+1","Rebound+1","RitualDagger+1","Caltrops+1"],"special_seed":0,"relics":["Burning Blood","Old Coin","Frozen Egg 2","Girya","Shuriken","Letter Opener","Pen Nib","Mummified Hand","Tiny House","Bag of Preparation","Dead Branch","SsserpentHead","Runic Pyramid","Vajra","Bottled Flame","Bottled Tornado","Toolbox","Juzu Bracelet","Du-Vu Doll","White Beast Statue","Omamori","Paper Frog","Meat on the Bone","Red Mask","Peace Pipe","Strawberry","Red Skull","Kunai","Sundial","Bag of Marbles","Odd Mushroom","Blood Vial","Ancient Tea Set","Orichalcum","Nloth\u0027s Gift","Dream Catcher","Boot"],"potions_floor_usage":[90],"damage_taken":[{"damage":6.0,"enemies":"Cultist","floor":1.0,"turns":3.0},{"damage":0.0,"enemies":"Small Slimes","floor":5.0,"turns":2.0},{"damage":11.0,"enemies":"Gremlin Nob","floor":7.0,"turns":3.0},{"damage":8.0,"enemies":"3 Sentries","floor":11.0,"turns":4.0},{"damage":0.0,"enemies":"2 Louse","floor":14.0,"turns":1.0},{"damage":36.0,"enemies":"Hexaghost","floor":16.0,"turns":7.0},{"damage":1.0,"enemies":"Spheric Guardian","floor":18.0,"turns":3.0},{"damage":12.0,"enemies":"2 Thieves","floor":19.0,"turns":2.0},{"damage":18.0,"enemies":"Centurion and Healer","floor":21.0,"turns":3.0},{"damage":21.0,"enemies":"Snake Plant","floor":22.0,"turns":2.0},{"damage":6.0,"enemies":"3 Cultists","floor":24.0,"turns":4.0},{"damage":0.0,"enemies":"Cultist and Chosen","floor":29.0,"turns":2.0},{"damage":1.0,"enemies":"Centurion and Healer","floor":30.0,"turns":2.0},{"damage":0.0,"enemies":"Chosen and Byrds","floor":31.0,"turns":1.0},{"damage":26.0,"enemies":"Collector","floor":33.0,"turns":5.0},{"damage":2.0,"enemies":"Orb Walker","floor":35.0,"turns":2.0},{"damage":0.0,"enemies":"3 Darklings","floor":39.0,"turns":1.0},{"damage":0.0,"enemies":"Flame Bruiser 2 Orb","floor":41.0,"turns":1.0},{"damage":0.0,"enemies":"Maw","floor":42.0,"turns":4.0},{"damage":6.0,"enemies":"4 Shapes","floor":46.0,"turns":2.0},{"damage":3.0,"floor":47.0,"turns":3.0},{"damage":0.0,"enemies":"Flame Bruiser 2 Orb","floor":48.0,"turns":1.0},{"damage":84.0,"enemies":"Awakened One","floor":50.0,"turns":8.0},{"damage":0.0,"enemies":"Jaw Worm","floor":52.0,"turns":1.0},{"damage":0.0,"enemies":"Small Slimes","floor":53.0,"turns":1.0},{"damage":0.0,"enemies":"Cultist","floor":55.0,"turns":1.0},{"damage":0.0,"enemies":"Exordium Thugs","floor":56.0,"turns":1.0},{"damage":0.0,"enemies":"Looter","floor":63.0,"turns":1.0},{"damage":0.0,"enemies":"Gremlin Gang","floor":64.0,"turns":1.0},{"damage":0.0,"enemies":"Gremlin Nob","floor":65.0,"turns":1.0},{"damage":67.0,"enemies":"The Guardian","floor":67.0,"turns":5.0},{"damage":8.0,"enemies":"2 Thieves","floor":69.0,"turns":2.0},{"damage":0.0,"enemies":"Chosen","floor":70.0,"turns":1.0},{"damage":0.0,"enemies":"Centurion and Healer","floor":75.0,"turns":1.0},{"damage":0.0,"enemies":"Gremlin Leader","floor":77.0,"turns":1.0},{"damage":0.0,"floor":78.0,"turns":1.0},{"damage":0.0,"enemies":"Slavers","floor":80.0,"turns":1.0},{"damage":0.0,"enemies":"Snake Plant","floor":81.0,"turns":1.0},{"damage":25.0,"enemies":"Automaton","floor":84.0,"turns":6.0},{"damage":21.0,"enemies":"3 Shapes","floor":86.0,"turns":1.0},{"damage":16.0,"floor":87.0,"turns":2.0},{"damage":0.0,"enemies":"Orb Walker","floor":88.0,"turns":1.0},{"damage":42,"enemies":"Spire Growth","floor":90,"turns":4},{"damage":3,"enemies":"Nemesis","floor":94,"turns":1},{"damage":0,"enemies":"Flame Bruiser 2 Orb","floor":97,"turns":2},{"damage":0,"floor":99,"turns":2},{"damage":28,"enemies":"Donu and Deca","floor":101,"turns":5},{"damage":0,"enemies":"Small Slimes","floor":103,"turns":1},{"damage":0,"enemies":"Jaw Worm","floor":107,"turns":1},{"damage":0,"floor":108,"turns":1},{"damage":0,"enemies":"Cultist","floor":109,"turns":1},{"damage":0,"enemies":"Lagavulin","floor":111,"turns":1},{"damage":0,"enemies":"Exordium Thugs","floor":114,"turns":1},{"damage":0,"enemies":"Gremlin Nob","floor":115,"turns":1},{"damage":0,"enemies":"Slime Boss","floor":118,"turns":1},{"damage":0,"enemies":"2 Thieves","floor":120,"turns":1},{"damage":0,"enemies":"Spheric Guardian","floor":121,"turns":1},{"damage":0,"enemies":"Slavers","floor":126,"turns":1},{"damage":29,"enemies":"Gremlin Leader","floor":128,"turns":2},{"damage":0,"enemies":"3 Cultists","floor":133,"turns":1},{"damage":102,"enemies":"Champ","floor":135,"turns":4}],"seed_played":"7489790572397604491","potions_obtained":[{"floor":1.0,"key":"PowerPotion"},{"floor":14.0,"key":"Ancient Potion"},{"floor":16.0,"key":"FearPotion"},{"floor":17.0,"key":"Fruit Juice"},{"floor":18.0,"key":"Dexterity Potion"},{"floor":19.0,"key":"Dexterity Potion"},{"floor":24.0,"key":"Block Potion"},{"floor":52.0,"key":"Block Potion"},{"floor":53.0,"key":"SteroidPotion"},{"floor":55.0,"key":"Dexterity Potion"},{"floor":56.0,"key":"LiquidBronze"},{"floor":64.0,"key":"SkillPotion"},{"floor":69.0,"key":"Swift Potion"},{"floor":70.0,"key":"Strength Potion"},{"floor":84.0,"key":"Ancient Potion"},{"floor":86.0,"key":"Weak Potion"},{"floor":90,"key":"Swift Potion"},{"floor":97,"key":"LiquidBronze"}],"is_trial":true,"path_per_floor":["M","T","?","$","M","R","E","R","T","?","E","?","T","M","R","B",null,"M","M","?","M","M","R","M","?","T","$","?","M","M","M","R","B",null,"M","?","T","$","M","R","M","M","T","$","R","M","?","M","R","B",null,"M","M","?","M","M","R","?","?","T","?","R","M","M","E","R","B",null,"M","M","?","?","$","R","M","$","E","?","R","E","M","?","R","B",null,"M","?","M","$","M","R","?","?","E","$","?","M","R","?","R","B",null,"M","?","?","$","M","?","M","R","E","R","?","M","E","$","R","B",null,"M","M","?","?","?","R","E","R","E","?","R","$","?","M","R"],"character_chosen":"IRONCLAD","items_purchased":["Girya","Sweeping Beam","Dead Branch","Bottled Flame","Bottled Tornado","Juzu Bracelet","Paper Frog","Dodecahedron","Meat on the Bone","Strawberry","Red Skull","Kunai","Bag of Marbles","Mind Blast","Ancient Tea Set","Orichalcum","Dream Catcher","Boot"],"campfire_rested":1,"item_purchase_floors":[],"current_hp_per_floor":[80,80,69,69,75,75,70,70,70,70,68,68,68,74,74,44,85,85,84,84,72,57,84,84,84,84,84,84,90,90,90,90,70,90,90,79,79,79,85,85,90,90,90,90,90,90,90,90,90,12,90,90,90,90,90,90,90,79,79,79,79,79,85,90,90,90,44,90,88,90,90,90,90,90,90,90,90,90,90,90,90,90,90,82,45,30,32,38,45,30,30,30,30,50,50,50,52,52,52,52,36,52,52,52,42,42,48,52,52,52,52,52,45,52,52,52,52,52,52,52,52,52,46,46,46,52,52,41,41,41,41,41,49,49,0],"gold":305,"neow_bonus":"","is_prod":false,"is_daily":false,"chose_seed":false,"campfire_upgraded":20,"win_rate":0,"timestamp":1530312077,"path_taken":["M","?","?","$","?","R","E","R","T","?","E","?","?","?","R","BOSS","M","M","?","M","M","R","M","?","T","$","?","M","M","?","R","BOSS","M","?","?","$","M","R","M","M","T","?","R","M","?","M","R","BOSS","M","M","?","M","M","R","?","?","T","?","R","M","M","E","R","BOSS","M","M","?","?","$","R","M","$","E","?","R","E","M","?","R","BOSS","M","?","M","$","M","R","?","?","E","$","?","M","R","?","R","BOSS","M","?","?","$","M","?","M","R","E","R","?","M","E","?","R","BOSS","M","M","?","?","?","R","E","R","E","?","R","?","?","M","R","BOSS"],"build_version":"2018-06-28","purchased_purges":0,"victory":false,"max_hp_per_floor":[80,80,80,80,80,80,80,80,80,80,80,80,80,80,80,80,85,85,90,90,90,90,90,90,90,90,90,90,90,90,90,90,90,90,90,90,90,90,90,90,90,90,90,90,90,90,90,90,90,90,90,90,90,90,90,90,90,90,90,90,90,90,90,90,90,90,90,90,90,90,90,90,90,90,90,90,90,90,90,90,90,90,90,90,45,45,45,45,52,52,52,52,52,52,52,52,52,52,52,52,52,52,52,52,52,52,52,52,52,52,52,52,52,52,52,52,52,52,52,52,52,52,52,52,52,52,52,52,52,52,52,52,52,52,52],"card_choices":[{"not_picked":["Stack","Go for the Eyes"],"picked":"Thunderclap","floor":0.0},{"not_picked":["Barrage","Well Laid Plans"],"picked":"Hologram","floor":0.0},{"not_picked":["Battle Trance","Leg Sweep"],"picked":"Rebound","floor":0.0},{"not_picked":["Disarm","Compile Driver"],"picked":"Quick Slash","floor":0.0},{"not_picked":["Acrobatics","Hemokinesis"],"picked":"Dash","floor":0.0},{"not_picked":["Chaos","Undo"],"picked":"Rebound","floor":0.0},{"not_picked":["Perfected Strike","Stack"],"picked":"Seeing Red","floor":0.0},{"not_picked":["PiercingWail","Glacier"],"picked":"Noxious Fumes","floor":0.0},{"not_picked":["Wild Strike","Rip and Tear"],"picked":"Backflip","floor":0.0},{"not_picked":["Dual Wield","Bloodletting"],"picked":"Beam Cell","floor":0.0},{"not_picked":["Leap","Undo"],"picked":"Headbutt","floor":0.0},{"not_picked":["Hologram","Force Field"],"picked":"Quick Slash","floor":0.0},{"not_picked":["Dodge and Roll","Catalyst"],"picked":"Melter","floor":0.0},{"not_picked":["Dodge and Roll","Warcry"],"picked":"Cloak And Dagger","floor":0.0},{"not_picked":["Catalyst","Sucker Punch"],"picked":"Aggregate","floor":0.0},{"not_picked":["Feel No Pain","Cold Snap"],"picked":"Backstab","floor":1.0},{"not_picked":["Shockwave","Heatsinks+1","Catalyst"],"picked":"SKIP","floor":5.0},{"not_picked":["Scrape","Dodge and Roll","Clothesline"],"picked":"SKIP","floor":7.0},{"not_picked":["Sweeping Beam","Go for the Eyes"],"picked":"Thunderclap","floor":11.0},{"not_picked":["Gash","Sever Soul"],"picked":"Shrug It Off","floor":14.0},{"not_picked":["Berserk+1","Rainbow"],"picked":"Electrodynamics+1","floor":16.0},{"not_picked":["Darkness","Body Slam"],"picked":"Melter","floor":18.0},{"not_picked":["Compile Driver","Headbutt"],"picked":"Noxious Fumes+1","floor":19.0},{"not_picked":["Gash+1","Flechettes"],"picked":"Footwork+1","floor":21.0},{"not_picked":["Outmaneuver+1","Doom and Gloom","Recycle"],"picked":"SKIP","floor":22.0},{"not_picked":["BootSequence","Infernal Blade"],"picked":"Backstab+1","floor":24.0},{"not_picked":["Iron Wave","Twin Strike","Redo"],"picked":"SKIP","floor":29.0},{"not_picked":["True Grit","Bane"],"picked":"Backstab","floor":30.0},{"not_picked":["Cold Snap","Burst"],"picked":"Ball Lightning","floor":31.0},{"not_picked":["Hemokinesis","Hello World+1"],"picked":"Anger+1","floor":35.0},{"not_picked":["Aggregate","Heavy Blade+1","Deadly Poison+1"],"picked":"SKIP","floor":39.0},{"not_picked":["Rupture+1","Heavy Blade","Noxious Fumes+1"],"picked":"SKIP","floor":41.0},{"not_picked":["Iron Wave","Underhanded Strike","Outmaneuver"],"picked":"SKIP","floor":42.0},{"not_picked":["Deadly Poison+1","Ball Lightning+1"],"picked":"Reaper","floor":46.0},{"not_picked":["Self Repair+1","Iron Wave+1"],"picked":"Anger+1","floor":48.0},{"not_picked":["Tactician","Meteor Strike"],"picked":"Reaper","floor":50.0},{"not_picked":["Havoc","Go for the Eyes"],"picked":"Conserve Battery","floor":52.0},{"not_picked":["Steam","Go for the Eyes","Deadly Poison"],"picked":"SKIP","floor":53.0},{"not_picked":["Steam Power","Steam"],"picked":"Conserve Battery","floor":55.0},{"not_picked":["Quick Slash","Havoc","Leap"],"picked":"SKIP","floor":56.0},{"not_picked":["Melter","Juggernaut+1","Acrobatics"],"picked":"SKIP","floor":63.0},{"not_picked":["Clothesline","Bane","Steam"],"picked":"SKIP","floor":64.0},{"not_picked":["Conserve Battery","Combust+1","Poisoned Stab"],"picked":"SKIP","floor":65.0},{"not_picked":["Chaos","True Grit","Flying Knee"],"picked":"SKIP","floor":69.0},{"not_picked":["Skewer","Reprogram+1","Expertise"],"picked":"SKIP","floor":70.0},{"not_picked":["Flying Knee+1","Backflip","Shockwave"],"picked":"SKIP","floor":75.0},{"not_picked":["Body Slam+1","Flying Knee","Combust+1"],"picked":"SKIP","floor":77.0},{"not_picked":["Auto Shields+1","Iron Wave"],"picked":"Genetic Algorithm","floor":78.0},{"not_picked":["Thunderclap","Dash"],"picked":"Static Discharge+1","floor":80.0},{"not_picked":["Hello World+1","Sweeping Beam+1"],"picked":"Anger","floor":81.0},{"not_picked":["Sever Soul+1","Bloodletting","Auto Shields+1"],"picked":"SKIP","floor":86.0},{"not_picked":["Dodge and Roll","Quick Slash+1"],"picked":"Cleave+1","floor":87.0},{"not_picked":["Shockwave+1","Headbutt+1","Steam+1"],"picked":"SKIP","floor":88.0},{"not_picked":["Dagger Spray+1","Armaments+1","Hologram+1"],"picked":"SKIP","floor":90},{"not_picked":["Secret Technique","Purity"],"picked":"Dramatic Entrance","floor":92},{"not_picked":["Body Slam+1","Sword Boomerang+1","Blur+1"],"picked":"SKIP","floor":94},{"not_picked":["Hologram","Redo"],"picked":"Storm+1","floor":97},{"not_picked":["Juggernaut+1","Berserk+1"],"picked":"Offering","floor":101},{"not_picked":["Twin Strike","Clash","Gash"],"picked":"SKIP","floor":103},{"not_picked":["Cloak And Dagger","Warcry","Loop+1"],"picked":"SKIP","floor":107},{"not_picked":["Streamline","Steam","Flechettes"],"picked":"SKIP","floor":109},{"not_picked":["Compile Driver","Rainbow","Sweeping Beam"],"picked":"SKIP","floor":111},{"not_picked":["Dagger Spray","Quick Slash","Masterful Stab"],"picked":"SKIP","floor":114},{"not_picked":["Accuracy+1","Buffer+1","Chill"],"picked":"SKIP","floor":115},{"not_picked":["Body Slam","Clothesline","Heavy Blade"],"picked":"SKIP","floor":120},{"not_picked":["Twin Strike","Redo+1","Cloak And Dagger+1"],"picked":"SKIP","floor":121},{"not_picked":["Bane","Scrape","Reboot"],"picked":"SKIP","floor":126},{"not_picked":["Havoc","Cold Snap+1","Static Discharge+1"],"picked":"SKIP","floor":128},{"not_picked":["Prepared+1","Heavy Blade","Uppercut+1"],"picked":"SKIP","floor":133}],"player_experience":298284,"relics_obtained":[{"floor":2.0,"key":"Frozen Egg 2"},{"floor":7.0,"key":"Shuriken"},{"floor":9.0,"key":"Letter Opener"},{"floor":11.0,"key":"Pen Nib"},{"floor":13.0,"key":"Mummified Hand"},{"floor":26.0,"key":"Bag of Preparation"},{"floor":37.0,"key":"Vajra"},{"floor":43.0,"key":"Toolbox"},{"floor":47.0,"key":"Du-Vu Doll"},{"floor":60.0,"key":"Omamori"},{"floor":78.0,"key":"Red Mask"},{"floor":87.0,"key":"Peace Pipe"},{"floor":99,"key":"Sundial"},{"floor":108,"key":"Odd Mushroom"}],"event_choices":[{"event_name":"World of Goop","player_choice":"Gather Gold","floor":3.0,"damage_taken":0.0},{"event_name":"Living Wall","player_choice":"Grow","floor":10.0,"damage_taken":0.0},{"event_name":"Golden Wing","player_choice":"Gained Gold","floor":12.0,"damage_taken":0.0},{"event_name":"Beggar","player_choice":"Gave Gold","floor":20.0,"damage_taken":0.0},{"event_name":"Purifier","player_choice":"One Purge","floor":25.0,"damage_taken":0.0},{"event_name":"FaceTrader","player_choice":"Took Mask Of The Ssserpant","floor":28.0,"damage_taken":0.0},{"event_name":"Winding Halls","player_choice":"Embrace Madness","floor":36.0,"damage_taken":0.0},{"event_name":"MindBloom","player_choice":"Fight","floor":47.0,"damage_taken":0.0},{"event_name":"The Cleric","player_choice":"Card Removal","floor":54.0,"damage_taken":0.0},{"event_name":"World of Goop","player_choice":"Gather Gold","floor":58.0,"damage_taken":0.0},{"event_name":"Liars Game","player_choice":"disagreed","floor":59.0,"damage_taken":0.0},{"event_name":"Golden Wing","player_choice":"Gained Gold","floor":61.0,"damage_taken":0.0},{"event_name":"The Library","player_choice":"Read","floor":71.0,"damage_taken":0.0},{"event_name":"Drug Dealer","player_choice":"Ignored","floor":72.0,"damage_taken":0.0},{"event_name":"Masked Bandits","player_choice":"Fought over 260 gold","floor":78.0,"damage_taken":0.0},{"event_name":"Back to Basics","player_choice":"Elegance","floor":82.0,"damage_taken":0.0},{"event_name":"Mysterious Sphere","player_choice":"Fight","floor":87.0,"damage_taken":0.0},{"event_name":"SensoryStone","player_choice":"Memory 1","floor":92,"damage_taken":0},{"event_name":"Purifier","player_choice":"One Purge","floor":93,"damage_taken":0},{"event_name":"Falling","player_choice":"Removed Attack","floor":96,"damage_taken":0},{"event_name":"MindBloom","player_choice":"Fight","floor":99,"damage_taken":0},{"event_name":"Liars Game","player_choice":"disagreed","floor":104,"damage_taken":0},{"event_name":"Shining Light","player_choice":"Entered Light","floor":105,"damage_taken":0},{"event_name":"Mushrooms","player_choice":"Fought Mushrooms","floor":108,"damage_taken":0},{"event_name":"Scrap Ooze","player_choice":"success","floor":113,"damage_taken":7},{"event_name":"Transmorgrifier","player_choice":"Transform","floor":122,"damage_taken":0},{"event_name":"Nest","player_choice":"Joined the Cult","floor":123,"damage_taken":0},{"event_name":"N\u0027loth","player_choice":"Traded a Dodecahedron","floor":124,"damage_taken":0},{"event_name":"Match and Keep!","player_choice":"1 cards matched","floor":129,"damage_taken":0},{"event_name":"Vampires","player_choice":"Ignored","floor":132,"damage_taken":0}],"boss_relics":[{"not_picked":["Runic Dome","Runic Cube"],"picked":"Tiny House"},{"not_picked":["Pandora\u0027s Box","Snecko Eye"],"picked":"Runic Pyramid"},{"not_picked":["Mark of Pain","Cursed Key"],"picked":"White Beast Statue"},{"not_picked":["BlightedDurian"],"picked":"MetallicRebirth"},{"not_picked":["TwistingMind"],"picked":"BlightedDurian"},{"not_picked":["VoidEssence"],"picked":"TwistingMind"},{"not_picked":["GraspOfShadows"],"picked":"Scatterbrain"}],"items_purged_floors":[],"is_endless":true,"potions_floor_spawned":[1,14,16,18,19,24,31,33,42,46,47,52,53,55,56,63,64,65,67,69,70,75,77,78,80,81,84,86,87,88,90,94,97,99,101,103,107,108,109,111,114,115,118,120,121,126,128,133],"killed_by":"Champ","ascension_level":0}