{"gold_per_floor":[217,228,228,238,256,256,266,290,366,366,378,115,80,114,114,214,214,226,226,238,42,117,117,117,152,175,175,190,190],"floor_reached":29,"playtime":1690,"items_purged":[],"score":243,"play_id":"4b083b4e-2f23-4888-9d43-a7ff7e9a0c22","local_time":"20190107132839","is_ascension_mode":false,"campfire_choices":[{"data":"Armaments","floor":6,"key":"SMITH"},{"data":"Blood for Blood","floor":10,"key":"SMITH"},{"floor":15,"key":"REST"},{"data":"Seeing Red","floor":23,"key":"SMITH"}],"neow_cost":"NONE","seed_source_timestamp":1476123044116511,"circlet_count":0,"master_deck":["Strike_R+1","Strike_R","Strike_R","Strike_R","Strike_R","Defend_R","Defend_R","Defend_R","Defend_R","Bash+1","Blood for Blood+1","Clothesline","Armaments+1","Anger","Headbutt","Armaments+1","Evolve+1","Dark Embrace+1","Juggernaut+1","Iron Wave+1","Seeing Red+1","Headbutt","Immolate","Warcry+1"],"relics":["Burning Blood","Oddly Smooth Stone","Frozen Egg 2","Medical Kit","Bag of Marbles","Philosopher\u0027s Stone","Juzu Bracelet","Bag of Preparation","Boot"],"potions_floor_usage":[2,5,16,20,25,29],"damage_taken":[{"damage":20,"enemies":"Jaw Worm","floor":1,"turns":5},{"damage":2,"enemies":"Small Slimes","floor":2,"turns":4},{"damage":6,"enemies":"Cultist","floor":4,"turns":4},{"damage":10,"enemies":"2 Fungi Beasts","floor":5,"turns":3},{"damage":21,"enemies":"Lots of Slimes","floor":7,"turns":4},{"damage":9,"enemies":"Exordium Wildlife","floor":11,"turns":3},{"damage":32,"enemies":"Lagavulin","floor":14,"turns":6},{"damage":43,"enemies":"The Guardian","floor":16,"turns":16},{"damage":16,"enemies":"2 Thieves","floor":18,"turns":4},{"damage":0,"enemies":"Chosen","floor":20,"turns":3},{"damage":30,"enemies":"Colosseum Slavers","floor":24,"turns":4},{"damage":29,"enemies":"Book of Stabbing","floor":25,"turns":5},{"damage":15,"enemies":"Snecko","floor":28,"turns":5},{"damage":32,"enemies":"Shelled Parasite and Fungi","floor":29,"turns":4}],"seed_played":"-1647598924910318122","potions_obtained":[{"floor":1,"key":"PowerPotion"},{"floor":4,"key":"Weak Potion"},{"floor":14,"key":"Fire Potion"},{"floor":18,"key":"AttackPotion"},{"floor":20,"key":"GamblersBrew"},{"floor":28,"key":"Dexterity Potion"}],"is_trial":false,"path_per_floor":["M","M","?","M","M","R","M","T","T","R","M","$","?","E","R","B",null,"M","?","M","$","?","R","?","E","T","?","M","M"],"character_chosen":"IRONCLAD","items_purchased":["Medical Kit","Evolve+1","Juzu Bracelet","Headbutt"],"campfire_rested":1,"item_purchase_floors":[12,12,21,21],"current_hp_per_floor":[66,70,54,54,50,50,35,35,35,35,32,32,52,26,50,13,80,70,70,76,76,68,68,44,21,21,21,12,0],"gold":190,"neow_bonus":"HUNDRED_GOLD","is_prod":false,"is_daily":false,"chose_seed":false,"campfire_upgraded":3,"win_rate":0,"timestamp":1546896519,"path_taken":["M","M","?","M","M","R","M","?","T","R","M","$","?","E","R","BOSS","M","?","?","$","?","R","?","E","T","?","M","M"],"build_version":"2019-01-03v4","purchased_purges":0,"victory":false,"max_hp_per_floor":[80,80,80,80,80,80,80,80,80,80,80,80,80,80,80,80,80,80,80,80,80,80,80,80,80,80,80,80,80],"card_choices":[{"not_picked":["Flame Barrier","Pommel Strike"],"picked":"Blood for Blood","floor":1},{"not_picked":["Pommel Strike","Wild Strike"],"picked":"Clothesline","floor":2},{"not_picked":["True Grit","Battle Trance"],"picked":"Armaments","floor":4},{"not_picked":["Hemokinesis","Disarm"],"picked":"Anger","floor":5},{"not_picked":["Body Slam","Pommel Strike"],"picked":"Headbutt","floor":7},{"not_picked":["Reckless Charge","Warcry"],"picked":"Armaments","floor":11},{"not_picked":["Immolate","Thunderclap"],"picked":"Dark Embrace+1","floor":14},{"not_picked":["Berserk+1","Limit Break"],"picked":"Juggernaut+1","floor":16},{"not_picked":["Metallicize+1","Headbutt"],"picked":"Iron Wave+1","floor":18},{"not_picked":["Perfected Strike","Sword Boomerang+1"],"picked":"Seeing Red","floor":20},{"not_picked":["Armaments","Body Slam"],"picked":"Immolate","floor":25},{"not_picked":["Heavy Blade","Armaments+1"],"picked":"Warcry+1","floor":28}],"player_experience":92495,"relics_obtained":[{"floor":8,"key":"Oddly Smooth Stone"},{"floor":9,"key":"Frozen Egg 2"},{"floor":14,"key":"Bag of Marbles"},{"floor":25,"key":"Bag of Preparation"},{"floor":26,"key":"Boot"}],"event_choices":[{"damage_healed":0,"gold_gain":0,"player_choice":"Entered Light","damage_taken":16,"max_hp_gain":0,"max_hp_loss":0,"event_name":"Shining Light","floor":3,"gold_loss":0,"cards_upgraded":["Strike_R","Bash"]},{"damage_healed":20,"gold_gain":0,"player_choice":"Healed","damage_taken":0,"max_hp_gain":0,"max_hp_loss":0,"event_name":"The Cleric","floor":13,"gold_loss":35},{"damage_healed":0,"gold_gain":0,"player_choice":"Upgraded","damage_taken":0,"max_hp_gain":0,"max_hp_loss":0,"event_name":"Upgrade Shrine","floor":19,"gold_loss":0,"cards_upgraded":["Armaments"]},{"damage_healed":0,"gold_gain":75,"player_choice":"Touch","damage_taken":8,"max_hp_gain":0,"max_hp_loss":0,"event_name":"FaceTrader","floor":22,"gold_loss":0},{"damage_healed":0,"gold_gain":0,"player_choice":"Fight","damage_taken":0,"max_hp_gain":0,"max_hp_loss":0,"event_name":"Colosseum","floor":24,"gold_loss":0},{"damage_healed":0,"gold_gain":0,"player_choice":"Fled From Nobs","damage_taken":0,"max_hp_gain":0,"max_hp_loss":0,"event_name":"Colosseum","floor":24,"gold_loss":0},{"damage_healed":0,"gold_gain":0,"player_choice":"Ignored","damage_taken":0,"max_hp_gain":0,"max_hp_loss":0,"event_name":"Ghosts","floor":27,"gold_loss":0}],"is_beta":false,"boss_relics":[{"not_picked":["Lizard Tail","Black Blood"],"picked":"Philosopher\u0027s Stone"}],"items_purged_floors":[],"is_endless":false,"potions_floor_spawned":[1,4,14,18,20,28],"killed_by":"Shelled Parasite and Fungi","ascension_level":0}