{"path_per_floor":["M","M","?","M","$","E","R","?","T","E","M","$","M","E","R","B",null,"M","?","M","?","M","E","R","M","T","R","M","M","E","?","R","B",null,"M","?","?","M","M","E","R","?","T","$","M","M","?","M","R"],"character_chosen":"IRONCLAD","items_purchased":["Rampage","True Grit","Infernal Blade"],"gold_per_floor":[209,225,225,242,96,124,124,124,124,154,168,20,32,65,65,162,162,179,179,197,112,126,126,126,140,211,211,227,237,267,0,0,99,99,118,118,0,13,24,56,56,56,81,6,26,41,41,56,56,56],"floor_reached":50,"campfire_rested":4,"playtime":16425,"current_hp_per_floor":[78,80,64,64,64,42,42,42,42,48,53,53,54,50,74,12,80,58,41,25,25,23,29,29,17,17,29,22,11,14,14,26,17,41,20,36,36,18,15,26,26,26,26,26,28,30,25,23,35,0],"items_purged":["Strike_R","Strike_R"],"gold":56,"score":663,"play_id":"bd4846f0-02d5-4cd3-ae7a-e68367b65031","local_time":"20180522073640","is_prod":false,"is_daily":false,"chose_seed":false,"is_ascension_mode":true,"campfire_upgraded":3,"timestamp":1526967400,"campfire_choices":[{"data":"Berserk","floor":24,"key":"SMITH"},{"floor":27,"key":"REST"},{"floor":32,"key":"REST"},{"data":"Demon Form","floor":41,"key":"SMITH"},{"floor":49,"key":"REST"}],"path_taken":["M","?","?","M","$","E","R","?","T","E","M","$","?","E","R","BOSS","M","?","M","?","M","E","R","M","T","R","M","?","E","?","R","BOSS","M","?","?","?","M","E","R","?","T","$","M","M","?","M","R","BOSS"],"build_version":"2018-05-17","seed_source_timestamp":0,"purchased_purges":2,"victory":false,"master_deck":["Strike_R","Strike_R","Strike_R+1","Defend_R","Defend_R","Defend_R","Defend_R","Bash","Whirlwind+1","Evolve+1","Power Through+1","Rampage+1","Flex+1","Feel No Pain","True Grit+1","Armaments+1","Metallicize","Offering+1","Pommel Strike","Ghostly+1","Ghostly+1","Ghostly+1","Ghostly+1","Ghostly+1","Warcry+1","Berserk+1","Flex+1","Shrug It Off+1","Cleave","Demon Form+1","Cleave+1","Intimidate+1","Thunderclap+1","Inflame+1","Infernal Blade+1","Sentinel+1","Rampage","Juggernaut","Madness+1","Madness+1","Iron Wave+1"],"max_hp_per_floor":[80,80,80,80,80,80,80,80,80,80,80,80,80,80,80,80,80,83,41,41,41,41,41,41,41,41,41,41,41,41,41,41,41,41,41,36,36,36,36,43,43,43,43,43,43,43,43,43,43,43],"relics":["Burning Blood","Toxic Egg 2","Vajra","Self Forming Clay","Bottled Lightning","Black Star","Kunai","Centennial Puzzle","Bag of Preparation","Whetstone","Mark of Pain","Red Mask","Juzu Bracelet","Strawberry","Prayer Wheel"],"card_choices":[{"not_picked":["Dropkick","Sword Boomerang"],"picked":"Whirlwind","floor":1.0},{"not_picked":["Power Through","Anger"],"picked":"Evolve","floor":2.0},{"not_picked":["Carnage","Heavy Blade"],"picked":"Power Through","floor":4.0},{"not_picked":["Clash","Heavy Blade"],"picked":"Flex","floor":6.0},{"not_picked":["Entrench","Warcry"],"picked":"Feel No Pain","floor":11.0},{"not_picked":["Havoc","Pommel Strike"],"picked":"Armaments","floor":13.0},{"not_picked":["Double Tap","Thunderclap"],"picked":"Metallicize","floor":14.0},{"not_picked":["Feed","Reaper"],"picked":"Offering","floor":16.0},{"not_picked":["Evolve","Anger"],"picked":"Pommel Strike","floor":18.0},{"not_picked":["Rupture","Flex+1"],"picked":"Warcry+1","floor":20.0},{"not_picked":["Warcry+1","True Grit+1"],"picked":"Berserk","floor":22},{"not_picked":["Sever Soul+1","Rage+1"],"picked":"Flex+1","floor":25},{"not_picked":["Heavy Blade","Clash"],"picked":"Shrug It Off+1","floor":28},{"not_picked":["Reckless Charge+1","Anger"],"picked":"Cleave","floor":29},{"not_picked":["Havoc+1","Reckless Charge","Combust"],"picked":"SKIP","floor":30},{"not_picked":["Reaper","Fiend Fire"],"picked":"Demon Form","floor":33},{"not_picked":["Wild Strike+1","Havoc+1"],"picked":"Cleave+1","floor":35},{"not_picked":["Headbutt+1","Blood for Blood+1"],"picked":"Intimidate+1","floor":38},{"not_picked":["Heavy Blade+1","Battle Trance+1"],"picked":"Thunderclap+1","floor":39},{"not_picked":["Havoc+1","Shrug It Off+1"],"picked":"Inflame+1","floor":40},{"not_picked":["Fire Breathing","Spot Weakness+1"],"picked":"Sentinel+1","floor":45},{"not_picked":["Twin Strike+1","Pommel Strike"],"picked":"Rampage","floor":45},{"not_picked":["Power Through+1","Feel No Pain+1"],"picked":"Juggernaut","floor":46},{"not_picked":["Cleave","Sword Boomerang+1","Perfected Strike"],"picked":"SKIP","floor":46},{"not_picked":["Sentinel+1","Inflame+1"],"picked":"Iron Wave+1","floor":48},{"not_picked":["Clothesline","Headbutt","Wild Strike+1"],"picked":"SKIP","floor":48}],"player_experience":93458,"potions_floor_usage":[23,30,33,46,48,50],"damage_taken":[{"damage":8.0,"enemies":"Cultist","floor":1.0,"turns":5.0},{"damage":2.0,"enemies":"2 Louse","floor":2.0,"turns":2.0},{"damage":6.0,"enemies":"Jaw Worm","floor":4.0,"turns":3.0},{"damage":28.0,"enemies":"Gremlin Nob","floor":6.0,"turns":4.0},{"damage":0.0,"enemies":"3 Sentries","floor":10.0,"turns":7.0},{"damage":1.0,"enemies":"Large Slime","floor":11.0,"turns":6.0},{"damage":5.0,"enemies":"Looter","floor":13.0,"turns":4.0},{"damage":10.0,"enemies":"Gremlin Nob","floor":14.0,"turns":5.0},{"damage":68.0,"enemies":"Hexaghost","floor":16.0,"turns":12.0},{"damage":31.0,"enemies":"Spheric Guardian","floor":18.0,"turns":8.0},{"damage":22.0,"enemies":"3 Cultists","floor":20.0,"turns":9.0},{"damage":8.0,"enemies":"Slaver and Parasite","floor":22.0,"turns":11.0},{"damage":0,"enemies":"Gremlin Leader","floor":23,"turns":4},{"damage":18,"enemies":"Centurion and Healer","floor":25,"turns":9},{"damage":13,"enemies":"Snake Plant","floor":28,"turns":9},{"damage":17,"enemies":"Snecko","floor":29,"turns":11},{"damage":3,"enemies":"Slavers","floor":30,"turns":5},{"damage":30,"enemies":"Automaton","floor":33,"turns":16},{"damage":27,"enemies":"3 Shapes","floor":35,"turns":4},{"damage":24,"enemies":"Orb Walker","floor":38,"turns":6},{"damage":9,"enemies":"Sphere and 2 Shapes","floor":39,"turns":6},{"damage":2,"enemies":"Nemesis","floor":40,"turns":7},{"damage":4,"enemies":"3 Darklings","floor":45,"turns":3},{"damage":4,"enemies":"4 Shapes","floor":46,"turns":2},{"damage":8,"enemies":"Sphere and 2 Shapes","floor":48,"turns":7},{"damage":47,"enemies":"Awakened One","floor":50,"turns":6}],"relics_obtained":[{"floor":26,"key":"Centennial Puzzle"},{"floor":30,"key":"Bag of Preparation"},{"floor":30,"key":"Whetstone"},{"floor":40,"key":"Juzu Bracelet"},{"floor":40,"key":"Strawberry"},{"floor":43,"key":"Prayer Wheel"}],"event_choices":[{"event_name":"Shining Light","player_choice":"Entered Light","floor":3.0,"damage_taken":0.0},{"event_name":"Liars Game","player_choice":"disagreed","floor":8.0,"damage_taken":0.0},{"event_name":"Ghosts","player_choice":"Became a Ghost","floor":19.0,"damage_taken":0.0},{"event_name":"Addict","player_choice":"Obtained Relic","floor":21.0,"damage_taken":0.0},{"event_name":"Masked Bandits","player_choice":"Paid Bandits 267 gold","floor":31,"damage_taken":0},{"event_name":"The Moai Head","player_choice":"Heal","floor":36,"damage_taken":0},{"event_name":"Tomb of Lord Red Mask","player_choice":"Paid","floor":37,"damage_taken":0},{"event_name":"Mysterious Sphere","player_choice":"Ignore","floor":42,"damage_taken":0},{"event_name":"Winding Halls","player_choice":"Embrace Madness","floor":47,"damage_taken":0}],"boss_relics":[{"not_picked":["Pandora\u0027s Box","Snecko Eye"],"picked":"Mark of Pain"}],"potions_floor_spawned":[1,4,10,16,18,20,25,29,46,48],"seed_played":"-7659544498605277012","killed_by":"Awakened One","ascension_level":1,"potions_obtained":[{"floor":18.0,"key":"SpeedPotion"},{"floor":20.0,"key":"SkillPotion"},{"floor":25,"key":"SpeedPotion"},{"floor":29,"key":"Regen Potion"},{"floor":46,"key":"Block Potion"},{"floor":48,"key":"Explosive Potion"}],"is_trial":false}