{"path_per_floor":["M","M","T","?","M","R","M","E","T","?","M","$","E","M","R","B",null,"M","?","$","M","?","M","?"],"character_chosen":"IRONCLAD","items_purchased":["Demon Form","Shrug It Off","Cleave","Rampage","Blood Vial"],"gold_per_floor":[117,135,160,160,179,179,195,222,294,294,308,81,109,119,119,220,220,234,234,10,26,26,44,44,44],"floor_reached":25,"campfire_rested":1,"playtime":724,"item_purchase_floors":[12,12,12,20,20],"current_hp_per_floor":[80,80,80,85,80,80,75,72,72,55,55,55,47,53,78,36,85,72,72,72,78,78,50,50,0],"items_purged":[],"gold":44,"score":234,"play_id":"774b81ca-a40a-4404-a6c8-e52da1abe1e7","local_time":"20180528194558","is_prod":false,"is_daily":false,"chose_seed":false,"is_ascension_mode":true,"campfire_upgraded":1,"win_rate":0,"timestamp":1527554758,"campfire_choices":[{"data":"Spot Weakness","floor":6,"key":"SMITH"},{"floor":15,"key":"REST"}],"path_taken":["M","M","?","?","M","R","M","E","T","?","M","$","E","?","R","BOSS","M","?","$","M","?","M","?","E"],"build_version":"2018-05-24","seed_source_timestamp":499585174612473,"purchased_purges":0,"victory":false,"master_deck":["Strike_R","Strike_R+1","Strike_R","Strike_R","Strike_R","Defend_R","Defend_R","Defend_R","Defend_R","Bash","Spot Weakness+1","Cleave+1","Demon Form+1","Shrug It Off","Cleave","Rampage","Demon Form","Iron Wave","Rampage","Rampage","Flex+1"],"max_hp_per_floor":[80,80,80,85,85,85,85,85,85,85,85,85,85,85,85,85,85,85,85,85,85,85,85,85,85],"relics":["Burning Blood","Bag of Marbles","Bag of Preparation","Mercury Hourglass","Centennial Puzzle","White Beast Statue","Blood Vial"],"card_choices":[{"not_picked":["Headbutt","Seeing Red"],"picked":"Spot Weakness","floor":1},{"not_picked":["Heavy Blade","Dual Wield","Feel No Pain"],"picked":"SKIP","floor":2},{"not_picked":["Combust","Havoc"],"picked":"Cleave","floor":5},{"not_picked":["Clothesline","Pummel","Sword Boomerang"],"picked":"SKIP","floor":7},{"not_picked":["Wild Strike","Body Slam","Armaments"],"picked":"SKIP","floor":8},{"not_picked":["Intimidate","Feel No Pain","Power Through"],"picked":"SKIP","floor":11},{"not_picked":["Evolve","Intimidate"],"picked":"Rampage","floor":13},{"not_picked":["Wild Strike","Spot Weakness","Armaments"],"picked":"SKIP","floor":14},{"not_picked":["Berserk","Dark Embrace"],"picked":"Demon Form","floor":16},{"not_picked":["Clash+1","Infernal Blade+1"],"picked":"Iron Wave","floor":18},{"not_picked":["Reckless Charge","Twin Strike+1"],"picked":"Rampage","floor":21},{"not_picked":["Ghostly Armor","Cleave"],"picked":"Flex+1","floor":23}],"player_experience":270368,"potions_floor_usage":[8,8,13,21,23,25],"damage_taken":[{"damage":1,"enemies":"Cultist","floor":1,"turns":3},{"damage":4,"enemies":"2 Louse","floor":2,"turns":3},{"damage":11,"enemies":"Jaw Worm","floor":5,"turns":4},{"damage":11,"enemies":"Large Slime","floor":7,"turns":5},{"damage":9,"enemies":"Lagavulin","floor":8,"turns":5},{"damage":6,"enemies":"Looter","floor":11,"turns":2},{"damage":14,"enemies":"Gremlin Nob","floor":13,"turns":3},{"damage":0,"enemies":"3 Louse","floor":14,"turns":2},{"damage":48,"enemies":"The Guardian","floor":16,"turns":8},{"damage":19,"enemies":"Spheric Guardian","floor":18,"turns":4},{"damage":2,"enemies":"3 Byrds","floor":21,"turns":3},{"damage":36,"enemies":"Snake Plant","floor":23,"turns":4},{"damage":52,"enemies":"Book of Stabbing","floor":25,"turns":5}],"relics_obtained":[{"floor":3,"key":"Bag of Marbles"},{"floor":8,"key":"Bag of Preparation"},{"floor":9,"key":"Mercury Hourglass"},{"floor":13,"key":"Centennial Puzzle"}],"event_choices":[{"event_name":"Big Fish","player_choice":"Donut","floor":4,"damage_taken":0},{"event_name":"Shining Light","player_choice":"Entered Light","floor":10,"damage_taken":0},{"event_name":"Upgrade Shrine","player_choice":"Upgraded","floor":19,"damage_taken":0},{"event_name":"Match and Keep!","player_choice":"0 cards matched","floor":22,"damage_taken":0},{"event_name":"Cursed Tome","player_choice":"Ignored","floor":24,"damage_taken":0}],"boss_relics":[{"not_picked":["Orrery","Sozu"],"picked":"White Beast Statue"}],"items_purged_floors":[],"potions_floor_spawned":[5,7,11,18,21,23],"seed_played":"3738034490980941472","killed_by":"Book of Stabbing","ascension_level":2,"potions_obtained":[{"floor":5,"key":"Strength Potion"},{"floor":7,"key":"Block Potion"},{"floor":11,"key":"AttackPotion"},{"floor":18,"key":"Fire Potion"},{"floor":21,"key":"Fire Potion"},{"floor":23,"key":"GamblersBrew"}],"is_trial":false}