{"gold_per_floor":[117,117,24,35,49,78,78,96,96,96,126,126,143,154,154,256,256,276,19,35,35,35,60,60,93,93,93,104,133,133,146,146,245,245,264,37,37,50,70,100,112,125,148,148,167,178,28,59,59,59],"floor_reached":50,"playtime":5511,"items_purged":["Strike_G","Strike_G"],"score":1049,"play_id":"ec6a6867-ce7c-4920-80e8-5998623b702a","local_time":"20190109212754","is_ascension_mode":true,"campfire_choices":[{"data":"A Thousand Cuts","floor":7,"key":"SMITH"},{"floor":10,"key":"REST"},{"data":"Venomology","floor":12,"key":"SMITH"},{"data":"Prepared","floor":15,"key":"SMITH"},{"data":"After Image","floor":24,"key":"SMITH"},{"data":"Venomology","floor":30,"key":"SMITH"},{"floor":32,"key":"REST"},{"data":"After Image","floor":44,"key":"SMITH"},{"floor":49,"key":"REST"}],"neow_cost":"NONE","seed_source_timestamp":11574636243045,"circlet_count":0,"master_deck":["Defend_G","Defend_G","Defend_G","Defend_G","Defend_G","Strike_G","Strike_G","Strike_G","Survivor","Cloak And Dagger","Neutralize","Deep Breath","Venomology+1","Impatience","Accuracy","Caltrops","A Thousand Cuts+1","Prepared+1","Cloak And Dagger","Escape Plan","Wraith Form v2","Prepared+1","Blade Dance","Accuracy","Outmaneuver","Concentrate+1","After Image+1","Choke+1","Venomology+1","Outmaneuver+1","After Image+1","Acrobatics+1","Accuracy","Backflip","Outmaneuver+1","Choke+1","Prepared+1","A Thousand Cuts+1","Blade Dance+1"],"relics":["Ring of the Snake","Tough Bandages","Unceasing Top","Gambling Chip","Philosopher\u0027s Stone","Du-Vu Doll","WarpedTongs","StoneCalendar","Pear","Dodecahedron","Dead Branch","Empty Cage","Frozen Egg 2","PreservedInsect","Centennial Puzzle"],"potions_floor_usage":[6,6,8,13,16,16,16,16,20,23,29,29,31,33,33,33,35,38,38,39,39,39,40,40,41,41,42,42,42,45,46,48,48,48,48,48,50,50,50],"damage_taken":[{"damage":0,"enemies":"Cultist","floor":1,"turns":5},{"damage":9,"enemies":"Jaw Worm","floor":4,"turns":3},{"damage":1,"enemies":"Small Slimes","floor":5,"turns":4},{"damage":28,"enemies":"3 Sentries","floor":6,"turns":10},{"damage":13,"enemies":"Exordium Thugs","floor":8,"turns":5},{"damage":2,"enemies":"Large Slime","floor":13,"turns":7},{"damage":6,"enemies":"Blue Slaver","floor":14,"turns":4},{"damage":9,"enemies":"Slime Boss","floor":16,"turns":8},{"damage":23,"enemies":"3 Byrds","floor":18,"turns":3},{"damage":0,"enemies":"Spheric Guardian","floor":20,"turns":3},{"damage":4,"enemies":"Slavers","floor":23,"turns":3},{"damage":6,"enemies":"Gremlin Leader","floor":25,"turns":4},{"damage":0,"enemies":"Snake Plant","floor":28,"turns":3},{"damage":11,"enemies":"Slavers","floor":29,"turns":4},{"damage":2,"enemies":"Snecko","floor":31,"turns":3},{"damage":2,"enemies":"Collector","floor":33,"turns":6},{"damage":0,"enemies":"3 Darklings","floor":35,"turns":4},{"damage":0,"enemies":"3 Shapes","floor":38,"turns":3},{"damage":0,"enemies":"Jaw Worm Horde","floor":39,"turns":4},{"damage":0,"enemies":"Reptomancer","floor":40,"turns":4},{"damage":16,"enemies":"Sphere and 2 Shapes","floor":41,"turns":5},{"damage":12,"enemies":"Transient","floor":42,"turns":5},{"damage":61,"enemies":"4 Shapes","floor":45,"turns":6},{"damage":0,"enemies":"Maw","floor":46,"turns":6},{"damage":0,"enemies":"Giant Head","floor":48,"turns":5},{"damage":40,"enemies":"Donu and Deca","floor":50,"turns":6}],"seed_played":"572500829855690614","potions_obtained":[{"floor":4,"key":"FearPotion"},{"floor":20,"key":"Energy Potion"},{"floor":25,"key":"PowerPotion"},{"floor":28,"key":"LiquidBronze"},{"floor":31,"key":"Regen Potion"},{"floor":38,"key":"Block Potion"},{"floor":39,"key":"GhostInAJar"},{"floor":40,"key":"Fire Potion"},{"floor":48,"key":"Fire Potion"}],"is_trial":false,"path_per_floor":["M","?","$","M","M","E","R","M","T","R","?","R","M","M","R","B",null,"M","$","M","?","?","E","R","E","T","$","M","E","R","M","R","B",null,"M","$","?","M","M","E","M","M","T","R","M","M","$","E","R","B"],"character_chosen":"THE_SILENT","items_purchased":["Impatience","Blade Dance","Accuracy","Outmaneuver","Accuracy","Backflip","A Thousand Cuts+1"],"campfire_rested":3,"item_purchase_floors":[3,19,19,19,36,36,47],"current_hp_per_floor":[70,70,70,61,60,32,32,19,19,42,42,42,40,34,34,25,64,41,41,41,41,41,37,37,41,41,41,41,30,30,28,54,67,82,87,87,87,87,87,87,71,59,59,59,8,8,8,8,34,0],"gold":59,"neow_bonus":"TEN_PERCENT_HP_BONUS","is_prod":false,"is_daily":false,"chose_seed":false,"campfire_upgraded":6,"win_rate":0,"timestamp":1547031474,"path_taken":["M","?","?","M","?","E","R","M","T","R","?","R","M","M","R","BOSS","M","$","M","?","?","E","R","E","T","$","M","E","R","?","R","BOSS","M","$","?","M","M","E","M","M","T","R","M","M","$","E","R","BOSS"],"build_version":"2019-01-03v4","purchased_purges":2,"victory":false,"max_hp_per_floor":[77,77,77,77,77,77,77,77,77,77,77,77,77,77,77,77,77,77,77,77,77,77,77,77,87,87,87,87,87,87,87,87,87,87,87,87,87,87,87,87,87,87,87,87,87,87,87,87,87,87],"card_choices":[{"not_picked":["Flying Knee","Backflip"],"picked":"Cloak And Dagger","floor":1},{"not_picked":["Calculated Gamble","Footwork"],"picked":"Accuracy","floor":4},{"not_picked":["Distraction","Underhanded Strike"],"picked":"Caltrops","floor":5},{"not_picked":["Blade Dance","Tactician"],"picked":"A Thousand Cuts","floor":6},{"not_picked":["PiercingWail","Poisoned Stab"],"picked":"Prepared","floor":8},{"not_picked":["Flying Knee","Deadly Poison"],"picked":"Cloak And Dagger","floor":13},{"not_picked":["Endless Agony","Flechettes"],"picked":"Escape Plan","floor":14},{"not_picked":["Bullet Time","Die Die Die"],"picked":"Wraith Form v2","floor":16},{"not_picked":["Flying Knee","Endless Agony"],"picked":"Prepared+1","floor":18},{"not_picked":["Underhanded Strike","Slice"],"picked":"Concentrate+1","floor":20},{"not_picked":["Flying Knee","Bane+1"],"picked":"After Image","floor":23},{"not_picked":["Flying Knee","Masterful Stab+1"],"picked":"Choke+1","floor":25},{"not_picked":["Underhanded Strike","Distraction","Flechettes+1"],"picked":"SKIP","floor":28},{"not_picked":["Dagger Spray","Dagger Throw"],"picked":"Venomology","floor":29},{"not_picked":["Caltrops","Deflect"],"picked":"Outmaneuver+1","floor":31},{"not_picked":["Bullet Time","Malaise"],"picked":"After Image","floor":33},{"not_picked":["Backflip+1","Blade Dance+1"],"picked":"Acrobatics+1","floor":35},{"not_picked":["Sucker Punch","Backflip","Well Laid Plans"],"picked":"SKIP","floor":38},{"not_picked":["Catalyst","Riddle With Holes"],"picked":"Outmaneuver+1","floor":39},{"not_picked":["PiercingWail","Bullet Time"],"picked":"Choke+1","floor":40},{"not_picked":["Flying Knee","Predator","Backflip"],"picked":"SKIP","floor":41},{"not_picked":["Cloak And Dagger","Riddle With Holes","Expertise+1"],"picked":"SKIP","floor":42},{"not_picked":["Caltrops+1","Dodge and Roll"],"picked":"Prepared+1","floor":45},{"not_picked":["Noxious Fumes+1","Bane","Deadly Poison"],"picked":"SKIP","floor":46},{"not_picked":["Sucker Punch","Burst"],"picked":"Blade Dance+1","floor":48}],"player_experience":382943,"relics_obtained":[{"floor":6,"key":"Tough Bandages"},{"floor":9,"key":"Unceasing Top"},{"floor":23,"key":"StoneCalendar"},{"floor":25,"key":"Pear"},{"floor":26,"key":"Dodecahedron"},{"floor":29,"key":"Dead Branch"},{"floor":40,"key":"Frozen Egg 2"},{"floor":43,"key":"PreservedInsect"},{"floor":48,"key":"Centennial Puzzle"}],"event_choices":[{"damage_healed":0,"gold_gain":0,"player_choice":"3 cards matched","damage_taken":0,"max_hp_gain":0,"max_hp_loss":0,"event_name":"Match and Keep!","floor":2,"gold_loss":0,"cards_obtained":["Neutralize","Deep Breath","Venomology"]},{"damage_healed":0,"gold_gain":30,"player_choice":"Searched \u00272\u0027 times","damage_taken":0,"relics_obtained":["Gambling Chip"],"max_hp_gain":0,"max_hp_loss":0,"event_name":"Dead Adventurer","floor":11,"gold_loss":0},{"damage_healed":0,"gold_gain":0,"player_choice":"Opened","damage_taken":0,"relics_obtained":["Du-Vu Doll"],"max_hp_gain":0,"max_hp_loss":0,"event_name":"The Mausoleum","floor":21,"gold_loss":0,"cards_obtained":["Writhe"]},{"damage_healed":0,"gold_gain":0,"player_choice":"Rummage","damage_taken":0,"relics_obtained":["WarpedTongs"],"max_hp_gain":0,"max_hp_loss":0,"event_name":"Accursed Blacksmith","floor":22,"gold_loss":0,"cards_obtained":["Pain"]},{"cards_removed":["Neutralize"],"damage_healed":0,"gold_gain":0,"player_choice":"Removed Attack","damage_taken":0,"max_hp_gain":0,"max_hp_loss":0,"event_name":"Falling","floor":37,"gold_loss":0}],"is_beta":false,"boss_relics":[{"not_picked":["White Beast Statue","Ring of the Serpent"],"picked":"Philosopher\u0027s Stone"},{"not_picked":["Runic Dome","Astrolabe"],"picked":"Empty Cage"}],"items_purged_floors":[19,36],"is_endless":false,"potions_floor_spawned":[4,5,20,25,28,31,38,39,40,48],"killed_by":"Donu and Deca","ascension_level":9}