{"gold_per_floor":[365,66,121,133,133,133,133,144,144,159,179,196,206,241,241,316,316,336,261,272,272,41,41,41,41,41,69,69,84,84],"floor_reached":30,"playtime":1886,"items_purged":["Doubt","Strike_B"],"score":475,"play_id":"423f8b87-c8c0-4fa5-a8c1-bedf8f5e299a","local_time":"20190122170340","is_ascension_mode":true,"campfire_choices":[{"data":"Defragment","floor":6.0,"key":"SMITH"},{"floor":15,"key":"REST"},{"data":"Echo Form","floor":23,"key":"SMITH"},{"floor":28,"key":"REST"}],"neow_cost":"CURSE","seed_source_timestamp":202767483561935,"circlet_count":0,"master_deck":["AscendersBane","Strike_B","Strike_B","Defend_B","Defend_B","Defend_B","Defend_B","Zap","Dualcast","Beam Cell","The Bomb","Steam","Defragment+1","Coolheaded","Echo Form+1","Compile Driver","Leap","Undo","Electrodynamics","Force Field","Seek","Capacitor","Blizzard","Conserve Battery","Static Discharge","Decay","Skim","Reboot","Recycle"],"special_seed":0,"relics":["FrozenCore","Dream Catcher","Bag of Marbles","Regal Pillow","Art of War","Centennial Puzzle","Molten Egg 2"],"potions_floor_usage":[20,27],"damage_taken":[{"damage":7.0,"enemies":"Cultist","floor":1.0,"turns":4.0},{"damage":9.0,"enemies":"Jaw Worm","floor":4.0,"turns":4.0},{"damage":3.0,"enemies":"Small Slimes","floor":8.0,"turns":4.0},{"damage":0.0,"enemies":"2 Fungi Beasts","floor":10.0,"turns":2.0},{"damage":0.0,"enemies":"Looter","floor":11.0,"turns":2.0},{"damage":5.0,"enemies":"Large Slime","floor":12.0,"turns":5.0},{"damage":14.0,"enemies":"Blue Slaver","floor":13.0,"turns":3.0},{"damage":22.0,"enemies":"Gremlin Nob","floor":14.0,"turns":5.0},{"damage":39,"enemies":"The Guardian","floor":16,"turns":10},{"damage":1,"enemies":"Spheric Guardian","floor":18,"turns":8},{"damage":23,"enemies":"3 Byrds","floor":20,"turns":3},{"damage":39,"enemies":"Slavers","floor":27,"turns":3},{"damage":27,"enemies":"3 Cultists","floor":29,"turns":4},{"damage":20,"enemies":"Chosen and Byrds","floor":30,"turns":3}],"seed_played":"-9122366603301600207","potions_obtained":[{"floor":4.0,"key":"AttackPotion"},{"floor":11.0,"key":"SpeedPotion"},{"floor":13.0,"key":"Weak Potion"},{"floor":16,"key":"Fire Potion"},{"floor":18,"key":"Regen Potion"}],"is_trial":false,"path_per_floor":["M","$","T","M","?","R","?","M","T","M","M","M","M","E","R","B",null,"M","?","M","?","$","R","?","$","T","E","R","M","M"],"character_chosen":"DEFECT","items_purchased":["The Bomb","Steam","Conserve Battery","Static Discharge"],"campfire_rested":2,"item_purchase_floors":[2,2,22,22],"current_hp_per_floor":[57,57,57,48,71,71,60,57,57,57,57,52,38,16,52,13,57,56,56,42,42,42,42,42,42,42,3,39,12,0],"gold":84,"neow_bonus":"TWO_FIFTY_GOLD","is_prod":false,"is_daily":false,"chose_seed":false,"campfire_upgraded":2,"win_rate":0,"timestamp":1548194620,"path_taken":["M","$","?","M","?","R","?","M","T","M","M","M","M","E","R","BOSS","M","?","M","?","$","R","?","?","T","E","R","M","?"],"build_version":"2019-01-17v2","purchased_purges":2,"victory":false,"max_hp_per_floor":[71,71,71,71,71,71,71,71,71,71,71,71,71,71,71,71,71,71,71,71,71,71,71,71,71,71,71,71,71,71],"card_choices":[{"not_picked":["Compile Driver","Hello World"],"picked":"Beam Cell","floor":1.0},{"not_picked":["Rebound","Stack"],"picked":"Defragment","floor":4.0},{"not_picked":["Beam Cell","Turbo"],"picked":"Coolheaded","floor":8.0},{"not_picked":["Conserve Battery","Beam Cell"],"picked":"Echo Form","floor":10.0},{"not_picked":["Streamline","Hologram"],"picked":"Compile Driver","floor":11.0},{"not_picked":["Streamline","Beam Cell"],"picked":"Leap","floor":12.0},{"not_picked":["Lockon","Genetic Algorithm"],"picked":"Undo","floor":13.0},{"not_picked":["Loop","Heatsinks"],"picked":"Electrodynamics","floor":14.0},{"not_picked":["Aggregate","Redo"],"picked":"Force Field","floor":15},{"not_picked":["Multi-Cast","Hyperbeam"],"picked":"Seek","floor":16},{"not_picked":["Stack+1","Sweeping Beam+1"],"picked":"Capacitor","floor":18},{"not_picked":["Sweeping Beam","Streamline"],"picked":"Blizzard","floor":20},{"not_picked":["Gash","Sunder"],"picked":"Skim","floor":27},{"not_picked":["Compile Driver+1","Aggregate"],"picked":"Reboot","floor":28},{"not_picked":["Leap","Turbo"],"picked":"Recycle","floor":29}],"player_experience":2202843,"relics_obtained":[{"floor":3.0,"key":"Dream Catcher"},{"floor":9.0,"key":"Regal Pillow"},{"floor":14.0,"key":"Art of War"},{"floor":26,"key":"Centennial Puzzle"},{"floor":27,"key":"Molten Egg 2"}],"event_choices":[{"damage_healed":23.0,"max_hp_gain":0.0,"max_hp_loss":0.0,"gold_gain":0.0,"event_name":"Big Fish","player_choice":"Banana","floor":5.0,"gold_loss":0.0,"damage_taken":0.0},{"damage_healed":0.0,"max_hp_gain":0.0,"max_hp_loss":0.0,"gold_gain":0.0,"event_name":"Scrap Ooze","player_choice":"Success","floor":7.0,"gold_loss":0.0,"damage_taken":11.0,"relics_obtained":["Bag of Marbles"]},{"cards_removed":["Strike_B"],"damage_healed":0,"gold_gain":0,"player_choice":"Gave Gold","damage_taken":0,"max_hp_gain":0,"max_hp_loss":0,"event_name":"Beggar","floor":19,"gold_loss":75},{"damage_healed":0,"gold_gain":0,"player_choice":"Ignored","damage_taken":0,"max_hp_gain":0,"max_hp_loss":0,"event_name":"Cursed Tome","floor":21,"gold_loss":0},{"damage_healed":0,"gold_gain":0,"player_choice":"Smashed Altar","damage_taken":0,"max_hp_gain":0,"max_hp_loss":0,"event_name":"Forgotten Altar","floor":24,"gold_loss":0,"cards_obtained":["Decay"]}],"is_beta":false,"boss_relics":[{"not_picked":["Coffee Dripper","Busted Crown"],"picked":"FrozenCore"}],"items_purged_floors":[2,22],"is_endless":false,"potions_floor_spawned":[4,11,13,16,18],"killed_by":"Chosen and Byrds","ascension_level":18}