{"gold_per_floor":[110,110,110,35,35,78,153,191,191,191,205,205,205,228,228,228],"floor_reached":16,"playtime":390,"items_purged":["Defend_R"],"score":211,"play_id":"c4c29da6-cec6-48d7-9a5c-b5758d1bb781","local_time":"20180720093023","is_ascension_mode":true,"campfire_choices":[{"data":"Seeing Red","floor":10,"key":"SMITH"},{"data":"Perfected Strike","floor":13,"key":"SMITH"},{"data":"Rage","floor":15,"key":"SMITH"}],"neow_cost":"NONE","seed_source_timestamp":557466360759313,"circlet_count":0,"master_deck":["Strike_R","Strike_R","Strike_R","Strike_R","Defend_R","Defend_R","Defend_R","Bash","Perfected Strike+1","Seeing Red+1","Thunderclap","Dropkick","Rage+1"],"relics":["Burning Blood","NeowsBlessing","Unceasing Top","Golden Idol","Ice Cream","Paper Frog","Kunai","The Courier"],"potions_floor_usage":[16,16],"damage_taken":[{"damage":0,"enemies":"Small Slimes","floor":1,"turns":1},{"damage":0,"enemies":"Lagavulin","floor":6,"turns":1},{"damage":0,"enemies":"3 Sentries","floor":8,"turns":1},{"damage":7,"enemies":"Jaw Worm","floor":11,"turns":3},{"damage":2,"enemies":"2 Louse","floor":14,"turns":3},{"damage":64,"enemies":"Hexaghost","floor":16,"turns":9}],"seed_played":"-2883649292878486844","potions_obtained":[{"floor":1,"key":"Explosive Potion"},{"floor":14,"key":"Fire Potion"}],"is_trial":false,"path_per_floor":["M","?","?","$","?","E","?","E","T","R","M","T","R","M","R"],"character_chosen":"IRONCLAD","items_purchased":[],"campfire_rested":0,"item_purchase_floors":[],"current_hp_per_floor":[78,75,75,75,55,61,50,56,56,56,55,55,55,59,59,0],"gold":228,"neow_bonus":"THREE_ENEMY_KILL","is_prod":false,"is_daily":false,"chose_seed":false,"campfire_upgraded":3,"win_rate":0,"timestamp":1532093423,"path_taken":["M","?","?","$","?","E","?","E","T","R","M","?","R","M","R","BOSS"],"build_version":"2018-07-12","purchased_purges":1,"victory":false,"max_hp_per_floor":[80,80,80,80,80,80,80,80,80,80,80,80,80,80,80,80],"card_choices":[{"not_picked":["Dual Wield","Havoc"],"picked":"Perfected Strike","floor":1},{"not_picked":["Iron Wave","Searing Blow"],"picked":"Seeing Red","floor":6},{"not_picked":["Pommel Strike","Second Wind"],"picked":"Thunderclap","floor":8},{"not_picked":["Second Wind","Warcry"],"picked":"Dropkick","floor":11},{"not_picked":["Evolve","Pommel Strike"],"picked":"Rage","floor":14}],"player_experience":1179883,"relics_obtained":[{"floor":6,"key":"Ice Cream"},{"floor":8,"key":"Paper Frog"},{"floor":9,"key":"Kunai"},{"floor":12,"key":"The Courier"}],"event_choices":[{"event_name":"Scrap Ooze","player_choice":"success","floor":2,"damage_taken":3},{"event_name":"Living Wall","player_choice":"Forget","floor":3,"damage_taken":0},{"event_name":"Golden Idol","player_choice":"Take Damage","floor":5,"damage_taken":0},{"event_name":"World of Goop","player_choice":"Gather Gold","floor":7,"damage_taken":0}],"boss_relics":[],"items_purged_floors":[4],"is_endless":false,"potions_floor_spawned":[1,14],"killed_by":"Hexaghost","ascension_level":7}