{"gold_per_floor":[115,127,202,213,111,111,145,95,95,107,107,107,141,151,151,253,253,266,266,277,277,277,277,287,287],"floor_reached":25,"playtime":1599,"items_purged":["Strike_G"],"score":408,"play_id":"0b77b99d-e455-40ce-b174-c45dd83f347b","local_time":"20180808163121","is_ascension_mode":true,"campfire_choices":[{"data":"Neutralize","floor":6,"key":"SMITH"},{"floor":11,"key":"REST"},{"data":"Malaise","floor":15,"key":"SMITH"},{"data":"Night Terror","floor":23,"key":"SMITH"}],"neow_cost":"","seed_source_timestamp":1087318412669213,"circlet_count":0,"master_deck":["Defend_G","Defend_G","Defend_G","Defend_G","Defend_G","Strike_G","Strike_G","Strike_G","Strike_G","Survivor","Neutralize+1","AscendersBane","Dagger Throw","Backstab","All Out Attack","Cloak And Dagger","Malaise+1","Flying Knee+1","Dagger Spray+1","Cloak And Dagger","Dodge and Roll","Night Terror+1","Expertise","Backflip"],"relics":["Ring of the Snake","Molten Egg 2","Omamori","Oddly Smooth Stone","Pen Nib","HoveringKite"],"potions_floor_usage":[16,21,21],"damage_taken":[{"damage":1,"enemies":"Jaw Worm","floor":1,"turns":4},{"damage":0,"enemies":"Cultist","floor":2,"turns":4},{"damage":0,"enemies":"Small Slimes","floor":4,"turns":3},{"damage":33,"enemies":"Lagavulin","floor":7,"turns":9},{"damage":0,"enemies":"Exordium Thugs","floor":10,"turns":4},{"damage":15,"enemies":"3 Sentries","floor":13,"turns":6},{"damage":0,"enemies":"Red Slaver","floor":14,"turns":3},{"damage":0,"enemies":"Hexaghost","floor":16,"turns":12},{"damage":10,"enemies":"Shell Parasite","floor":18,"turns":8},{"damage":18,"enemies":"Chosen","floor":20,"turns":6},{"damage":22,"enemies":"Sentry and Sphere","floor":21,"turns":5},{"damage":10,"enemies":"Centurion and Healer","floor":24,"turns":9},{"damage":29,"enemies":"Cultist and Chosen","floor":25,"turns":6}],"seed_played":"-6567963889043112543","potions_obtained":[{"floor":4,"key":"Dexterity Potion"},{"floor":7,"key":"Weak Potion"},{"floor":10,"key":"LiquidBronze"},{"floor":13,"key":"SmokeBomb"},{"floor":16,"key":"Regen Potion"},{"floor":24,"key":"Dexterity Potion"}],"is_trial":false,"path_per_floor":["M","M","?","M","$","R","E","$","T","M","R","?","E","M","R","B",null,"M","?","M","M","?","R","M"],"character_chosen":"THE_SILENT","items_purchased":["Cloak And Dagger","Flying Knee+1"],"campfire_rested":1,"item_purchase_floors":[5,8],"current_hp_per_floor":[62,62,55,55,55,55,22,22,22,22,43,40,25,25,25,25,59,49,36,18,5,30,30,20,0],"gold":287,"neow_bonus":"","is_prod":false,"is_daily":false,"chose_seed":false,"campfire_upgraded":3,"win_rate":0,"timestamp":1533763881,"path_taken":["M","M","?","M","$","R","E","?","T","?","R","?","E","M","R","BOSS","M","?","?","?","?","R","?","M"],"build_version":"2018-08-07v3","purchased_purges":1,"victory":false,"max_hp_per_floor":[70,70,70,70,70,70,70,70,70,70,70,70,70,70,70,70,70,70,75,75,75,75,75,75,75],"card_choices":[{"not_picked":["Blade Dance","Well Laid Plans"],"picked":"Dagger Throw","floor":1},{"not_picked":["Outmaneuver","Sucker Punch"],"picked":"Backstab","floor":2},{"not_picked":["Bane","Backflip"],"picked":"All Out Attack","floor":4},{"not_picked":["Outmaneuver","Dagger Spray"],"picked":"Malaise","floor":7},{"not_picked":["Reflex","Poisoned Stab+1"],"picked":"Dagger Spray+1","floor":10},{"not_picked":["Backflip","Heel Hook+1"],"picked":"Cloak And Dagger","floor":13},{"not_picked":["Slice+1","All Out Attack+1"],"picked":"Dodge and Roll","floor":14},{"not_picked":["Bullet Time","Doppelganger"],"picked":"Night Terror","floor":16},{"not_picked":["Dagger Throw+1","Choke+1","Prepared"],"picked":"SKIP","floor":18},{"not_picked":["Choke+1","Dagger Spray+1"],"picked":"Expertise","floor":20},{"not_picked":["Deadly Poison","Blur+1"],"picked":"Backflip","floor":24}],"player_experience":371255,"relics_obtained":[{"floor":7,"key":"Molten Egg 2"},{"floor":9,"key":"Omamori"},{"floor":13,"key":"Pen Nib"}],"event_choices":[{"event_name":"FaceTrader","player_choice":"Touch","floor":3,"damage_taken":0},{"event_name":"Scrap Ooze","player_choice":"success","floor":12,"damage_taken":3},{"event_name":"Forgotten Altar","player_choice":"Shed Blood","floor":19,"damage_taken":0},{"event_name":"The Library","player_choice":"Heal","floor":22,"damage_taken":0}],"is_beta":true,"boss_relics":[{"not_picked":["Black Star","White Beast Statue"],"picked":"HoveringKite"}],"items_purged_floors":[5],"is_endless":false,"potions_floor_spawned":[4,7,10,13,16,24],"killed_by":"Cultist and Chosen","ascension_level":11}