{"path_per_floor":["M","$","?","M","?","R","M","R","T","M","T","R","M","M","R","B",null,"M","M"],"character_chosen":"THE_SILENT","items_purchased":["Infinite Blades"],"gold_per_floor":[109,0,0,12,12,12,22,22,47,65,65,65,75,93,93,198,198,211,223,223],"floor_reached":20,"campfire_rested":0,"playtime":2422,"current_hp_per_floor":[70,70,70,70,70,70,70,70,70,62,62,62,53,53,53,1,70,41,20,0],"items_purged":["Strike_G"],"gold":223,"score":166,"play_id":"dbc0dd67-3574-45c3-ade4-90c7c239c074","local_time":"20180523215210","is_prod":false,"is_daily":false,"chose_seed":false,"is_ascension_mode":false,"campfire_upgraded":4,"timestamp":1527126730,"campfire_choices":[{"data":"Finisher","floor":6.0,"key":"SMITH"},{"data":"Dash","floor":8.0,"key":"SMITH"},{"data":"Quick Slash","floor":12.0,"key":"SMITH"},{"data":"Skewer","floor":15.0,"key":"SMITH"}],"path_taken":["M","$","?","M","?","R","M","R","T","?","?","R","M","M","R","BOSS","M","M","M"],"build_version":"2018-05-17","seed_source_timestamp":0,"purchased_purges":1,"victory":false,"master_deck":["Defend_G","Defend_G","Defend_G","Defend_G","Defend_G","Strike_G","Survivor","Neutralize","Poisoned Stab","Dash+1","Infinite Blades+1","Injury","Finisher+1","Quick Slash+1","Skewer+1","Riddle With Holes","Storm of Steel","Dodge and Roll+1","Wraith Form v2+1","Sucker Punch+1","Underhanded Strike","PiercingWail"],"max_hp_per_floor":[70,70,70,70,70,70,70,70,70,70,70,70,70,70,70,70,70,70,70,70],"relics":["Ring of the Snake","Vajra","Smiling Mask","Astrolabe"],"card_choices":[{"not_picked":["Acrobatics","Footwork"],"picked":"Poisoned Stab","floor":0.0},{"not_picked":["Outmaneuver","Flying Knee"],"picked":"Dash","floor":1.0},{"not_picked":["Prepared","Well Laid Plans"],"picked":"Finisher","floor":4.0},{"not_picked":["Bane","Leg Sweep"],"picked":"Eviscerate","floor":7.0},{"not_picked":["Noxious Fumes","Prepared"],"picked":"Quick Slash","floor":10.0},{"not_picked":["Sucker Punch","Slice"],"picked":"Skewer","floor":13.0},{"not_picked":["Corpse Explosion","Cloak And Dagger"],"picked":"Riddle With Holes","floor":14.0},{"not_picked":["Tactician","Unload"],"picked":"Storm of Steel","floor":16.0},{"not_picked":["Outmaneuver","Masterful Stab"],"picked":"Underhanded Strike","floor":18},{"not_picked":["Underhanded Strike","Crippling Poison"],"picked":"PiercingWail","floor":19}],"player_experience":95378,"potions_floor_usage":[],"damage_taken":[{"damage":0.0,"enemies":"Small Slimes","floor":1.0,"turns":5.0},{"damage":0.0,"enemies":"Cultist","floor":4.0,"turns":3.0},{"damage":0.0,"enemies":"Jaw Worm","floor":7.0,"turns":3.0},{"damage":8.0,"enemies":"Lots of Slimes","floor":10.0,"turns":5.0},{"damage":9.0,"enemies":"Blue Slaver","floor":13.0,"turns":2.0},{"damage":0.0,"enemies":"Exordium Wildlife","floor":14.0,"turns":2.0},{"damage":52.0,"enemies":"The Guardian","floor":16.0,"turns":9.0},{"damage":29,"enemies":"2 Thieves","floor":18,"turns":5},{"damage":21,"enemies":"Shell Parasite","floor":19,"turns":4},{"damage":21,"enemies":"Snake Plant","floor":20,"turns":1}],"relics_obtained":[{"floor":9.0,"key":"Vajra"},{"floor":11.0,"key":"Smiling Mask"}],"event_choices":[{"event_name":"Accursed Blacksmith","player_choice":"Forge","floor":3.0,"damage_taken":0.0},{"event_name":"Purifier","player_choice":"One Purge","floor":5.0,"damage_taken":0.0}],"boss_relics":[{"not_picked":["Eternal Feather","Cursed Key"],"picked":"Astrolabe"}],"potions_floor_spawned":[4,10,14,18],"seed_played":"-3650357637085033656","killed_by":"Snake Plant","ascension_level":0,"potions_obtained":[{"floor":4.0,"key":"Energy Potion"},{"floor":10.0,"key":"GamblersBrew"},{"floor":14.0,"key":"SkillPotion"},{"floor":18,"key":"GamblersBrew"}],"is_trial":false}