{"gold_per_floor":[117,65,65,141,151,186,186,186,186,186,204,53,53,66,66,66],"floor_reached":16,"playtime":607,"items_purged":[],"score":98,"play_id":"e88ce9e6-0560-445f-bde1-1a6ed636281b","local_time":"20190117230228","is_ascension_mode":false,"campfire_choices":[{"data":"Inflame","floor":7,"key":"SMITH"},{"data":"Dual Wield","floor":10,"key":"SMITH"},{"data":"Limit Break","floor":13,"key":"SMITH"},{"data":"Burning Pact","floor":15,"key":"SMITH"}],"neow_cost":"NONE","seed_source_timestamp":41632650426679,"circlet_count":0,"master_deck":["Strike_R","Strike_R","Strike_R+1","Strike_R","Strike_R","Defend_R","Defend_R","Defend_R","Defend_R","Bash+1","Shrug It Off","Iron Wave","Dual Wield+1","Inflame+1","Regret","Limit Break+1","Burning Pact+1"],"relics":["Burning Blood","Gremlin Horn","Mummified Hand","Sundial","Juzu Bracelet"],"potions_floor_usage":[6,16],"damage_taken":[{"damage":12,"enemies":"Small Slimes","floor":1,"turns":4},{"damage":0,"enemies":"2 Louse","floor":5,"turns":2},{"damage":22,"enemies":"3 Sentries","floor":6,"turns":12},{"damage":6,"enemies":"Jaw Worm","floor":11,"turns":4},{"damage":15,"enemies":"2 Fungi Beasts","floor":14,"turns":3},{"damage":46,"enemies":"The Guardian","floor":16,"turns":5}],"seed_played":"4666728608208333102","potions_obtained":[{"floor":5,"key":"Poison Potion"},{"floor":11,"key":"LiquidBronze"}],"is_trial":false,"path_per_floor":["M","$","?","?","M","E","R","?","T","R","M","$","R","M","R","B"],"character_chosen":"IRONCLAD","items_purchased":["Iron Wave","Juzu Bracelet"],"campfire_rested":0,"item_purchase_floors":[2,12],"current_hp_per_floor":[82,82,64,64,70,54,54,54,54,54,54,54,54,45,45,0],"gold":66,"neow_bonus":"TEN_PERCENT_HP_BONUS","is_prod":false,"is_daily":false,"chose_seed":false,"campfire_upgraded":4,"win_rate":0,"timestamp":1547728348,"path_taken":["M","$","?","?","?","E","R","?","T","R","M","$","R","M","R","BOSS"],"build_version":"2019-01-10","purchased_purges":0,"victory":false,"max_hp_per_floor":[88,88,88,88,88,88,88,88,88,88,88,88,88,88,88,88],"card_choices":[{"not_picked":["Body Slam","Cleave"],"picked":"Shrug It Off","floor":1},{"not_picked":["Armaments","Clash"],"picked":"Dual Wield","floor":5},{"not_picked":["Infernal Blade","Entrench"],"picked":"Inflame","floor":6},{"not_picked":["Power Through","Armaments"],"picked":"Limit Break","floor":11},{"not_picked":["Bloodletting","Infernal Blade"],"picked":"Burning Pact","floor":14}],"player_experience":458344,"relics_obtained":[{"floor":6,"key":"Gremlin Horn"},{"floor":9,"key":"Sundial"}],"event_choices":[{"damage_healed":0,"gold_gain":0,"player_choice":"Entered Light","damage_taken":18,"max_hp_gain":0,"max_hp_loss":0,"event_name":"Shining Light","floor":3,"gold_loss":0,"cards_upgraded":["Strike_R","Bash"]},{"damage_healed":0,"gold_gain":76,"player_choice":"Gained Gold","damage_taken":0,"max_hp_gain":0,"max_hp_loss":0,"event_name":"Golden Wing","floor":4,"gold_loss":0},{"damage_healed":0,"gold_gain":0,"player_choice":"Box","damage_taken":0,"relics_obtained":["Mummified Hand"],"max_hp_gain":0,"max_hp_loss":0,"event_name":"Big Fish","floor":8,"gold_loss":0,"cards_obtained":["Regret"]}],"is_beta":false,"boss_relics":[],"items_purged_floors":[],"is_endless":false,"potions_floor_spawned":[5,11],"killed_by":"The Guardian","ascension_level":0}