{"gold_per_floor":[115,129,144,144,219,219,16,51,51,0,24,59,59,82,82,207,207,230,230,245,245,263,263,297,312,312,312],"floor_reached":27,"playtime":1763,"items_purged":[],"score":316,"play_id":"35223780-b7e3-4128-8cc4-57b16e80fae2","local_time":"20180716200725","is_ascension_mode":true,"campfire_choices":[{"floor":6,"key":"REST"},{"data":"Apotheosis","floor":15,"key":"SMITH"},{"data":"1","floor":23,"key":"LIFT"}],"neow_cost":"NONE","seed_source_timestamp":424255189130240,"circlet_count":0,"master_deck":["Defend_G","Defend_G","Defend_G","Defend_G","Defend_G","Strike_G","Strike_G","Strike_G","Strike_G","Strike_G","Survivor","Neutralize","Dash","Slice","Sucker Punch","Apotheosis+1","Bullet Time","Dagger Throw","Adrenaline","Parasite","Cloak And Dagger","Adrenaline","Noxious Fumes","Cloak And Dagger","Caltrops","Sucker Punch","Finisher","Bane","Writhe","Leg Sweep+1","RitualDagger","Prepared+1","Catalyst+1","Heel Hook+1"],"relics":["Ring of the Snake","Snake Skull","Golden Idol","Pantograph","Happy Flower","Pen Nib","Orrery","Girya","Blood Vial","Darkstone Periapt"],"potions_floor_usage":[11,16,22,22,24,25],"damage_taken":[{"damage":0,"enemies":"2 Louse","floor":1,"turns":2},{"damage":0,"enemies":"Jaw Worm","floor":2,"turns":5},{"damage":0,"enemies":"Small Slimes","floor":3,"turns":3},{"damage":16,"enemies":"3 Sentries","floor":8,"turns":9},{"damage":3,"enemies":"Gremlin Gang","floor":11,"turns":7},{"damage":10,"enemies":"Lagavulin","floor":12,"turns":6},{"damage":0,"enemies":"Large Slime","floor":14,"turns":4},{"damage":16,"enemies":"The Guardian","floor":16,"turns":10},{"damage":0,"enemies":"Chosen","floor":18,"turns":3},{"damage":0,"enemies":"Spheric Guardian","floor":20,"turns":3},{"damage":24,"enemies":"3 Cultists","floor":22,"turns":6},{"damage":18,"enemies":"Gremlin Leader","floor":24,"turns":6},{"damage":27,"enemies":"Snake Plant","floor":25,"turns":5},{"damage":18,"enemies":"Book of Stabbing","floor":27,"turns":1}],"seed_played":"7396086238050844992","potions_obtained":[{"floor":1,"key":"Strength Potion"},{"floor":3,"key":"Dexterity Potion"},{"floor":11,"key":"FearPotion"},{"floor":18,"key":"Fire Potion"},{"floor":24,"key":"Regen Potion"}],"is_trial":false,"path_per_floor":["M","M","M","?","?","R","$","E","T","$","M","E","?","M","R","B",null,"M","?","M","?","M","R","E","M","T"],"character_chosen":"THE_SILENT","items_purchased":["Apotheosis","Poison Potion"],"campfire_rested":1,"item_purchase_floors":[7,10],"current_hp_per_floor":[63,63,63,46,35,56,56,40,40,40,37,27,44,44,44,53,66,66,66,66,60,36,36,18,7,7,0],"gold":312,"neow_bonus":"RANDOM_COMMON_RELIC","is_prod":false,"is_daily":false,"chose_seed":false,"campfire_upgraded":1,"win_rate":0,"timestamp":1531737445,"path_taken":["M","M","M","?","?","R","$","E","T","$","M","E","?","M","R","BOSS","M","?","M","?","?","R","E","M","T","E"],"build_version":"2018-07-12","purchased_purges":0,"victory":false,"max_hp_per_floor":[70,70,70,70,70,70,70,70,70,70,70,70,70,70,70,70,70,70,70,70,70,70,70,70,70,70,70],"card_choices":[{"not_picked":["Terror","Underhanded Strike"],"picked":"Dash","floor":1},{"not_picked":["Expertise","Distraction"],"picked":"Slice","floor":2},{"not_picked":["Masterful Stab","Dagger Throw"],"picked":"Sucker Punch","floor":3},{"not_picked":["Terror","Dagger Throw"],"picked":"Bullet Time","floor":8},{"not_picked":["Deflect","PiercingWail"],"picked":"Dagger Throw","floor":11},{"not_picked":["Reflex","Bane"],"picked":"Adrenaline","floor":12},{"not_picked":["Prepared","Underhanded Strike"],"picked":"Cloak And Dagger","floor":14},{"not_picked":["Night Terror","Wraith Form v2"],"picked":"Adrenaline","floor":16},{"not_picked":["Deflect","PiercingWail"],"picked":"Noxious Fumes","floor":17},{"not_picked":["Underhanded Strike","Outmaneuver"],"picked":"Cloak And Dagger","floor":17},{"not_picked":["Underhanded Strike","Prepared"],"picked":"Caltrops","floor":17},{"not_picked":["Backstab","Underhanded Strike"],"picked":"Sucker Punch","floor":17},{"not_picked":["Predator","Bane"],"picked":"Finisher","floor":17},{"not_picked":["Unload","Underhanded Strike"],"picked":"Bane","floor":18},{"not_picked":["Acrobatics+1","Dagger Throw"],"picked":"Leg Sweep+1","floor":20},{"not_picked":["Backstab","Bane"],"picked":"Prepared+1","floor":22},{"not_picked":["Flying Knee+1","Predator"],"picked":"Catalyst+1","floor":24},{"not_picked":["Prepared","Escape Plan"],"picked":"Heel Hook+1","floor":25}],"player_experience":162929,"relics_obtained":[{"floor":8,"key":"Pantograph"},{"floor":9,"key":"Happy Flower"},{"floor":12,"key":"Pen Nib"},{"floor":24,"key":"Blood Vial"},{"floor":26,"key":"Darkstone Periapt"}],"event_choices":[{"event_name":"Golden Idol","player_choice":"Take Damage","floor":4,"damage_taken":0},{"event_name":"World of Goop","player_choice":"Gather Gold","floor":5,"damage_taken":0},{"event_name":"Mushrooms","player_choice":"Healed and dodged fight","floor":13,"damage_taken":0},{"event_name":"The Mausoleum","player_choice":"Yes","floor":19,"damage_taken":0},{"event_name":"Nest","player_choice":"Joined the Cult","floor":21,"damage_taken":0}],"boss_relics":[{"not_picked":["Sozu","Lizard Tail"],"picked":"Orrery"}],"items_purged_floors":[],"is_endless":false,"potions_floor_spawned":[1,3,11,12,18,24],"killed_by":"Book of Stabbing","ascension_level":6}