{"gold_per_floor":[116,116,127,52,52,52,69,69,96,124,144,154,183,56,56,161,161,178,178,194,208,208,237,237,268,268,299,334,48,48,48,48,146,146,166,166,41,60,60,60,95,95,95,130,130,142,142,167,167,167],"floor_reached":51,"playtime":3848,"items_purged":["Strike_R","Strike_R","Shame"],"score":937,"play_id":"cd216b01-61eb-4e49-a675-978ca1af6a43","local_time":"20190214205313","is_ascension_mode":true,"campfire_choices":[{"data":"Disarm","floor":6,"key":"SMITH"},{"data":"Spot Weakness","floor":8,"key":"SMITH"},{"data":"Evolve","floor":15,"key":"SMITH"},{"floor":24,"key":"RECALL"},{"floor":30,"key":"REST"},{"floor":32,"key":"REST"},{"floor":40,"key":"REST"},{"floor":42,"key":"REST"},{"floor":45,"key":"REST"},{"floor":47,"key":"REST"},{"floor":49,"key":"REST"}],"neow_cost":"NONE","seed_source_timestamp":32492269009419,"circlet_count":0,"master_deck":["Strike_R","Defend_R+1","Defend_R","Defend_R","Bash+1","Reaper+1","Burning Pact+1","Anger+1","Spot Weakness+1","Disarm+1","Good Instincts","Evolve+1","Metallicize","Iron Wave","Ghostly Armor","Shrug It Off","Barricade","Heavy Blade","RitualDagger","Fiend Fire","Reaper","Shrug It Off","PanicButton","Entrench+1","Headbutt+1","Body Slam+1"],"relics":["Astrolabe","Bronze Scales","Strawberry","Happy Flower","Fusion Hammer","Dodecahedron","Blue Candle","WingedGreaves","Oddly Smooth Stone","Lantern","Ice Cream","Art of War","Runic Dome","Dead Branch","Bottled Lightning","Toxic Egg 2","Ancient Tea Set"],"potions_floor_usage":[25,25,25,41,41,48],"damage_taken":[{"damage":1,"enemies":"Jaw Worm","floor":1,"turns":3},{"damage":7,"enemies":"2 Louse","floor":3,"turns":3},{"damage":0,"enemies":"Cultist","floor":7,"turns":3},{"damage":5,"enemies":"Gremlin Nob","floor":10,"turns":3},{"damage":3,"enemies":"Red Slaver","floor":11,"turns":3},{"damage":3,"enemies":"Exordium Wildlife","floor":12,"turns":3},{"damage":0,"enemies":"Lagavulin","floor":13,"turns":7},{"damage":11,"enemies":"Hexaghost","floor":16,"turns":9},{"damage":16,"enemies":"Spheric Guardian","floor":18,"turns":6},{"damage":7,"enemies":"Chosen","floor":20,"turns":5},{"damage":0,"enemies":"Snecko","floor":21,"turns":6},{"damage":18,"enemies":"Book of Stabbing","floor":23,"turns":6},{"damage":20,"enemies":"Slavers","floor":25,"turns":5},{"damage":28,"enemies":"Gremlin Leader","floor":27,"turns":7},{"damage":61,"enemies":"Slavers","floor":28,"turns":6},{"damage":49,"enemies":"Collector","floor":33,"turns":8},{"damage":22,"enemies":"Orb Walker","floor":35,"turns":4},{"damage":6,"enemies":"3 Darklings","floor":38,"turns":8},{"damage":21,"enemies":"Nemesis","floor":41,"turns":11},{"damage":0,"enemies":"Giant Head","floor":44,"turns":10},{"damage":27,"enemies":"Sphere and 2 Shapes","floor":46,"turns":8},{"damage":42,"enemies":"Reptomancer","floor":48,"turns":6},{"damage":0,"enemies":"Awakened One","floor":50,"turns":9}],"seed_played":"-784112228325505997","potions_obtained":[{"floor":7,"key":"Block Potion"},{"floor":12,"key":"Dexterity Potion"},{"floor":13,"key":"Weak Potion"},{"floor":25,"key":"Strength Potion"},{"floor":28,"key":"SkillPotion"},{"floor":33,"key":"Block Potion"},{"floor":48,"key":"SteroidPotion"}],"is_trial":false,"path_per_floor":["M","?","M","$","?","R","M","R","T","E","M","M","E","$","R","B",null,"M","?","M","M","?","E","R","E","T","E","E","$","R","?","R","B",null,"M","?","$","M","?","R","E","R","T","E","R","M","R","E","R","B",null],"character_chosen":"IRONCLAD","items_purchased":["Shrug It Off","Ice Cream"],"campfire_rested":7,"item_purchase_floors":[14,29],"current_hp_per_floor":[79,63,66,66,66,66,71,71,71,73,70,76,76,76,76,65,87,71,71,70,79,73,70,70,76,76,75,41,41,67,67,87,69,87,78,78,78,87,83,83,71,83,83,83,83,56,80,41,65,83],"gold":167,"neow_bonus":"BOSS_RELIC","is_prod":false,"is_daily":false,"chose_seed":false,"campfire_upgraded":3,"win_rate":0,"timestamp":1550173993,"path_taken":["M","?","M","$","?","R","M","R","T","E","M","?","E","?","R","BOSS","M","?","M","M","?","E","R","E","T","E","E","$","R","?","R","BOSS","M","?","$","M","?","R","E","R","T","E","R","M","R","E","R","BOSS"],"build_version":"2019-01-23","purchased_purges":3,"victory":true,"max_hp_per_floor":[80,80,80,80,80,80,80,80,80,87,87,87,87,87,87,87,87,87,87,87,87,87,87,87,87,87,87,87,87,87,87,87,87,87,87,87,87,87,83,83,83,83,83,83,83,83,83,83,83,83],"card_choices":[{"not_picked":["Wild Strike","Rupture"],"picked":"Spot Weakness","floor":1},{"not_picked":["Wild Strike","Flex"],"picked":"Disarm","floor":3},{"not_picked":["Wild Strike","Seeing Red","Clash"],"picked":"SKIP","floor":7},{"not_picked":["Hemokinesis","Twin Strike"],"picked":"Evolve","floor":10},{"not_picked":["Berserk","Heavy Blade"],"picked":"Metallicize","floor":11},{"not_picked":["Dropkick","Whirlwind"],"picked":"Iron Wave","floor":12},{"not_picked":["Clothesline","Dual Wield"],"picked":"Ghostly Armor","floor":13},{"not_picked":["Brutality","Fiend Fire"],"picked":"Barricade","floor":16},{"not_picked":["Evolve","Twin Strike+1","Warcry"],"picked":"SKIP","floor":18},{"not_picked":["Pommel Strike","Headbutt","Warcry"],"picked":"SKIP","floor":20},{"not_picked":["Heavy Blade","Cleave","Pommel Strike"],"picked":"SKIP","floor":21},{"not_picked":["Second Wind","Offering","Uppercut"],"picked":"SKIP","floor":23},{"not_picked":["Headbutt","Flex+1"],"picked":"Fiend Fire","floor":25},{"not_picked":["Iron Wave","Wild Strike","Thunderclap"],"picked":"SKIP","floor":27},{"not_picked":["Seeing Red","Anger","Perfected Strike+1"],"picked":"SKIP","floor":28},{"not_picked":["Juggernaut","Dark Embrace"],"picked":"Reaper","floor":33},{"not_picked":["Combust","Hemokinesis+1"],"picked":"Shrug It Off","floor":35},{"not_picked":["Dramatic Entrance","The Bomb"],"picked":"PanicButton","floor":36},{"not_picked":["Thunderclap+1","True Grit"],"picked":"Entrench+1","floor":38},{"not_picked":["Flex+1","Perfected Strike+1"],"picked":"Headbutt+1","floor":41},{"not_picked":["Twin Strike","Brutality","Clothesline"],"picked":"SKIP","floor":44},{"not_picked":["Corruption","Heavy Blade+1"],"picked":"Body Slam+1","floor":46},{"not_picked":["Thunderclap","Dropkick","Flame Barrier+1"],"picked":"SKIP","floor":48}],"player_experience":91486,"relics_obtained":[{"floor":9,"key":"Bronze Scales"},{"floor":10,"key":"Strawberry"},{"floor":13,"key":"Happy Flower"},{"floor":23,"key":"Dodecahedron"},{"floor":25,"key":"Blue Candle"},{"floor":26,"key":"WingedGreaves"},{"floor":27,"key":"Oddly Smooth Stone"},{"floor":28,"key":"Lantern"},{"floor":41,"key":"Dead Branch"},{"floor":43,"key":"Bottled Lightning"},{"floor":44,"key":"Toxic Egg 2"},{"floor":48,"key":"Ancient Tea Set"}],"event_choices":[{"damage_healed":0,"gold_gain":0,"player_choice":"Entered Light","damage_taken":16,"max_hp_gain":0,"max_hp_loss":0,"event_name":"Shining Light","floor":2,"gold_loss":0,"cards_upgraded":["Bash","Defend_R"]},{"damage_healed":0,"gold_gain":0,"player_choice":"1 cards matched","damage_taken":0,"max_hp_gain":0,"max_hp_loss":0,"event_name":"Match and Keep!","floor":5,"gold_loss":0,"cards_obtained":["Good Instincts"]},{"damage_healed":0,"gold_gain":0,"player_choice":"Read","damage_taken":0,"max_hp_gain":0,"max_hp_loss":0,"event_name":"The Library","floor":19,"gold_loss":0,"cards_obtained":["Heavy Blade"]},{"damage_healed":0,"gold_gain":0,"player_choice":"Joined the Cult","damage_taken":6,"max_hp_gain":0,"max_hp_loss":0,"event_name":"Nest","floor":22,"gold_loss":0,"cards_obtained":["RitualDagger"]},{"damage_healed":0,"gold_gain":0,"player_choice":"Stole Relic","damage_taken":0,"relics_obtained":["Art of War"],"max_hp_gain":0,"max_hp_loss":0,"event_name":"Addict","floor":31,"gold_loss":0,"cards_obtained":["Shame"]},{"damage_healed":0,"gold_gain":0,"player_choice":"Memory 1","damage_taken":0,"max_hp_gain":0,"max_hp_loss":0,"event_name":"SensoryStone","floor":36,"gold_loss":0},{"damage_healed":0,"gold_gain":0,"player_choice":"Max HP","damage_taken":0,"max_hp_gain":0,"max_hp_loss":4,"event_name":"Winding Halls","floor":39,"gold_loss":0}],"is_beta":false,"boss_relics":[{"not_picked":["Eternal Feather","Velvet Choker"],"picked":"Fusion Hammer"},{"not_picked":["White Beast Statue","Snecko Eye"],"picked":"Runic Dome"}],"items_purged_floors":[4,14,37],"is_endless":false,"potions_floor_spawned":[7,12,13,16,18,25,28,33,35,38,48],"ascension_level":1}