{"gold_per_floor":[115,125,50,62,79,79,10,10,63,63,120,120,130,130,130,233,233,248,19,19,36,0,0,10,10,10,10,26,26,46,63,63,63],"floor_reached":33,"playtime":3294,"items_purged":["Strike_B"],"score":237,"play_id":"68967b6c-3584-4e0c-852e-fa55569fe81f","local_time":"20180713181147","is_ascension_mode":false,"campfire_choices":[{"floor":6,"key":"REST"},{"data":"Zap","floor":8,"key":"SMITH"},{"data":"Dualcast","floor":10,"key":"SMITH"},{"data":"Coolheaded","floor":12,"key":"SMITH"},{"floor":15,"key":"REST"},{"floor":23,"key":"REST"},{"data":"Recycle","floor":25,"key":"SMITH"},{"floor":32,"key":"REST"}],"neow_cost":"","seed_source_timestamp":0,"circlet_count":0,"master_deck":["Defend_B","Defend_B","Defend_B","Defend_B","Zap+1","Dualcast+1","Cold Snap","Doom and Gloom","Beam Cell","Coolheaded+1","Self Repair","Genetic Algorithm","Leap","Fission","Sunder+1","Recycle+1","BootSequence+1","Streamline","Cold Snap","Sunder","Coolheaded"],"relics":["Cracked Core","Orichalcum","Lantern","Empty Cage","Oddly Smooth Stone","Shuriken"],"potions_floor_usage":[16,24,33,33],"damage_taken":[{"damage":1,"enemies":"Jaw Worm","floor":1,"turns":3},{"damage":0,"enemies":"Small Slimes","floor":2,"turns":2},{"damage":6,"enemies":"2 Louse","floor":4,"turns":2},{"damage":37,"enemies":"Exordium Thugs","floor":5,"turns":5},{"damage":5,"enemies":"3 Sentries","floor":11,"turns":7},{"damage":0,"enemies":"3 Louse","floor":13,"turns":2},{"damage":39,"enemies":"The Guardian","floor":16,"turns":11},{"damage":0,"enemies":"Chosen","floor":18,"turns":4},{"damage":20,"enemies":"2 Thieves","floor":21,"turns":4},{"damage":15,"enemies":"Snecko","floor":24,"turns":8},{"damage":18,"enemies":"Chosen and Byrds","floor":28,"turns":7},{"damage":16,"enemies":"Snake Plant","floor":30,"turns":5},{"damage":0,"enemies":"Centurion and Healer","floor":31,"turns":5},{"damage":86,"enemies":"Automaton","floor":33,"turns":10}],"seed_played":"-8700189711073929148","potions_obtained":[{"floor":2,"key":"Strength Potion"},{"floor":5,"key":"GamblersBrew"},{"floor":13,"key":"Swift Potion"},{"floor":16,"key":"Strength Potion"},{"floor":18,"key":"Dexterity Potion"},{"floor":21,"key":"Block Potion"},{"floor":24,"key":"Ancient Potion"}],"is_trial":true,"path_per_floor":["M","M","$","M","M","R","$","R","T","R","?","R","M","?","R","B",null,"M","$","?","M","?","R","M","R","T","$","M","?","M","M","R"],"character_chosen":"DEFECT","items_purchased":["Self Repair","Recycle","Oddly Smooth Stone"],"campfire_rested":4,"item_purchase_floors":[7,19,19],"current_hp_per_floor":[74,74,74,68,31,53,53,53,53,53,55,55,55,55,75,43,75,75,75,61,48,48,72,64,64,64,64,53,53,44,51,75,0],"gold":63,"neow_bonus":"","is_prod":false,"is_daily":false,"chose_seed":false,"campfire_upgraded":4,"win_rate":0,"timestamp":1531519907,"path_taken":["M","M","$","M","M","R","$","R","T","R","?","R","M","?","R","BOSS","M","$","?","?","?","R","M","R","T","?","M","?","?","?","R","BOSS"],"build_version":"2018-07-12","purchased_purges":1,"victory":false,"max_hp_per_floor":[75,75,75,75,75,75,75,75,75,75,75,75,75,75,75,75,75,75,75,80,80,80,80,80,80,80,80,80,80,80,80,80,80],"card_choices":[{"not_picked":["Hello World","Stack"],"picked":"Cold Snap","floor":1},{"not_picked":["Reprogram","Barrage"],"picked":"Doom and Gloom","floor":2},{"not_picked":["Conserve Battery","Cold Snap"],"picked":"Beam Cell","floor":4},{"not_picked":["Go for the Eyes","Conserve Battery"],"picked":"Coolheaded","floor":5},{"not_picked":["Coolheaded","Reinforced Body"],"picked":"Genetic Algorithm","floor":11},{"not_picked":["Hyperbeam","Rebound"],"picked":"Leap","floor":13},{"not_picked":["Hyperbeam","Reboot"],"picked":"Fission","floor":16},{"not_picked":["Turbo","Scrape"],"picked":"Sunder","floor":18},{"not_picked":["Steam","Barrage"],"picked":"BootSequence+1","floor":21},{"not_picked":["Go for the Eyes","Lockon"],"picked":"Streamline","floor":24},{"not_picked":["Steam+1","Rip and Tear+1"],"picked":"Cold Snap","floor":28},{"not_picked":["Steam Power","Beam Cell+1"],"picked":"Sunder","floor":30},{"not_picked":["Sweeping Beam+1","Reboot"],"picked":"Coolheaded","floor":31}],"player_experience":1086490,"relics_obtained":[{"floor":9,"key":"Orichalcum"},{"floor":11,"key":"Lantern"},{"floor":26,"key":"Shuriken"}],"event_choices":[{"event_name":"Dead Adventurer","player_choice":"Searched \u00272\u0027 times","floor":11,"damage_taken":0},{"event_name":"Bonfire Elementals","player_choice":"BASIC","floor":14,"damage_taken":0},{"event_name":"Forgotten Altar","player_choice":"Shed Blood","floor":20,"damage_taken":0},{"event_name":"Masked Bandits","player_choice":"Paid Bandits 36 gold","floor":22,"damage_taken":0},{"event_name":"Upgrade Shrine","player_choice":"Upgraded","floor":29,"damage_taken":0}],"boss_relics":[{"not_picked":["White Beast Statue","Philosopher\u0027s Stone"],"picked":"Empty Cage"}],"items_purged_floors":[3],"is_endless":true,"potions_floor_spawned":[2,5,13,16,18,21,24,31],"killed_by":"Automaton","ascension_level":0}