{"gold_per_floor":[119,119,45,55,5,35,35,52,52,79,96,160,160,174,174,272,272,288,303,178,188,201,236,236,249,249,249,266,266,294,314,314,411,411,427,427,441,50,150,150,182,196,196,229,229,229,68,85,85,85],"floor_reached":51,"playtime":2819,"items_purged":["Hyperbeam","Rip and Tear","Rainbow+1"],"score":885,"play_id":"e826d85b-29e8-413e-8291-4f73c10da176","local_time":"20190212150542","is_ascension_mode":true,"campfire_choices":[{"data":"Rainbow","floor":7,"key":"SMITH"},{"floor":13,"key":"REST"},{"data":"Hologram","floor":15,"key":"SMITH"},{"data":"Defragment","floor":24,"key":"SMITH"},{"floor":27,"key":"REST"},{"floor":29,"key":"RECALL"},{"data":"Go for the Eyes","floor":32,"key":"SMITH"},{"data":"Melter","floor":40,"key":"PURGE"},{"data":"Barrage","floor":46,"key":"PURGE"},{"data":"Dualcast","floor":49,"key":"PURGE"}],"neow_cost":"NONE","seed_source_timestamp":5053999155675,"circlet_count":0,"master_deck":["Zap","Hologram+1","Defragment+1","Go for the Eyes+1","Turbo","Redo+1","BootSequence+1","Sweeping Beam","Recycle+1","Thunder Strike","Rainbow+1","Self Repair+1","Redo+1","Fusion+1","Heatsinks+1","Steam Power+1","Compile Driver","Steam Power+1","Coolheaded+1","Seek+1","Compile Driver","Stack+1","Reinforced Body+1","Defragment+1"],"relics":["Cracked Core","Symbiotic Virus","Frozen Egg 2","Toxic Egg 2","Oddly Smooth Stone","DataDisk","Pandora\u0027s Box","Ice Cream","Anchor","Vajra","Coffee Dripper","Peace Pipe","Prayer Wheel","Strawberry","Gremlin Horn","Blood Vial"],"potions_floor_usage":[6,12,12,23,30,44,48,50,50],"damage_taken":[{"damage":11,"enemies":"Small Slimes","floor":1,"turns":4},{"damage":2,"enemies":"Jaw Worm","floor":4,"turns":3},{"damage":23,"enemies":"3 Sentries","floor":6,"turns":5},{"damage":5,"enemies":"2 Louse","floor":8,"turns":2},{"damage":0,"enemies":"Lagavulin","floor":10,"turns":4},{"damage":0,"enemies":"Blue Slaver","floor":11,"turns":2},{"damage":13,"enemies":"Lagavulin Event","floor":12,"turns":4},{"damage":0,"enemies":"3 Louse","floor":14,"turns":2},{"damage":27,"enemies":"The Guardian","floor":16,"turns":9},{"damage":10,"enemies":"Shell Parasite","floor":18,"turns":3},{"damage":7,"enemies":"2 Thieves","floor":19,"turns":3},{"damage":21,"enemies":"Cultist and Chosen","floor":21,"turns":5},{"damage":9,"enemies":"Centurion and Healer","floor":22,"turns":5},{"damage":25,"enemies":"Slavers","floor":23,"turns":4},{"damage":25,"enemies":"Snecko","floor":25,"turns":5},{"damage":0,"enemies":"Snake Plant","floor":28,"turns":3},{"damage":14,"enemies":"Book of Stabbing","floor":30,"turns":5},{"damage":16,"enemies":"Shelled Parasite and Fungi","floor":31,"turns":3},{"damage":36,"enemies":"Automaton","floor":33,"turns":7},{"damage":9,"enemies":"3 Shapes","floor":35,"turns":4},{"damage":0,"enemies":"Orb Walker","floor":37,"turns":3},{"damage":0,"enemies":"Mind Bloom Boss Battle","floor":39,"turns":4},{"damage":43,"enemies":"Nemesis","floor":41,"turns":7},{"damage":36,"enemies":"4 Shapes","floor":42,"turns":6},{"damage":0,"enemies":"Reptomancer","floor":44,"turns":4},{"damage":0,"enemies":"Writhing Mass","floor":48,"turns":4},{"damage":24,"enemies":"Donu and Deca","floor":50,"turns":9}],"seed_played":"4909774582763252556","potions_obtained":[{"floor":1,"key":"Weak Potion"},{"floor":4,"key":"AttackPotion"},{"floor":8,"key":"EntropicBrew"},{"floor":12,"key":"Explosive Potion"},{"floor":19,"key":"FocusPotion"},{"floor":30,"key":"FearPotion"},{"floor":31,"key":"Dexterity Potion"},{"floor":42,"key":"Regen Potion"},{"floor":45,"key":"FocusPotion"},{"floor":48,"key":"GamblersBrew"}],"is_trial":false,"path_per_floor":["M","?","$","M","?","E","R","M","T","E","M","?","R","M","R","B",null,"M","M","$","M","M","E","R","M","T","R","M","R","E","M","R","B",null,"M","?","M","$","?","R","E","M","T","E","?","R","$","M","R","B",null],"character_chosen":"DEFECT","items_purchased":["Defragment","Redo+1","Peace Pipe","Reinforced Body+1"],"campfire_rested":2,"item_purchase_floors":[3,20,38,47],"current_hp_per_floor":[64,57,57,55,55,32,32,27,27,27,27,14,36,36,36,9,75,65,58,58,47,48,33,33,18,18,40,50,50,46,40,40,4,75,75,75,75,75,75,75,49,23,23,33,33,33,33,57,57,35],"gold":85,"neow_bonus":"ONE_RANDOM_RARE_CARD","is_prod":false,"is_daily":false,"chose_seed":false,"campfire_upgraded":4,"win_rate":0,"timestamp":1549980342,"path_taken":["M","?","$","M","?","E","R","M","T","E","M","?","R","M","R","BOSS","M","M","$","M","M","E","R","M","T","R","M","R","E","M","R","BOSS","M","?","M","$","?","R","E","M","T","E","?","R","$","?","R","BOSS"],"build_version":"2019-01-23","purchased_purges":3,"victory":true,"max_hp_per_floor":[75,75,75,75,75,75,75,75,75,75,75,75,75,75,75,75,75,75,75,75,75,75,75,75,75,75,75,75,75,75,75,75,75,75,75,75,75,75,75,75,82,82,82,82,82,82,82,82,82,82],"card_choices":[{"not_picked":["Steam Power","Compile Driver"],"picked":"Hologram","floor":1},{"not_picked":["Redo","Ball Lightning"],"picked":"Go for the Eyes","floor":4},{"not_picked":["Tempest","Rebound","Fusion"],"picked":"SKIP","floor":6},{"not_picked":["Compile Driver","Steam Power"],"picked":"Turbo","floor":8},{"not_picked":["Defragment+1","Go for the Eyes"],"picked":"Redo+1","floor":10},{"not_picked":["Rebound","Steam+1","Streamline"],"picked":"SKIP","floor":11},{"not_picked":["Leap+1","Sunder"],"picked":"BootSequence+1","floor":12},{"not_picked":["Echo Form+1","Cold Snap"],"picked":"Sweeping Beam","floor":14},{"not_picked":["Beam Cell+1","Leap+1","Glacier+1"],"picked":"SKIP","floor":18},{"not_picked":["Hologram+1","Ball Lightning"],"picked":"Self Repair+1","floor":19},{"not_picked":["Rebound","Self Repair+1"],"picked":"Fusion+1","floor":21},{"not_picked":["Chill+1","Doom and Gloom"],"picked":"Heatsinks+1","floor":22},{"not_picked":["Stack+1","Redo+1"],"picked":"Steam Power+1","floor":23},{"not_picked":["Streamline","Go for the Eyes"],"picked":"Compile Driver","floor":25},{"not_picked":["Reinforced Body+1","Gash+1","Cold Snap"],"picked":"SKIP","floor":28},{"not_picked":["Static Discharge+1","Cold Snap"],"picked":"Steam Power+1","floor":30},{"not_picked":["Chaos+1","Self Repair+1"],"picked":"Coolheaded+1","floor":31},{"not_picked":["Creative AI+1","Echo Form+1"],"picked":"Seek+1","floor":33},{"not_picked":["Rebound+1","Turbo+1","Beam Cell+1"],"picked":"SKIP","floor":35},{"not_picked":["Consume+1","Chaos+1","Leap+1"],"picked":"SKIP","floor":37},{"not_picked":["Sweeping Beam+1","Hologram+1","Beam Cell"],"picked":"SKIP","floor":41},{"not_picked":["Turbo+1","Force Field+1"],"picked":"Compile Driver","floor":42},{"not_picked":["Barrage","Gash","Turbo+1"],"picked":"SKIP","floor":42},{"not_picked":["All For One","Ball Lightning"],"picked":"Stack+1","floor":44},{"not_picked":["Hello World+1","Rip and Tear+1"],"picked":"Defragment+1","floor":48},{"not_picked":["Streamline+1","Stack+1","Force Field+1"],"picked":"SKIP","floor":48}],"player_experience":64810,"relics_obtained":[{"floor":6,"key":"Frozen Egg 2"},{"floor":9,"key":"Toxic Egg 2"},{"floor":10,"key":"Oddly Smooth Stone"},{"floor":12,"key":"DataDisk"},{"floor":23,"key":"Ice Cream"},{"floor":26,"key":"Anchor"},{"floor":30,"key":"Vajra"},{"floor":39,"key":"Prayer Wheel"},{"floor":41,"key":"Strawberry"},{"floor":43,"key":"Gremlin Horn"},{"floor":44,"key":"Blood Vial"}],"event_choices":[{"damage_healed":0,"gold_gain":0,"player_choice":"Success","damage_taken":7,"relics_obtained":["Symbiotic Virus"],"max_hp_gain":0,"max_hp_loss":0,"event_name":"Scrap Ooze","floor":2,"gold_loss":0},{"cards_removed":["Strike_B"],"damage_healed":0,"gold_gain":0,"player_choice":"Card Removal","damage_taken":0,"max_hp_gain":0,"max_hp_loss":0,"event_name":"The Cleric","floor":5,"gold_loss":50},{"damage_healed":0,"gold_gain":0,"player_choice":"Searched \u00271\u0027 times","damage_taken":0,"max_hp_gain":0,"max_hp_loss":0,"event_name":"Dead Adventurer","floor":12,"gold_loss":0},{"damage_healed":0,"gold_gain":0,"player_choice":"Ignored","damage_taken":0,"max_hp_gain":0,"max_hp_loss":0,"event_name":"Tomb of Lord Red Mask","floor":36,"gold_loss":0},{"damage_healed":0,"gold_gain":0,"player_choice":"Fight","damage_taken":0,"max_hp_gain":0,"max_hp_loss":0,"event_name":"MindBloom","floor":39,"gold_loss":0},{"damage_healed":0,"gold_gain":0,"player_choice":"Got Potions","damage_taken":0,"max_hp_gain":0,"max_hp_loss":0,"event_name":"Lab","floor":45,"gold_loss":0}],"is_beta":false,"boss_relics":[{"not_picked":["Runic Pyramid","Orrery"],"picked":"Pandora\u0027s Box"},{"not_picked":["White Beast Statue","FrozenCore"],"picked":"Coffee Dripper"}],"items_purged_floors":[20,38,47],"is_endless":false,"potions_floor_spawned":[1,4,8,12,14,19,30,31,37,42,48],"ascension_level":2}