{"gold_per_floor":[118,5,17,17,17,17,35,35,35,35,35,35,51,70,70,174,174,184,11,11,27,46,46,76,76,76,76,89,123,123,134,134,230,230,241,261,273,273,273,273,291,291,291,309,321,10,22,49,49,49],"floor_reached":50,"playtime":3495,"items_purged":["Strike_B","Normality","Strike_B"],"score":554,"play_id":"7d926678-0f0e-4f03-9684-b80d809205c6","local_time":"20180812124458","is_ascension_mode":false,"campfire_choices":[{"data":"Dualcast","floor":6,"key":"SMITH"},{"data":"Heatsinks","floor":8,"key":"SMITH"},{"data":"Ball Lightning","floor":11,"key":"SMITH"},{"data":"Ball Lightning","floor":15,"key":"SMITH"},{"data":"Loop","floor":23,"key":"SMITH"},{"floor":32,"key":"REST"},{"data":"Creative AI","floor":40,"key":"SMITH"},{"data":"Creative AI","floor":42,"key":"SMITH"},{"floor":49,"key":"REST"}],"neow_cost":"","seed_source_timestamp":127679384802619,"circlet_count":0,"master_deck":["Defend_B","Defend_B","Defend_B","Zap+1","Dualcast+1","Heatsinks+1","Ball Lightning+1","Gash","Ball Lightning+1","Biased Cognition","Loop+1","Storm","BootSequence","Electrodynamics","Lockon","Creative AI+1","White Noise","Creative AI+1","Double Energy+1","Capacitor"],"relics":["Cracked Core","Gremlin Horn","Boot","Shuriken","Nuclear Battery","Kunai","Happy Flower","Pear","Oddly Smooth Stone","Potion Belt","Empty Cage","Letter Opener","Anchor","Blood Vial"],"potions_floor_usage":[18,22,22,29,33,44,44,50],"damage_taken":[{"damage":1,"enemies":"Cultist","floor":1,"turns":3},{"damage":1,"enemies":"Jaw Worm","floor":3,"turns":3},{"damage":3,"enemies":"Small Slimes","floor":7,"turns":2},{"damage":8,"enemies":"Red Slaver","floor":13,"turns":3},{"damage":0,"enemies":"Large Slime","floor":14,"turns":3},{"damage":32,"enemies":"The Guardian","floor":16,"turns":11},{"damage":0,"enemies":"Spheric Guardian","floor":18,"turns":3},{"damage":12,"enemies":"Shell Parasite","floor":21,"turns":2},{"damage":14,"enemies":"3 Cultists","floor":22,"turns":4},{"damage":34,"enemies":"Book of Stabbing","floor":24,"turns":4},{"damage":13,"enemies":"Snake Plant","floor":28,"turns":3},{"damage":5,"enemies":"Gremlin Leader","floor":29,"turns":4},{"damage":0,"enemies":"Chosen and Byrds","floor":31,"turns":2},{"damage":16,"enemies":"Collector","floor":33,"turns":4},{"damage":0,"enemies":"3 Darklings","floor":35,"turns":2},{"damage":5,"enemies":"3 Shapes","floor":36,"turns":3},{"damage":12,"enemies":"Transient","floor":37,"turns":5},{"damage":0,"enemies":"Flame Bruiser 2 Orb","floor":41,"turns":3},{"damage":0,"enemies":"Spire Growth","floor":44,"turns":3},{"damage":5,"enemies":"3 Darklings","floor":45,"turns":3},{"damage":1,"enemies":"4 Shapes","floor":47,"turns":3},{"damage":16,"enemies":"2 Orb Walkers","floor":48,"turns":3},{"damage":121,"enemies":"Awakened One","floor":50,"turns":5}],"seed_played":"-7017785348117226863","potions_obtained":[{"floor":3,"key":"GamblersBrew"},{"floor":7,"key":"SkillPotion"},{"floor":16,"key":"Fruit Juice"},{"floor":18,"key":"EssenceOfSteel"},{"floor":28,"key":"Strength Potion"},{"floor":31,"key":"Swift Potion"},{"floor":36,"key":"Fire Potion"},{"floor":41,"key":"Fire Potion"},{"floor":48,"key":"SpeedPotion"}],"is_trial":false,"path_per_floor":["M","$","M","?","$","R","M","R","T","?","R","T","M","M","R","B",null,"M","$","?","M","M","R","E","?","T","?","M","E","?","M","R","B",null,"M","M","M","?","?","R","M","R","T","M","M","$","M","E","R"],"character_chosen":"DEFECT","items_purchased":["Heatsinks","Storm","Capacitor","Anchor"],"campfire_rested":2,"item_purchase_floors":[2,19,46,46],"current_hp_per_floor":[74,74,73,73,73,73,70,70,70,70,70,70,62,62,62,30,75,80,80,80,68,54,54,20,20,30,30,17,12,12,12,39,23,90,90,85,73,73,73,73,73,73,73,73,68,68,67,51,78,0],"gold":49,"neow_bonus":"","is_prod":false,"is_daily":false,"chose_seed":false,"campfire_upgraded":7,"win_rate":0,"timestamp":1534043698,"path_taken":["M","?","M","?","$","R","M","R","T","?","R","?","M","M","R","BOSS","M","$","?","M","M","R","E","?","T","?","M","E","?","M","R","BOSS","M","M","?","?","?","R","M","R","T","M","?","$","M","E","R","BOSS"],"build_version":"2018-08-09","purchased_purges":3,"victory":false,"max_hp_per_floor":[75,75,75,75,75,75,75,75,75,75,75,75,75,75,75,75,75,80,80,80,80,80,80,80,80,90,90,90,90,90,90,90,90,90,90,90,90,90,90,90,90,90,90,90,90,90,90,90,90,90],"card_choices":[{"not_picked":["Rebound","Leap","Turbo"],"picked":"SKIP","floor":1},{"not_picked":["Coolheaded","Compile Driver"],"picked":"Ball Lightning","floor":3},{"not_picked":["Rebound","Compile Driver","Stack"],"picked":"SKIP","floor":7},{"not_picked":["Meteor Strike","Streamline"],"picked":"Gash","floor":13},{"not_picked":["Genetic Algorithm","Coolheaded"],"picked":"Ball Lightning","floor":14},{"not_picked":["Seek","All For One"],"picked":"Biased Cognition","floor":16},{"not_picked":["BootSequence","Coolheaded"],"picked":"Loop","floor":18},{"not_picked":["Redo","Beam Cell+1","Fusion"],"picked":"SKIP","floor":21},{"not_picked":["Sweeping Beam","Beam Cell"],"picked":"BootSequence","floor":22},{"not_picked":["Redo","Cold Snap","Steam+1"],"picked":"SKIP","floor":24},{"not_picked":["Conserve Battery","Coolheaded+1","Darkness"],"picked":"SKIP","floor":28},{"not_picked":["Streamline","Tempest"],"picked":"Electrodynamics","floor":29},{"not_picked":["Rebound","Leap","Streamline"],"picked":"SKIP","floor":31},{"not_picked":["Seek","Electrodynamics"],"picked":"Creative AI","floor":33},{"not_picked":["Compile Driver+1","Streamline+1","Coolheaded"],"picked":"SKIP","floor":35},{"not_picked":["Stack","Force Field","Hologram"],"picked":"SKIP","floor":36},{"not_picked":["Turbo","Tempest"],"picked":"White Noise","floor":37},{"not_picked":["Rebound","Rip and Tear+1"],"picked":"Double Energy+1","floor":41},{"not_picked":["Streamline+1","Ball Lightning","Compile Driver"],"picked":"SKIP","floor":44},{"not_picked":["Compile Driver+1","Turbo","Skim+1"],"picked":"SKIP","floor":45},{"not_picked":["Gash+1","Leap","Coolheaded+1"],"picked":"SKIP","floor":47},{"not_picked":["Rebound+1","Turbo+1","Leap+1"],"picked":"SKIP","floor":48}],"player_experience":313534,"relics_obtained":[{"floor":9,"key":"Gremlin Horn"},{"floor":12,"key":"Shuriken"},{"floor":24,"key":"Kunai"},{"floor":26,"key":"Pear"},{"floor":29,"key":"Potion Belt"},{"floor":43,"key":"Letter Opener"},{"floor":48,"key":"Blood Vial"}],"event_choices":[{"event_name":"Living Wall","player_choice":"Grow","floor":4,"damage_taken":0},{"event_name":"Accursed Blacksmith","player_choice":"Rummage","floor":10,"damage_taken":0},{"event_name":"Back to Basics","player_choice":"Elegance","floor":20,"damage_taken":0},{"event_name":"WeMeetAgain","player_choice":"Potion","floor":25,"damage_taken":0},{"event_name":"The Mausoleum","player_choice":"Yes","floor":27,"damage_taken":0},{"event_name":"Transmorgrifier","player_choice":"Transform","floor":30,"damage_taken":0},{"event_name":"SensoryStone","player_choice":"Memory 1","floor":38,"damage_taken":0},{"event_name":"Duplicator","player_choice":"One dupe","floor":39,"damage_taken":0}],"is_beta":false,"boss_relics":[{"not_picked":["White Beast Statue","Inserter"],"picked":"Nuclear Battery"},{"not_picked":["Lizard Tail","Pandora\u0027s Box"],"picked":"Empty Cage"}],"items_purged_floors":[2,19,46],"is_endless":false,"potions_floor_spawned":[3,7,16,18,28,31,36,41,48],"killed_by":"Awakened One","ascension_level":0}