{"gold_per_floor":[110,40,56,56,56,56,81,81,106,116,116,129,147,36,36,140,190,210,210,221,221],"floor_reached":21,"playtime":3662,"items_purged":["Strike_G"],"score":311,"play_id":"7eab000d-e1e9-43a2-8968-2635c7be41a9","local_time":"20190214171800","is_ascension_mode":true,"campfire_choices":[{"floor":6,"key":"REST"},{"data":"Noxious Fumes","floor":8,"key":"SMITH"},{"data":"Envenom","floor":11,"key":"SMITH"},{"data":"Footwork","floor":15,"key":"SMITH"}],"neow_cost":"NONE","seed_source_timestamp":12703098721486,"circlet_count":0,"master_deck":["AscendersBane","Defend_G","Defend_G","Defend_G+1","Defend_G","Defend_G","Strike_G+1","Strike_G","Strike_G","Survivor","Neutralize","Phantasmal Killer+1","Poisoned Stab","Noxious Fumes+1","Flying Knee","Envenom+1","Deflect","Footwork+1","Venomology","Dodge and Roll","Noxious Fumes"],"relics":["Ring of the Snake","Pantograph","Strawberry","Tiny House","Pear"],"potions_floor_usage":[13,18],"damage_taken":[{"damage":0,"enemies":"Cultist","floor":1,"turns":4},{"damage":10,"enemies":"Small Slimes","floor":3,"turns":5},{"damage":24,"enemies":"3 Sentries","floor":7,"turns":8},{"damage":12,"enemies":"Jaw Worm","floor":10,"turns":4},{"damage":3,"enemies":"Blue Slaver","floor":12,"turns":4},{"damage":20,"enemies":"Exordium Thugs","floor":13,"turns":6},{"damage":37,"enemies":"The Guardian","floor":16,"turns":10},{"damage":17,"enemies":"Shell Parasite","floor":18,"turns":7},{"damage":18,"enemies":"Chosen","floor":20,"turns":7},{"damage":47,"enemies":"Snecko","floor":21,"turns":5}],"seed_played":"7478501945569501614","potions_obtained":[{"floor":7,"key":"Regen Potion"},{"floor":16,"key":"Fire Potion"},{"floor":17,"key":"Dexterity Potion"}],"is_trial":false,"path_per_floor":["M","$","M","?","?","R","E","R","T","M","R","M","M","$","R","B",null,"M","?","M","M"],"character_chosen":"THE_SILENT","items_purchased":["Noxious Fumes","Footwork"],"campfire_rested":1,"item_purchase_floors":[2,14],"current_hp_per_floor":[63,63,53,39,32,53,29,29,36,24,24,21,16,16,16,4,64,47,57,39,0],"gold":221,"neow_bonus":"ONE_RANDOM_RARE_CARD","is_prod":false,"is_daily":false,"chose_seed":false,"campfire_upgraded":3,"win_rate":0,"timestamp":1550186280,"path_taken":["M","$","M","?","?","R","E","R","T","M","R","M","M","?","R","BOSS","M","?","?","M"],"build_version":"2019-01-23","purchased_purges":1,"victory":false,"max_hp_per_floor":[70,70,70,70,70,70,70,70,77,77,77,77,77,77,77,77,82,82,92,92,92],"card_choices":[{"not_picked":["PiercingWail","Sucker Punch"],"picked":"Poisoned Stab","floor":1},{"not_picked":["Sucker Punch","Deadly Poison"],"picked":"Flying Knee","floor":3},{"not_picked":["Flying Knee","Outmaneuver"],"picked":"Envenom","floor":7},{"not_picked":["Deflect","Concentrate","Quick Slash"],"picked":"SKIP","floor":10},{"not_picked":["Catalyst","Slice"],"picked":"Deflect","floor":12},{"not_picked":["Concentrate","Blade Dance","Flechettes"],"picked":"SKIP","floor":13},{"not_picked":["Phantasmal Killer","Bullet Time"],"picked":"Venomology","floor":16},{"not_picked":["Acrobatics","PiercingWail"],"picked":"Dodge and Roll","floor":17},{"not_picked":["Bane","Poisoned Stab+1"],"picked":"Noxious Fumes","floor":18},{"not_picked":["Acrobatics","Flechettes","Prepared"],"picked":"SKIP","floor":20}],"player_experience":799977,"relics_obtained":[{"floor":7,"key":"Pantograph"},{"floor":9,"key":"Strawberry"}],"event_choices":[{"damage_healed":0,"gold_gain":0,"player_choice":"Entered Light","damage_taken":14,"max_hp_gain":0,"max_hp_loss":0,"event_name":"Shining Light","floor":4,"gold_loss":0,"cards_upgraded":["Strike_G","Defend_G"]},{"cards_removed":["Strike_G"],"damage_healed":0,"gold_gain":0,"player_choice":"Card Removal","damage_taken":7,"max_hp_gain":0,"max_hp_loss":0,"event_name":"Golden Wing","floor":5,"gold_loss":0},{"damage_healed":0,"gold_gain":0,"player_choice":"Gave Potion","damage_taken":0,"relics_obtained":["Pear"],"max_hp_gain":0,"max_hp_loss":0,"event_name":"WeMeetAgain","floor":19,"gold_loss":0}],"is_beta":false,"boss_relics":[{"not_picked":["HoveringKite","Black Star"],"picked":"Tiny House"}],"items_purged_floors":[14],"is_endless":false,"potions_floor_spawned":[7,16,20],"killed_by":"Snecko","ascension_level":12}