{"gold_per_floor":[111,36,36,51,65,84,96,96,96,96,110,110,129,149,149,252,252,263,263,4,15,15,15,15],"floor_reached":24,"playtime":851,"items_purged":[],"score":250,"play_id":"df144fe6-29a5-4b5e-9095-c9e327c334a8","local_time":"20180625211512","is_ascension_mode":true,"campfire_choices":[{"floor":8,"key":"REST"},{"data":"Defragment","floor":12,"key":"SMITH"},{"floor":15,"key":"REST"},{"floor":23,"key":"REST"}],"neow_cost":"NONE","seed_source_timestamp":91961251889704,"circlet_count":0,"master_deck":["Strike_B","Strike_B","Defend_B","Defend_B","Defend_B","Defend_B","Zap","Dualcast","Thunder Strike","Static Discharge","Defragment+1","Hello World","Redo","Genetic Algorithm","Melter","Parasite","Defragment","Force Field","Ball Lightning","Hologram","Consume","Electrodynamics","Cold Snap+1","Cold Snap"],"relics":["Cracked Core","Prayer Wheel","Empty Cage","Symbiotic Virus"],"potions_floor_usage":[16,16,22],"damage_taken":[{"damage":7,"enemies":"2 Louse","floor":1,"turns":3},{"damage":0,"enemies":"Small Slimes","floor":4,"turns":3},{"damage":4,"enemies":"Cultist","floor":5,"turns":4},{"damage":17,"enemies":"Looter","floor":6,"turns":3},{"damage":21,"enemies":"2 Fungi Beasts","floor":7,"turns":4},{"damage":0,"enemies":"Large Slime","floor":11,"turns":5},{"damage":23,"enemies":"Lots of Slimes","floor":13,"turns":3},{"damage":16,"enemies":"Blue Slaver","floor":14,"turns":4},{"damage":23,"enemies":"Hexaghost","floor":16,"turns":6},{"damage":28,"enemies":"Chosen","floor":18,"turns":5},{"damage":18,"enemies":"Shell Parasite","floor":21,"turns":4},{"damage":0,"enemies":"Chosen and Byrds","floor":22,"turns":1},{"damage":48,"enemies":"Gremlin Leader","floor":24,"turns":5}],"seed_played":"3479650224478895489","potions_obtained":[{"floor":4,"key":"Strength Potion"},{"floor":5,"key":"PowerPotion"},{"floor":13,"key":"Ancient Potion"},{"floor":14,"key":"SkillPotion"},{"floor":16,"key":"SmokeBomb"},{"floor":18,"key":"Block Potion"}],"is_trial":false,"path_per_floor":["M","$","?","M","M","M","M","R","T","?","M","R","M","M","R","B",null,"M","?","$","M","M","R"],"character_chosen":"DEFECT","items_purchased":["Defragment","Symbiotic Virus"],"campfire_rested":3,"item_purchase_floors":[2,20],"current_hp_per_floor":[61,61,66,66,62,45,24,48,48,68,68,68,45,29,53,30,68,40,40,40,22,22,46,0],"gold":15,"neow_bonus":"ONE_RANDOM_RARE_CARD","is_prod":false,"is_daily":false,"chose_seed":false,"campfire_upgraded":1,"win_rate":0,"timestamp":1529975712,"path_taken":["M","$","?","?","M","M","M","R","T","?","M","R","M","M","R","BOSS","M","?","$","M","M","R","E"],"build_version":"2018-06-21v2","purchased_purges":0,"victory":false,"max_hp_per_floor":[75,75,80,80,80,80,80,80,80,80,80,80,80,80,80,80,80,80,80,80,80,80,80,80],"card_choices":[{"not_picked":["Cold Snap","Stack"],"picked":"Static Discharge","floor":1},{"not_picked":["Sweeping Beam","Aggregate"],"picked":"Hello World","floor":4},{"not_picked":["Gash","Ball Lightning"],"picked":"Redo","floor":5},{"not_picked":["Stack","Leap"],"picked":"Genetic Algorithm","floor":6},{"not_picked":["Barrage","Biased Cognition"],"picked":"Melter","floor":7},{"not_picked":["Glacier","Redo"],"picked":"Defragment","floor":11},{"not_picked":["Sweeping Beam","Beam Cell"],"picked":"Force Field","floor":11},{"not_picked":["Steam","Rebound"],"picked":"Ball Lightning","floor":13},{"not_picked":["Scrape","Reprogram","Gash"],"picked":"SKIP","floor":13},{"not_picked":["Fusion","Stack"],"picked":"Hologram","floor":14},{"not_picked":["Streamline","Chaos"],"picked":"Consume","floor":14},{"not_picked":["Echo Form","Multi-Cast"],"picked":"Electrodynamics","floor":16},{"not_picked":["Storm+1","Leap+1"],"picked":"Cold Snap+1","floor":18},{"not_picked":["Rebound","Gash+1","Fusion"],"picked":"SKIP","floor":18},{"not_picked":["Barrage+1","Rip and Tear"],"picked":"Cold Snap","floor":21},{"not_picked":["Compile Driver","Recycle","Aggregate"],"picked":"SKIP","floor":21}],"player_experience":771133,"relics_obtained":[{"floor":9,"key":"Prayer Wheel"}],"event_choices":[{"event_name":"Big Fish","player_choice":"Donut","floor":3,"damage_taken":0},{"event_name":"Mushrooms","player_choice":"Healed and dodged fight","floor":10,"damage_taken":0},{"event_name":"Vampires","player_choice":"Ignored","floor":19,"damage_taken":0}],"boss_relics":[{"not_picked":["White Beast Statue","Tiny House"],"picked":"Empty Cage"}],"items_purged_floors":[],"is_endless":false,"potions_floor_spawned":[4,5,13,14,16,18,21,22],"killed_by":"Gremlin Leader","ascension_level":6}