{"gold_per_floor":[109,120,136,154,169,200,200,227,227,227],"floor_reached":10,"playtime":569,"items_purged":[],"score":96,"play_id":"99605c3f-c4c3-487a-89d3-8a5123d86e2b","local_time":"20180628154134","is_ascension_mode":true,"campfire_choices":[{"floor":7,"key":"REST"}],"neow_cost":"NONE","seed_source_timestamp":152908826390353,"circlet_count":0,"master_deck":["Strike_R","Strike_R","Strike_R","Strike_R","Strike_R","Defend_R","Defend_R","Defend_R","Defend_R","Bash","Clothesline","Iron Wave","Immolate","Shrug It Off"],"relics":["White Beast Statue","Ancient Tea Set","Pen Nib","Dodecahedron"],"potions_floor_usage":[5,6,6,8,8,10],"damage_taken":[{"damage":20,"enemies":"Small Slimes","floor":1,"turns":4},{"damage":14,"enemies":"2 Louse","floor":2,"turns":3},{"damage":0,"enemies":"Cultist","floor":3,"turns":4},{"damage":11,"enemies":"2 Fungi Beasts","floor":4,"turns":3},{"damage":3,"enemies":"Blue Slaver","floor":5,"turns":2},{"damage":27,"enemies":"3 Sentries","floor":6,"turns":9},{"damage":34,"enemies":"Lagavulin","floor":8,"turns":7},{"damage":11,"enemies":"Gremlin Nob","floor":10,"turns":3}],"seed_played":"-5685447462931309719","potions_obtained":[{"floor":1,"key":"Ancient Potion"},{"floor":2,"key":"Energy Potion"},{"floor":3,"key":"GamblersBrew"},{"floor":4,"key":"Regen Potion"},{"floor":5,"key":"Energy Potion"},{"floor":6,"key":"GamblersBrew"},{"floor":8,"key":"PowerPotion"}],"is_trial":false,"path_per_floor":["M","M","M","M","M","E","R","E","T"],"character_chosen":"IRONCLAD","items_purchased":[],"campfire_rested":1,"item_purchase_floors":[],"current_hp_per_floor":[60,46,46,35,32,20,44,10,10,0],"gold":227,"neow_bonus":"BOSS_RELIC","is_prod":false,"is_daily":false,"chose_seed":false,"campfire_upgraded":0,"win_rate":0,"timestamp":1530218494,"path_taken":["M","M","M","M","M","E","R","E","T","E"],"build_version":"2018-06-27","purchased_purges":0,"victory":false,"max_hp_per_floor":[80,80,80,80,80,80,80,80,80,80],"card_choices":[{"not_picked":["Heavy Blade","Warcry","Sword Boomerang"],"picked":"SKIP","floor":1},{"not_picked":["Iron Wave","Heavy Blade"],"picked":"Clothesline","floor":2},{"not_picked":["Headbutt","True Grit","Twin Strike"],"picked":"SKIP","floor":3},{"not_picked":["Cleave","Armaments"],"picked":"Iron Wave","floor":4},{"not_picked":["Iron Wave","Thunderclap","Clash"],"picked":"SKIP","floor":5},{"not_picked":["Rampage","Entrench"],"picked":"Immolate","floor":6},{"not_picked":["Blood for Blood","Thunderclap"],"picked":"Shrug It Off","floor":8}],"player_experience":162128,"relics_obtained":[{"floor":6,"key":"Ancient Tea Set"},{"floor":8,"key":"Pen Nib"},{"floor":9,"key":"Dodecahedron"}],"event_choices":[],"boss_relics":[],"items_purged_floors":[],"is_endless":false,"potions_floor_spawned":[1,2,3,4,5,6,8],"killed_by":"Gremlin Nob","ascension_level":4}