{"gold_per_floor":[115,115,131,151,170,170,190,217,244,244,80,80,80,80,80,174,174,197,88,104,104,19,19,58,24,50,50,69,69,103,124,124,124],"floor_reached":33,"playtime":1473,"items_purged":["Strike_B"],"score":495,"play_id":"a6222e4f-e01c-4c52-b965-f2645bf8ab88","local_time":"20190202233053","is_ascension_mode":true,"campfire_choices":[{"data":"Defragment","floor":6,"key":"SMITH"},{"data":"Dramatic Entrance","floor":12,"key":"SMITH"},{"data":"Go for the Eyes","floor":15,"key":"SMITH"},{"floor":23,"key":"REST"},{"data":"Thunder Strike","floor":27,"key":"SMITH"},{"data":"Streamline","floor":32,"key":"SMITH"}],"neow_cost":"NONE","seed_source_timestamp":912758879878378,"circlet_count":0,"master_deck":["AscendersBane","Strike_B+1","Strike_B+1","Strike_B+1","Defend_B+1","Defend_B+1","Defend_B+1","Defend_B+1","Zap+1","Dualcast+1","Hologram+1","BootSequence+1","Defragment+1","Go for the Eyes+1","Reinforced Body+1","Dramatic Entrance+1","Thunder Strike+1","Chaos+1","Auto Shields","Self Repair","Cold Snap+1","Double Energy","Glacier","Streamline+1"],"relics":["Cracked Core","Shuriken","Oddly Smooth Stone","Golden Idol","Ancient Tea Set","Eternal Feather","War Paint","Symbiotic Virus","Pen Nib","Potion Belt"],"potions_floor_usage":[8,16,16,30,30,33,33],"damage_taken":[{"damage":0,"enemies":"Small Slimes","floor":1,"turns":3},{"damage":1,"enemies":"Cultist","floor":3,"turns":3},{"damage":0,"enemies":"Jaw Worm","floor":4,"turns":3},{"damage":0,"enemies":"3 Louse","floor":5,"turns":3},{"damage":8,"enemies":"Blue Slaver","floor":7,"turns":3},{"damage":5,"enemies":"Lagavulin","floor":8,"turns":6},{"damage":14,"enemies":"Hexaghost","floor":16,"turns":13},{"damage":12,"enemies":"3 Byrds","floor":18,"turns":5},{"damage":23,"enemies":"Spheric Guardian","floor":20,"turns":7},{"damage":24,"enemies":"Slavers","floor":24,"turns":8},{"damage":15,"enemies":"Snake Plant","floor":28,"turns":4},{"damage":12,"enemies":"Book of Stabbing","floor":30,"turns":7},{"damage":5,"enemies":"Sentry and Sphere","floor":31,"turns":8},{"damage":82,"enemies":"Collector","floor":33,"turns":15}],"seed_played":"-4918875919563535131","potions_obtained":[{"floor":1,"key":"PowerPotion"},{"floor":3,"key":"Dexterity Potion"},{"floor":8,"key":"Weak Potion"},{"floor":16,"key":"Strength Potion"},{"floor":28,"key":"Regen Potion"},{"floor":30,"key":"Poison Potion"},{"floor":31,"key":"Weak Potion"}],"is_trial":false,"path_per_floor":["M","?","M","M","M","R","M","E","T","?","$","R","?","?","R","B",null,"M","$","M","?","?","R","E","$","T","R","M","?","E","M","R","B"],"character_chosen":"DEFECT","items_purchased":["Dramatic Entrance","Auto Shields","Self Repair","Double Energy"],"campfire_rested":1,"item_purchase_floors":[11,19,19,25],"current_hp_per_floor":[64,64,63,63,63,63,55,50,50,29,29,29,29,29,29,15,52,40,40,24,24,24,55,38,38,38,50,35,48,58,60,64,0],"gold":124,"neow_bonus":"UPGRADE_CARD","is_prod":false,"is_daily":false,"chose_seed":false,"campfire_upgraded":5,"win_rate":0,"timestamp":1549117853,"path_taken":["M","?","?","M","M","R","M","E","T","?","$","R","?","?","R","BOSS","M","$","M","?","?","R","E","$","T","R","M","?","E","M","R","BOSS"],"build_version":"2019-01-23","purchased_purges":1,"victory":false,"max_hp_per_floor":[71,71,71,71,71,71,71,71,71,71,71,71,64,64,64,64,64,64,64,64,64,64,64,64,64,64,64,64,64,64,64,64,64],"card_choices":[{"not_picked":["Fusion","Loop","Blizzard"],"picked":"SKIP","floor":1},{"not_picked":["Steam","Blizzard"],"picked":"Hologram","floor":3},{"not_picked":["Compile Driver","Melter"],"picked":"BootSequence","floor":4},{"not_picked":["Gash","Steam"],"picked":"Defragment","floor":5},{"not_picked":["Leap","Steam"],"picked":"Go for the Eyes","floor":7},{"not_picked":["Gash","Ball Lightning"],"picked":"Reinforced Body","floor":8},{"not_picked":["Meteor Strike","Multi-Cast"],"picked":"Thunder Strike","floor":16},{"not_picked":["Sweeping Beam","Go for the Eyes"],"picked":"Chaos","floor":18},{"not_picked":["Sweeping Beam","Hologram"],"picked":"Cold Snap+1","floor":20},{"not_picked":["Consume","Conserve Battery","Rip and Tear"],"picked":"SKIP","floor":24},{"not_picked":["Leap","Compile Driver","Aggregate+1"],"picked":"SKIP","floor":28},{"not_picked":["Darkness","Heatsinks"],"picked":"Glacier","floor":30},{"not_picked":["Hologram","Go for the Eyes"],"picked":"Streamline","floor":31}],"player_experience":453563,"relics_obtained":[{"floor":8,"key":"Shuriken"},{"floor":9,"key":"Oddly Smooth Stone"},{"floor":24,"key":"Symbiotic Virus"},{"floor":26,"key":"Pen Nib"},{"floor":30,"key":"Potion Belt"}],"event_choices":[{"damage_healed":0,"gold_gain":0,"player_choice":"Forge","damage_taken":0,"max_hp_gain":0,"max_hp_loss":0,"event_name":"Accursed Blacksmith","floor":2,"gold_loss":0,"cards_upgraded":["Dualcast"]},{"damage_healed":0,"gold_gain":0,"player_choice":"Entered Light","damage_taken":21,"max_hp_gain":0,"max_hp_loss":0,"event_name":"Shining Light","floor":10,"gold_loss":0,"cards_upgraded":["Hologram","BootSequence"]},{"damage_healed":0,"gold_gain":0,"player_choice":"Lose Max HP","damage_taken":0,"relics_obtained":["Golden Idol"],"max_hp_gain":0,"max_hp_loss":7,"event_name":"Golden Idol","floor":13,"gold_loss":0},{"damage_healed":0,"gold_gain":0,"player_choice":"Searched \u00271\u0027 times","damage_taken":0,"relics_obtained":["Ancient Tea Set"],"max_hp_gain":0,"max_hp_loss":0,"event_name":"Dead Adventurer","floor":14,"gold_loss":0},{"damage_healed":0,"gold_gain":0,"player_choice":"Simplicity","damage_taken":0,"max_hp_gain":0,"max_hp_loss":0,"event_name":"Back to Basics","floor":21,"gold_loss":0,"cards_upgraded":["Strike_B","Strike_B","Strike_B","Defend_B","Defend_B","Defend_B","Defend_B"]},{"damage_healed":0,"gold_gain":0,"player_choice":"Obtained Relic","damage_taken":0,"relics_obtained":["War Paint"],"max_hp_gain":0,"max_hp_loss":0,"event_name":"Addict","floor":22,"gold_loss":85},{"damage_healed":13,"gold_gain":0,"player_choice":"Heal","damage_taken":0,"max_hp_gain":0,"max_hp_loss":0,"event_name":"The Library","floor":29,"gold_loss":0}],"is_beta":false,"boss_relics":[{"not_picked":["Orrery","Tiny House"],"picked":"Eternal Feather"}],"items_purged_floors":[11],"is_endless":false,"potions_floor_spawned":[1,3,7,8,16,28,30,31],"killed_by":"Collector","ascension_level":15}