{"gold_per_floor":[117,129,141,216,63,94,94,24,81,114,114,125,225,240,240,342,342,356,356,367,383,401,401,65,65,65,85,97,97,97,110,110,110],"floor_reached":33,"playtime":1379,"items_purged":["Strike_R"],"score":324,"play_id":"8e481c86-1c54-4ef6-af70-4c0a6189a1af","local_time":"20180703145426","is_ascension_mode":true,"campfire_choices":[{"floor":7,"key":"REST"},{"floor":15,"key":"REST"},{"floor":23,"key":"REST"},{"floor":25,"key":"REST"},{"floor":32,"key":"REST"}],"neow_cost":"NONE","seed_source_timestamp":759674410605074,"circlet_count":0,"master_deck":["Strike_R","Strike_R","Defend_R","Defend_R","Defend_R","Bash","Entrench","Shrug It Off","Iron Wave","Bludgeon","Uppercut","Blood for Blood","Rage","Double Tap","Clothesline","Pommel Strike+1","True Grit+1","Iron Wave","Spot Weakness","Metallicize","Twin Strike","Reaper","Thunderclap+1"],"relics":["Burning Blood","Lantern","Tiny Chest","Mango","Mark of Pain","Vajra","Charon\u0027s Ashes"],"potions_floor_usage":[16,16,16],"damage_taken":[{"damage":6,"enemies":"Cultist","floor":1,"turns":3},{"damage":8,"enemies":"2 Louse","floor":2,"turns":2},{"damage":0,"enemies":"Small Slimes","floor":3,"turns":3},{"damage":30,"enemies":"Gremlin Nob","floor":6,"turns":5},{"damage":21,"enemies":"3 Sentries","floor":10,"turns":6},{"damage":3,"enemies":"Blue Slaver","floor":12,"turns":2},{"damage":15,"enemies":"2 Fungi Beasts","floor":14,"turns":3},{"damage":58,"enemies":"Hexaghost","floor":16,"turns":8},{"damage":34,"enemies":"Shell Parasite","floor":18,"turns":6},{"damage":28,"enemies":"3 Byrds","floor":20,"turns":9},{"damage":15,"enemies":"Snake Plant","floor":21,"turns":3},{"damage":19,"enemies":"Centurion and Healer","floor":22,"turns":6},{"damage":11,"enemies":"Snecko","floor":27,"turns":4},{"damage":36,"enemies":"Slaver and Parasite","floor":28,"turns":6},{"damage":47,"enemies":"Cultist and Chosen","floor":31,"turns":6},{"damage":64,"enemies":"Automaton","floor":33,"turns":6}],"seed_played":"1414514218214659095","potions_obtained":[{"floor":1,"key":"LiquidBronze"},{"floor":3,"key":"FearPotion"},{"floor":6,"key":"AttackPotion"},{"floor":18,"key":"FearPotion"},{"floor":28,"key":"SpeedPotion"}],"is_trial":false,"path_per_floor":["M","M","M","?","$","E","R","$","T","E","?","M","?","M","R","B",null,"M","?","M","M","M","R","$","R","T","M","M","$","?","M","R"],"character_chosen":"IRONCLAD","items_purchased":["Bludgeon","Blood for Blood","Vajra","Spot Weakness","Metallicize"],"campfire_rested":5,"item_purchase_floors":[5,8,24,24,24],"current_hp_per_floor":[80,78,80,69,69,45,69,69,69,68,68,71,71,62,90,38,80,52,52,30,21,8,36,36,64,64,59,29,29,29,11,39,0],"gold":110,"neow_bonus":"REMOVE_CARD","is_prod":false,"is_daily":false,"chose_seed":false,"campfire_upgraded":0,"win_rate":0,"timestamp":1530644066,"path_taken":["M","M","M","?","$","E","R","$","T","E","?","M","?","M","R","BOSS","M","?","?","M","M","R","$","R","T","M","M","$","?","M","R","BOSS"],"build_version":"2018-06-28","purchased_purges":1,"victory":false,"max_hp_per_floor":[80,80,80,80,80,80,80,80,80,94,94,94,94,94,94,94,94,94,94,94,94,94,94,94,94,94,94,94,94,94,94,94,94],"card_choices":[{"not_picked":["Pommel Strike","True Grit"],"picked":"Entrench","floor":1},{"not_picked":["Headbutt","Berserk"],"picked":"Shrug It Off","floor":2},{"not_picked":["Hemokinesis","Sword Boomerang"],"picked":"Iron Wave","floor":3},{"not_picked":["Havoc","Clothesline"],"picked":"Uppercut","floor":6},{"not_picked":["Perfected Strike","Rupture","Havoc"],"picked":"SKIP","floor":10},{"not_picked":["Clothesline","Feel No Pain"],"picked":"Rage","floor":12},{"not_picked":["Twin Strike","Exhume","Armaments"],"picked":"SKIP","floor":14},{"not_picked":["Berserk","Feed"],"picked":"Double Tap","floor":16},{"not_picked":["Body Slam","Perfected Strike+1"],"picked":"Clothesline","floor":18},{"not_picked":["Wild Strike","Warcry"],"picked":"Pommel Strike+1","floor":20},{"not_picked":["Bloodletting+1","Clash+1"],"picked":"True Grit+1","floor":21},{"not_picked":["Power Through","Perfected Strike+1"],"picked":"Iron Wave","floor":22},{"not_picked":["Anger+1","Hemokinesis"],"picked":"Twin Strike","floor":27},{"not_picked":["Heavy Blade+1","Anger"],"picked":"Reaper","floor":28},{"not_picked":["Pommel Strike","Sword Boomerang"],"picked":"Thunderclap+1","floor":31}],"player_experience":939161,"relics_obtained":[{"floor":6,"key":"Lantern"},{"floor":9,"key":"Tiny Chest"},{"floor":10,"key":"Mango"},{"floor":26,"key":"Charon\u0027s Ashes"}],"event_choices":[{"event_name":"World of Goop","player_choice":"Gather Gold","floor":4,"damage_taken":0},{"event_name":"Living Wall","player_choice":"Forget","floor":11,"damage_taken":0},{"event_name":"Golden Shrine","player_choice":"Pray","floor":13,"damage_taken":0},{"event_name":"Vampires","player_choice":"Ignored","floor":19,"damage_taken":0},{"event_name":"Back to Basics","player_choice":"Elegance","floor":30,"damage_taken":0}],"boss_relics":[{"not_picked":["Pandora\u0027s Box","Runic Dome"],"picked":"Mark of Pain"}],"items_purged_floors":[24],"is_endless":false,"potions_floor_spawned":[1,3,6,12,18,28],"killed_by":"Automaton","ascension_level":5}