{"gold_per_floor":[116,1,1,77,95,95,130,144,144,94,113,125,83,109,109,212,212,224,323,342,342,342,342,181,181,181,200,214,214,214,226,226,330,330,343,343,244,254,270,270,298,298,350,350,360,360,360,377,377,377],"floor_reached":51,"playtime":3833,"items_purged":["Bane"],"score":921,"play_id":"47fd1465-ec69-4f90-9593-51b4f43b46b4","local_time":"20180810170323","is_ascension_mode":true,"campfire_choices":[{"data":"Neutralize","floor":6,"key":"SMITH"},{"floor":15,"key":"REST"},{"data":"After Image","floor":23,"key":"SMITH"},{"data":"Infinite Blades","floor":25,"key":"SMITH"},{"data":"Blade Dance","floor":30,"key":"SMITH"},{"data":"Blade Dance","floor":32,"key":"SMITH"},{"floor":40,"key":"REST"},{"data":"After Image","floor":42,"key":"SMITH"},{"data":"Madness","floor":46,"key":"SMITH"},{"data":"Finisher","floor":49,"key":"SMITH"}],"neow_cost":"NONE","seed_source_timestamp":269030946596935,"circlet_count":0,"master_deck":["Survivor","Neutralize+1","PiercingWail","Escape Plan","Prepared","Sucker Punch","Underhanded Strike","Backflip","Sucker Punch","Slice","Acrobatics","Terror","Finisher+1","All Out Attack","Blur","Infinite Blades+1","Slice","Blade Dance","Wraith Form v2","After Image+1","PiercingWail","Necronomicurse","Blade Dance+1","Blade Dance+1","Accuracy+1","After Image+1","Underhanded Strike","Madness","Madness+1","Heel Hook","PiercingWail","Accuracy+1"],"relics":["Pandora\u0027s Box","Paper Crane","Bottled Flame","The Courier","Thread and Needle","Eternal Feather","Necronomicon","Strawberry","Ornamental Fan","Lizard Tail","Orichalcum","Smiling Mask","Oddly Smooth Stone","Dead Branch"],"potions_floor_usage":[16,20,27,27,28,38,41,50,50,50],"damage_taken":[{"damage":0,"enemies":"Jaw Worm","floor":1,"turns":4},{"damage":2,"enemies":"Small Slimes","floor":5,"turns":4},{"damage":11,"enemies":"3 Sentries","floor":7,"turns":7},{"damage":0,"enemies":"Cultist","floor":8,"turns":3},{"damage":0,"enemies":"2 Fungi Beasts","floor":11,"turns":3},{"damage":0,"enemies":"Large Slime","floor":12,"turns":4},{"damage":7,"enemies":"Lagavulin","floor":14,"turns":5},{"damage":4,"enemies":"Hexaghost","floor":16,"turns":8},{"damage":2,"enemies":"3 Byrds","floor":18,"turns":5},{"damage":2,"enemies":"Shell Parasite","floor":20,"turns":6},{"damage":9,"enemies":"Snecko","floor":27,"turns":6},{"damage":2,"enemies":"Cultist and Chosen","floor":28,"turns":7},{"damage":0,"enemies":"Snake Plant","floor":31,"turns":6},{"damage":18,"enemies":"Automaton","floor":33,"turns":12},{"damage":0,"enemies":"Flame Bruiser 1 Orb","floor":35,"turns":6},{"damage":21,"enemies":"3 Darklings","floor":38,"turns":5},{"damage":55,"enemies":"4 Shapes","floor":39,"turns":5},{"damage":2,"enemies":"Nemesis","floor":41,"turns":5},{"damage":9,"enemies":"Transient","floor":45,"turns":5},{"damage":0,"floor":47,"turns":6},{"damage":0,"enemies":"Maw","floor":48,"turns":8},{"damage":42,"enemies":"Awakened One","floor":50,"turns":17}],"seed_played":"-788214649243600241","potions_obtained":[{"floor":7,"key":"Energy Potion"},{"floor":14,"key":"PowerPotion"},{"floor":16,"key":"SkillPotion"},{"floor":18,"key":"SkillPotion"},{"floor":27,"key":"Weak Potion"},{"floor":33,"key":"Regen Potion"},{"floor":39,"key":"Fire Potion"},{"floor":45,"key":"Poison Potion"},{"floor":47,"key":"SpeedPotion"},{"floor":48,"key":"PowerPotion"}],"is_trial":false,"path_per_floor":["M","$","?","?","M","R","E","M","T","?","M","M","$","E","R","B",null,"M","?","M","?","?","R","$","R","T","M","M","?","R","M","R","B",null,"M","?","?","M","M","R","E","R","T","?","M","R","?","M","R","B"],"character_chosen":"THE_SILENT","items_purchased":["Terror","Blade Dance","Blade Dance","Strawberry"],"campfire_rested":2,"item_purchase_floors":[2,13,24,24],"current_hp_per_floor":[63,63,51,51,49,49,38,38,38,38,38,38,38,31,52,48,65,63,63,61,45,45,57,64,76,76,67,65,65,77,77,77,59,73,73,63,63,56,1,39,37,52,52,52,43,61,61,61,77,35],"gold":377,"neow_bonus":"BOSS_RELIC","is_prod":false,"is_daily":false,"chose_seed":false,"campfire_upgraded":8,"win_rate":0,"timestamp":1533935003,"path_taken":["M","$","?","?","M","R","E","M","T","?","M","M","$","E","R","BOSS","M","?","?","?","?","R","$","R","T","M","M","?","R","?","R","BOSS","M","?","?","?","M","R","E","R","T","?","M","R","?","M","R","BOSS"],"build_version":"2018-08-09","purchased_purges":1,"victory":true,"max_hp_per_floor":[70,70,70,70,70,70,70,70,70,70,70,70,70,70,70,70,70,70,70,70,70,70,70,77,77,77,77,77,77,77,77,77,77,77,77,77,77,77,77,77,77,77,77,77,77,77,77,77,77,77],"card_choices":[{"not_picked":["Dagger Throw","Bouncing Flask"],"picked":"Acrobatics","floor":1},{"not_picked":["Riddle With Holes","Choke"],"picked":"Finisher","floor":5},{"not_picked":["Deflect","Bane"],"picked":"All Out Attack","floor":7},{"not_picked":["Prepared","Deadly Poison"],"picked":"Blur","floor":8},{"not_picked":["Deadly Poison","All Out Attack"],"picked":"Infinite Blades","floor":11},{"not_picked":["Reflex","Catalyst"],"picked":"Slice","floor":12},{"not_picked":["Heel Hook","Dagger Throw"],"picked":"Wraith Form v2","floor":14},{"not_picked":["Bullet Time","Envenom"],"picked":"After Image","floor":16},{"not_picked":["Underhanded Strike","Calculated Gamble"],"picked":"PiercingWail","floor":18},{"not_picked":["Concentrate+1","Flechettes","Outmaneuver"],"picked":"SKIP","floor":20},{"not_picked":["Infinite Blades+1","Dagger Throw"],"picked":"Blade Dance","floor":27},{"not_picked":["Outmaneuver","Bane"],"picked":"Accuracy+1","floor":28},{"not_picked":["Dagger Throw","Prepared","Catalyst"],"picked":"SKIP","floor":31},{"not_picked":["A Thousand Cuts","Wraith Form v2"],"picked":"After Image","floor":33},{"not_picked":["Poisoned Stab","Flying Knee"],"picked":"Underhanded Strike","floor":35},{"not_picked":["Dagger Throw","Bouncing Flask+1","Poisoned Stab+1"],"picked":"SKIP","floor":38},{"not_picked":["Phantasmal Killer","Backflip","All Out Attack+1"],"picked":"SKIP","floor":39},{"not_picked":["Poisoned Stab","Distraction","Expertise+1"],"picked":"SKIP","floor":41},{"not_picked":["Poisoned Stab+1","Flechettes"],"picked":"Heel Hook","floor":45},{"not_picked":["Flying Knee+1","Slice+1"],"picked":"PiercingWail","floor":47},{"not_picked":["Sucker Punch","Deflect"],"picked":"Accuracy+1","floor":48}],"player_experience":1474822,"relics_obtained":[{"floor":7,"key":"Bottled Flame"},{"floor":9,"key":"The Courier"},{"floor":14,"key":"Thread and Needle"},{"floor":21,"key":"Necronomicon"},{"floor":26,"key":"Ornamental Fan"},{"floor":41,"key":"Smiling Mask"},{"floor":43,"key":"Oddly Smooth Stone"},{"floor":47,"key":"Dead Branch"}],"event_choices":[{"event_name":"Scrap Ooze","player_choice":"success","floor":3,"damage_taken":12},{"event_name":"Golden Wing","player_choice":"Gained Gold","floor":4,"damage_taken":0},{"event_name":"The Cleric","player_choice":"Card Removal","floor":10,"damage_taken":0},{"event_name":"Nest","player_choice":"Stole From Cult","floor":19,"damage_taken":0},{"event_name":"Cursed Tome","player_choice":"Obtained Book","floor":21,"damage_taken":0},{"event_name":"Beggar","player_choice":"Ignored","floor":22,"damage_taken":0},{"event_name":"Vampires","player_choice":"Ignored","floor":29,"damage_taken":0},{"event_name":"Winding Halls","player_choice":"Embrace Madness","floor":36,"damage_taken":0},{"event_name":"WeMeetAgain","player_choice":"Gold","floor":37,"damage_taken":0},{"event_name":"Mysterious Sphere","player_choice":"Ignore","floor":44,"damage_taken":0},{"event_name":"MindBloom","player_choice":"Fight","floor":47,"damage_taken":0}],"is_beta":false,"boss_relics":[{"not_picked":["Ectoplasm","White Beast Statue"],"picked":"Eternal Feather"},{"not_picked":["Astrolabe","Runic Dome"],"picked":"Lizard Tail"}],"items_purged_floors":[2],"is_endless":false,"potions_floor_spawned":[7,8,14,16,18,27,33,39,45,47,48],"ascension_level":9}