{"gold_per_floor":[119,194,206,206,206,236,8,8,31,50,50,77,93,106,106,211,211,221,234,140,155,165,165,165],"floor_reached":24,"playtime":1364,"items_purged":[],"score":302,"play_id":"ed622d05-dd84-4de8-b6eb-d85e39cfa0be","local_time":"20180802163902","is_ascension_mode":true,"campfire_choices":[{"floor":8,"key":"REST"},{"data":"Cloak And Dagger","floor":11,"key":"SMITH"},{"data":"Malaise","floor":15,"key":"SMITH"},{"data":"Cloak And Dagger","floor":23,"key":"SMITH"}],"neow_cost":"","seed_source_timestamp":569591554442070,"circlet_count":0,"master_deck":["Defend_G","Defend_G","Defend_G","Defend_G","Defend_G","Strike_G+1","Strike_G","Strike_G+1","Strike_G","Strike_G","Survivor","Neutralize+1","Cloak And Dagger+1","Slice","Blade Dance","Malaise+1","Leg Sweep","Cloak And Dagger+1","Noxious Fumes","Noxious Fumes","Dagger Spray","Blade Dance","Backflip+1"],"relics":["Ring of the Snake","MawBank","Kunai","Pen Nib","Shuriken","Eternal Feather"],"potions_floor_usage":[6,13,16,16,19,22],"damage_taken":[{"damage":8,"enemies":"2 Louse","floor":1,"turns":4},{"damage":0,"enemies":"Small Slimes","floor":3,"turns":4},{"damage":26,"enemies":"Gremlin Nob","floor":6,"turns":5},{"damage":0,"enemies":"Jaw Worm","floor":10,"turns":4},{"damage":9,"enemies":"3 Sentries","floor":12,"turns":5},{"damage":0,"enemies":"Large Slime","floor":13,"turns":3},{"damage":0,"enemies":"Blue Slaver","floor":14,"turns":4},{"damage":11,"enemies":"The Guardian","floor":16,"turns":14},{"damage":1,"enemies":"Shell Parasite","floor":18,"turns":8},{"damage":0,"enemies":"Chosen","floor":19,"turns":6},{"damage":20,"enemies":"Snake Plant","floor":21,"turns":7},{"damage":14,"enemies":"Centurion and Healer","floor":22,"turns":7},{"damage":38,"enemies":"Slavers","floor":24,"turns":3}],"seed_played":"192962745832876658","potions_obtained":[{"floor":1,"key":"SteroidPotion"},{"floor":3,"key":"Explosive Potion"},{"floor":12,"key":"PowerPotion"},{"floor":13,"key":"Swift Potion"},{"floor":18,"key":"Energy Potion"},{"floor":19,"key":"FearPotion"}],"is_trial":false,"path_per_floor":["M","?","M","?","?","E","$","R","T","M","R","E","M","M","R","B",null,"M","M","$","M","M","R"],"character_chosen":"THE_SILENT","items_purchased":["Kunai","Noxious Fumes","Dagger Spray"],"campfire_rested":1,"item_purchase_floors":[7,20,20],"current_hp_per_floor":[55,44,44,30,30,4,4,25,25,25,25,16,16,16,16,5,54,53,53,53,33,19,31,0],"gold":165,"neow_bonus":"","is_prod":false,"is_daily":false,"chose_seed":false,"campfire_upgraded":3,"win_rate":0,"timestamp":1533245942,"path_taken":["M","?","M","?","?","E","?","R","T","M","R","E","M","?","R","BOSS","M","M","?","M","M","R","E"],"build_version":"2018-08-01","purchased_purges":0,"victory":false,"max_hp_per_floor":[70,70,70,70,70,70,70,70,70,70,70,70,70,70,70,70,70,70,70,70,70,70,70,70],"card_choices":[{"not_picked":["Catalyst","Endless Agony","Crippling Poison"],"picked":"SKIP","floor":1},{"not_picked":["PiercingWail","Backflip"],"picked":"Cloak And Dagger","floor":3},{"not_picked":["Heel Hook","Accuracy"],"picked":"Slice","floor":6},{"not_picked":["PiercingWail","Riddle With Holes"],"picked":"Blade Dance","floor":10},{"not_picked":["Dagger Throw","Dodge and Roll"],"picked":"Malaise","floor":12},{"not_picked":["Slice","Acrobatics"],"picked":"Leg Sweep","floor":13},{"not_picked":["Bane","Acrobatics","Crippling Poison"],"picked":"SKIP","floor":14},{"not_picked":["Endless Agony","Dash"],"picked":"Cloak And Dagger","floor":18},{"not_picked":["Expertise","Dodge and Roll"],"picked":"Noxious Fumes","floor":19},{"not_picked":["Slice+1","Quick Slash"],"picked":"Blade Dance","floor":21},{"not_picked":["Poisoned Stab","Setup"],"picked":"Backflip+1","floor":22}],"player_experience":327487,"relics_obtained":[{"floor":6,"key":"MawBank"},{"floor":9,"key":"Pen Nib"},{"floor":12,"key":"Shuriken"}],"event_choices":[{"event_name":"World of Goop","player_choice":"Gather Gold","floor":2,"damage_taken":0},{"event_name":"Shining Light","player_choice":"Entered Light","floor":4,"damage_taken":0},{"event_name":"Upgrade Shrine","player_choice":"Upgraded","floor":5,"damage_taken":0}],"is_beta":true,"boss_relics":[{"not_picked":["Busted Crown","Astrolabe"],"picked":"Eternal Feather"}],"items_purged_floors":[],"is_endless":false,"potions_floor_spawned":[1,3,12,13,18,19],"killed_by":"Slavers","ascension_level":9}