{"gold_per_floor":[113,113,288,288,238,271,271,301,301,301,40,40,2,16,16,121,121,131,131,149,71,71,71,87,18,18,30,75,75,89,106,106,204,204,216,228,2,22,36,36,311,326,377,392,408,408,22,56,56,56],"floor_reached":51,"playtime":1670,"items_purged":["Strike_G"],"score":782,"play_id":"19991695-62ec-424b-9574-435b47dce182","local_time":"20190215140552","is_ascension_mode":false,"campfire_choices":[{"data":"Neutralize","floor":7.0,"key":"SMITH"},{"data":"Sucker Punch","floor":10.0,"key":"SMITH"},{"data":"Cloak And Dagger","floor":12.0,"key":"SMITH"},{"data":"Flying Knee","floor":15.0,"key":"SMITH"},{"data":"Burst","floor":23.0,"key":"SMITH"},{"data":"Deflect","floor":32.0,"key":"SMITH"},{"floor":40.0,"key":"REST"},{"data":"Deadly Poison","floor":46,"key":"SMITH"},{"floor":49,"key":"REST"}],"neow_cost":"NONE","seed_source_timestamp":7310327885061,"circlet_count":0,"master_deck":["Defend_G","Defend_G","Defend_G","Defend_G","Defend_G","Strike_G+1","Strike_G","Strike_G","Strike_G","Survivor+1","Neutralize+1","Sucker Punch+1","Cloak And Dagger+1","Flying Knee+1","Noxious Fumes+1","Burst+1","Well Laid Plans+1","Writhe","Backflip+1","Noxious Fumes+1","Caltrops+1","Escape Plan+1","Deflect+1","Wraith Form v2+1","Deadly Poison+1","Cloak And Dagger+1","Footwork+1","Sadistic Nature+1","Accuracy+1","Backflip","Poisoned Stab+1","Backflip","Caltrops+1","Infinite Blades+1","Magnetism+1","Deflect","Quick Slash","Backflip+1"],"special_seed":0,"relics":["Ring of the Snake","NeowsBlessing","Tough Bandages","Mummified Hand","Orichalcum","Du-Vu Doll","Frozen Egg 2","Philosopher\u0027s Stone","Smiling Mask","Mercury Hourglass","Omamori","Sozu","Strawberry"],"potions_floor_usage":[50],"damage_taken":[{"damage":0.0,"enemies":"Jaw Worm","floor":1.0,"turns":1.0},{"damage":0.0,"enemies":"Lagavulin","floor":6.0,"turns":1.0},{"damage":0.0,"enemies":"3 Sentries","floor":8.0,"turns":1.0},{"damage":0.0,"enemies":"2 Louse","floor":14.0,"turns":3.0},{"damage":14.0,"enemies":"Hexaghost","floor":16.0,"turns":11.0},{"damage":0.0,"enemies":"Chosen","floor":18.0,"turns":4.0},{"damage":5.0,"enemies":"Shell Parasite","floor":20.0,"turns":5.0},{"damage":0.0,"enemies":"Snecko","floor":24.0,"turns":4.0},{"damage":8.0,"enemies":"Snake Plant","floor":27.0,"turns":4.0},{"damage":0.0,"enemies":"Centurion and Healer","floor":30.0,"turns":5.0},{"damage":12.0,"enemies":"Shelled Parasite and Fungi","floor":31.0,"turns":5.0},{"damage":30.0,"enemies":"Automaton","floor":33.0,"turns":12.0},{"damage":6.0,"enemies":"Orb Walker","floor":35.0,"turns":5.0},{"damage":17.0,"enemies":"3 Darklings","floor":36.0,"turns":4.0},{"damage":7.0,"enemies":"Spire Growth","floor":38.0,"turns":5.0},{"damage":10.0,"enemies":"Maw","floor":39.0,"turns":7.0},{"damage":5.0,"enemies":"Transient","floor":42.0,"turns":5.0},{"damage":0,"enemies":"4 Shapes","floor":44,"turns":4},{"damage":0,"enemies":"Spire Growth","floor":45,"turns":5},{"damage":0,"enemies":"3 Darklings","floor":48,"turns":6},{"damage":23,"enemies":"Time Eater","floor":50,"turns":9}],"seed_played":"8682290116808633482","potions_obtained":[{"floor":6.0,"key":"Block Potion"},{"floor":16.0,"key":"AttackPotion"},{"floor":20.0,"key":"Weak Potion"},{"floor":30.0,"key":"Ancient Potion"},{"floor":31.0,"key":"Dexterity Potion"}],"is_trial":false,"path_per_floor":["M","?","?","?","?","E","R","E","T","R","$","R","$","M","R","B",null,"M","?","M","$","?","R","M","$","T","M","T","?","M","M","R","B",null,"M","M","$","M","M","R","?","M","T","M","M","R","$","M","R","B",null],"character_chosen":"THE_SILENT","items_purchased":["Frozen Egg 2","Noxious Fumes+1","Noxious Fumes+1","Caltrops+1","Footwork+1","Sadistic Nature+1","Infinite Blades+1","Magnetism+1","Deflect","Quick Slash"],"campfire_rested":2,"item_purchase_floors":[11,13,21,25,37,37,47,47,47,47],"current_hp_per_floor":[70,56,56,44,44,44,44,44,44,44,44,44,44,44,44,30,70,70,70,65,65,65,65,65,65,65,57,57,57,57,45,45,15,70,64,47,47,40,30,51,51,46,53,53,53,53,53,53,76,53],"gold":56,"neow_bonus":"THREE_ENEMY_KILL","is_prod":false,"is_daily":false,"chose_seed":false,"campfire_upgraded":7,"win_rate":0,"timestamp":1550261152,"path_taken":["M","?","?","?","?","E","R","E","T","R","$","R","$","M","R","BOSS","M","?","M","$","?","R","M","$","T","M","?","?","?","M","R","BOSS","M","M","$","M","M","R","?","M","T","?","M","R","$","M","R","BOSS"],"build_version":"2019-01-23","purchased_purges":1,"victory":true,"max_hp_per_floor":[70,70,70,70,70,70,70,70,70,70,70,70,70,70,70,70,70,70,70,70,70,70,70,70,70,70,70,70,70,70,70,70,70,70,70,70,70,70,70,70,70,70,77,77,77,77,77,77,77,77],"card_choices":[{"not_picked":["Outmaneuver","Flechettes"],"picked":"Sucker Punch","floor":1.0},{"not_picked":["Reflex","Die Die Die"],"picked":"Cloak And Dagger","floor":6.0},{"not_picked":["Dagger Spray","Setup"],"picked":"Flying Knee","floor":8.0},{"not_picked":["Slice","Expertise","Acrobatics"],"picked":"SKIP","floor":14.0},{"not_picked":["Adrenaline","Malaise"],"picked":"Burst","floor":16.0},{"not_picked":["Prepared","PiercingWail"],"picked":"Well Laid Plans+1","floor":18.0},{"not_picked":["Poisoned Stab","Prepared+1"],"picked":"Backflip","floor":20.0},{"not_picked":["Bullet Time","Heel Hook","Underhanded Strike"],"picked":"SKIP","floor":24.0},{"not_picked":["Underhanded Strike+1","Blade Dance","Outmaneuver"],"picked":"SKIP","floor":27.0},{"not_picked":["Backstab+1","PiercingWail"],"picked":"Escape Plan+1","floor":30.0},{"not_picked":["Flying Knee+1","Crippling Poison"],"picked":"Deflect","floor":31.0},{"not_picked":["Adrenaline","Corpse Explosion"],"picked":"Wraith Form v2+1","floor":33.0},{"not_picked":["Flechettes+1","Quick Slash"],"picked":"Deadly Poison","floor":35.0},{"not_picked":["Deadly Poison","Flechettes+1"],"picked":"Cloak And Dagger+1","floor":36.0},{"not_picked":["Backflip","Bane"],"picked":"Accuracy+1","floor":38.0},{"not_picked":["Dagger Spray+1","Reflex+1"],"picked":"Backflip","floor":39.0},{"not_picked":["Dagger Throw","Tactician"],"picked":"Poisoned Stab+1","floor":42.0},{"not_picked":["Deflect","Deadly Poison+1"],"picked":"Backflip","floor":44},{"not_picked":["Underhanded Strike","Sucker Punch+1"],"picked":"Caltrops+1","floor":45},{"not_picked":["All Out Attack","Poisoned Stab+1"],"picked":"Backflip+1","floor":48}],"player_experience":824065,"relics_obtained":[{"floor":6.0,"key":"Mummified Hand"},{"floor":8.0,"key":"Orichalcum"},{"floor":9.0,"key":"Du-Vu Doll"},{"floor":26.0,"key":"Mercury Hourglass"},{"floor":28.0,"key":"Omamori"},{"floor":43.0,"key":"Strawberry"}],"event_choices":[{"damage_healed":0.0,"max_hp_gain":0.0,"max_hp_loss":0.0,"gold_gain":0.0,"event_name":"Shining Light","player_choice":"Entered Light","floor":2.0,"gold_loss":0.0,"damage_taken":14.0,"cards_upgraded":["Survivor","Strike_G"]},{"damage_healed":0.0,"max_hp_gain":0.0,"max_hp_loss":0.0,"gold_gain":175.0,"event_name":"Liars Game","player_choice":"AGREE","floor":3.0,"gold_loss":0.0,"damage_taken":0.0,"cards_obtained":["Doubt"]},{"damage_healed":0.0,"max_hp_gain":0.0,"max_hp_loss":0.0,"gold_gain":0.0,"event_name":"Scrap Ooze","player_choice":"Success","floor":4.0,"gold_loss":0.0,"damage_taken":12.0,"relics_obtained":["Tough Bandages"]},{"cards_removed":["Doubt"],"damage_healed":0.0,"max_hp_gain":0.0,"max_hp_loss":0.0,"gold_gain":0.0,"event_name":"The Cleric","player_choice":"Card Removal","floor":5.0,"gold_loss":50.0,"damage_taken":0.0},{"damage_healed":0.0,"max_hp_gain":0.0,"max_hp_loss":0.0,"gold_gain":0.0,"event_name":"The Mausoleum","player_choice":"Opened","floor":19.0,"gold_loss":0.0,"damage_taken":0.0,"relics_obtained":["Smiling Mask"],"cards_obtained":["Writhe"]},{"damage_healed":0.0,"max_hp_gain":0.0,"max_hp_loss":0.0,"gold_gain":0.0,"event_name":"Beggar","player_choice":"Ignored","floor":22.0,"gold_loss":0.0,"damage_taken":0.0},{"damage_healed":0.0,"max_hp_gain":0.0,"max_hp_loss":0.0,"gold_gain":0.0,"event_name":"Upgrade Shrine","player_choice":"Upgraded","floor":29.0,"gold_loss":0.0,"damage_taken":0.0,"cards_upgraded":["Backflip"]},{"damage_healed":0.0,"max_hp_gain":0.0,"max_hp_loss":0.0,"gold_gain":275.0,"event_name":"Golden Shrine","player_choice":"Desecrate","floor":41.0,"gold_loss":0.0,"damage_taken":0.0,"cards_obtained":["Regret"]}],"is_beta":false,"boss_relics":[{"not_picked":["Ring of the Serpent","Fusion Hammer"],"picked":"Philosopher\u0027s Stone"},{"not_picked":["HoveringKite","Busted Crown"],"picked":"Sozu"}],"items_purged_floors":[47],"is_endless":false,"potions_floor_spawned":[6,16,20,30,31,38,39,45,48],"ascension_level":0}