{"gold_per_floor":[17,30,47,59,59,59,79,96,96,110,110,123,123,140,140,140],"floor_reached":16,"playtime":1056,"items_purged":[],"score":98,"play_id":"0b38a87d-dc95-4ed8-bbd5-8a2987a1e154","local_time":"20190202144305","is_ascension_mode":false,"campfire_choices":[{"data":"Corpse Explosion","floor":6,"key":"SMITH"},{"data":"Bullet Time","floor":11,"key":"SMITH"},{"data":"PiercingWail","floor":15,"key":"SMITH"}],"neow_cost":"NO_GOLD","seed_source_timestamp":348091016971714,"circlet_count":0,"master_deck":["Defend_G","Defend_G+1","Defend_G","Defend_G","Defend_G","Strike_G","Strike_G","Strike_G","Strike_G","Strike_G","Survivor","Neutralize+1","Bullet Time+1","Blade Dance","Well Laid Plans","Corpse Explosion+1","Backflip","PiercingWail+1"],"relics":["Ring of the Snake","NlothsMask"],"potions_floor_usage":[7,16],"damage_taken":[{"damage":4,"enemies":"Cultist","floor":1,"turns":5},{"damage":3,"enemies":"Jaw Worm","floor":2,"turns":2},{"damage":0,"enemies":"2 Louse","floor":3,"turns":2},{"damage":9,"enemies":"Lots of Slimes","floor":4,"turns":6},{"damage":2,"enemies":"Large Slime","floor":7,"turns":4},{"damage":11,"enemies":"2 Fungi Beasts","floor":8,"turns":5},{"damage":0,"enemies":"3 Louse","floor":10,"turns":2},{"damage":12,"enemies":"Exordium Thugs","floor":12,"turns":4},{"damage":0,"enemies":"Large Slime","floor":14,"turns":5},{"damage":18,"enemies":"The Guardian","floor":16,"turns":8}],"seed_played":"-8007719940493938173","potions_obtained":[{"floor":2,"key":"Poison Potion"},{"floor":12,"key":"GhostInAJar"},{"floor":14,"key":"Weak Potion"}],"is_trial":false,"path_per_floor":["M","M","M","M","?","R","M","M","T","M","R","M","?","M","R","B"],"character_chosen":"THE_SILENT","items_purchased":[],"campfire_rested":0,"item_purchase_floors":[],"current_hp_per_floor":[66,63,63,54,54,54,52,41,41,41,41,29,15,15,15,0],"gold":140,"neow_bonus":"THREE_RARE_CARDS","is_prod":false,"is_daily":false,"chose_seed":false,"campfire_upgraded":3,"win_rate":0.0,"timestamp":1549147385,"path_taken":["M","M","M","M","?","R","M","M","T","M","R","?","?","M","R","BOSS"],"build_version":"2019-01-23","purchased_purges":0,"victory":false,"max_hp_per_floor":[70,70,70,70,70,70,70,70,70,70,70,70,70,70,70,70],"card_choices":[{"not_picked":["Storm of Steel","Doppelganger"],"picked":"Bullet Time","floor":0},{"not_picked":["Catalyst","Slice"],"picked":"Blade Dance","floor":1},{"not_picked":["Slice","Outmaneuver","Underhanded Strike"],"picked":"SKIP","floor":2},{"not_picked":["Backstab","Heel Hook"],"picked":"Well Laid Plans","floor":3},{"not_picked":["Quick Slash","Endless Agony"],"picked":"Corpse Explosion","floor":4},{"not_picked":["Prepared","Quick Slash"],"picked":"Backflip","floor":7},{"not_picked":["Heel Hook","Blade Dance","Backflip"],"picked":"SKIP","floor":8},{"not_picked":["Heel Hook","Eviscerate","Prepared"],"picked":"SKIP","floor":10},{"not_picked":["Prepared","Masterful Stab","Acrobatics"],"picked":"SKIP","floor":12},{"not_picked":["Choke","Slice"],"picked":"PiercingWail","floor":14}],"player_experience":183852,"relics_obtained":[],"event_choices":[{"damage_healed":0,"gold_gain":0,"player_choice":"Trade","damage_taken":0,"relics_obtained":["NlothsMask"],"max_hp_gain":0,"max_hp_loss":0,"event_name":"FaceTrader","floor":5,"gold_loss":0},{"damage_healed":0,"gold_gain":0,"player_choice":"Entered Light","damage_taken":14,"max_hp_gain":0,"max_hp_loss":0,"event_name":"Shining Light","floor":13,"gold_loss":0,"cards_upgraded":["Defend_G","Neutralize"]}],"is_beta":false,"boss_relics":[],"items_purged_floors":[],"is_endless":false,"potions_floor_spawned":[2,12,14],"killed_by":"The Guardian","ascension_level":0}