{"gold_per_floor":[114,134,154,164,174,199,199,199,222,248,261,261,276,289,289,393,393,403,386,386,386,50,77,77,88,114,114,141,53,53,72,72,176,176,186,203,222,322,322,350,365,390,390,205,205,205,225,225,225,225,225,225,10,41,41],"floor_reached":56,"playtime":3677,"items_purged":["Strike_R","Strike_R","Strike_R"],"score":1435,"play_id":"fffb1926-e372-4477-9714-d9611e3e248d","local_time":"20190215130235","is_ascension_mode":true,"campfire_choices":[{"data":"Inflame","floor":7.0,"key":"SMITH"},{"data":"Limit Break","floor":12.0,"key":"SMITH"},{"data":"Heavy Blade","floor":15.0,"key":"SMITH"},{"data":"True Grit","floor":24,"key":"SMITH"},{"floor":27,"key":"REST"},{"data":"Corruption","floor":30,"key":"SMITH"},{"data":"Dark Embrace","floor":32,"key":"SMITH"},{"data":"Juggernaut","floor":46,"key":"SMITH"},{"floor":49,"key":"RECALL"},{"data":"Disarm","floor":52,"key":"SMITH"}],"neow_cost":"NONE","seed_source_timestamp":71284864131309,"circlet_count":0,"master_deck":["Strike_R","Strike_R","Defend_R","Defend_R","Defend_R+1","Defend_R","Bash","Pommel Strike","Heavy Blade+1","Corruption+1","Inflame+1","Limit Break+1","Twin Strike","Whirlwind","Reaper","True Grit+1","Heavy Blade","Battle Trance+1","Dark Embrace+1","Feel No Pain","Shrug It Off","Seeing Red","Seeing Red+1","Juggernaut+1","Infernal Blade","Metallicize+1","Havoc+1","Evolve+1","Armaments","Spot Weakness+1","True Grit+1","Battle Trance","Disarm+1","Barricade+1","Armaments+1"],"special_seed":0,"relics":["Burning Blood","Regal Pillow","Red Skull","Bag of Preparation","Dream Catcher","Black Star","Enchiridion","Shuriken","Art of War","Juzu Bracelet","Bronze Scales","Happy Flower","Prayer Wheel","Runic Cube","Torii","Bag of Marbles","Frozen Egg 2","The Courier","Self Forming Clay","NlothsMask","Oddly Smooth Stone","War Paint","Orichalcum"],"potions_floor_usage":[23,23,23,23,41,50,55,55],"damage_taken":[{"damage":9.0,"enemies":"Jaw Worm","floor":1.0,"turns":4.0},{"damage":1.0,"enemies":"Cultist","floor":2.0,"turns":4.0},{"damage":3.0,"enemies":"2 Louse","floor":3.0,"turns":2.0},{"damage":12.0,"enemies":"2 Fungi Beasts","floor":4.0,"turns":4.0},{"damage":14.0,"enemies":"Blue Slaver","floor":5.0,"turns":5.0},{"damage":16.0,"enemies":"Gremlin Nob","floor":6.0,"turns":3.0},{"damage":30.0,"enemies":"3 Sentries","floor":10.0,"turns":6.0},{"damage":3.0,"enemies":"Large Slime","floor":11.0,"turns":4.0},{"damage":6.0,"enemies":"Looter","floor":13.0,"turns":2.0},{"damage":13.0,"enemies":"Red Slaver","floor":14.0,"turns":4.0},{"damage":0.0,"enemies":"Slime Boss","floor":16.0,"turns":3.0},{"damage":20.0,"enemies":"Chosen","floor":18.0,"turns":5.0},{"damage":42.0,"enemies":"2 Thieves","floor":19.0,"turns":5.0},{"damage":26,"enemies":"Book of Stabbing","floor":23,"turns":4},{"damage":19,"enemies":"Centurion and Healer","floor":25,"turns":4},{"damage":33,"enemies":"Gremlin Leader","floor":28,"turns":5},{"damage":9,"enemies":"3 Cultists","floor":31,"turns":4},{"damage":58,"enemies":"Champ","floor":33,"turns":7},{"damage":30,"enemies":"3 Darklings","floor":35,"turns":4},{"damage":14,"enemies":"3 Shapes","floor":36,"turns":3},{"damage":10,"enemies":"Writhing Mass","floor":37,"turns":5},{"damage":0,"enemies":"Mind Bloom Boss Battle","floor":38,"turns":6},{"damage":45,"enemies":"Reptomancer","floor":40,"turns":5},{"damage":1,"enemies":"3 Darklings","floor":41,"turns":4},{"damage":39,"enemies":"Giant Head","floor":42,"turns":7},{"damage":0,"enemies":"Maw","floor":47,"turns":6},{"damage":110,"enemies":"Awakened One","floor":50,"turns":9},{"damage":8,"enemies":"Shield and Spear","floor":54,"turns":4},{"damage":49,"enemies":"The Heart","floor":55,"turns":6}],"seed_played":"5204997451294255435","potions_obtained":[{"floor":2.0,"key":"BloodPotion"},{"floor":4.0,"key":"FearPotion"},{"floor":5.0,"key":"Strength Potion"},{"floor":8.0,"key":"Fruit Juice"},{"floor":8.0,"key":"EntropicBrew"},{"floor":8.0,"key":"Strength Potion"},{"floor":14.0,"key":"BloodPotion"},{"floor":19.0,"key":"EssenceOfSteel"},{"floor":23,"key":"Fire Potion"},{"floor":36,"key":"PowerPotion"},{"floor":38,"key":"Dexterity Potion"},{"floor":42,"key":"BloodPotion"}],"is_trial":false,"path_per_floor":["M","M","M","M","M","E","R","?","T","E","M","R","M","M","R","B",null,"M","M","?","?","$","E","R","M","T","R","E","$","R","M","R","B",null,"M","M","M","?","?","E","M","E","T","$","?","R","M","?","R","B",null,"R","$","E","B",null],"character_chosen":"IRONCLAD","items_purchased":["Shuriken","Feel No Pain","Shrug It Off","True Grit","Battle Trance","Oddly Smooth Stone"],"campfire_rested":1,"item_purchase_floors":[22,29,29,44,44,53],"current_hp_per_floor":[77,80,80,74,66,56,56,61,61,37,40,40,40,41,41,47,85,71,49,49,33,33,21,21,40,40,80,53,53,53,68,68,28,85,69,70,66,85,85,46,59,46,46,46,46,46,85,82,82,8,82,82,82,80,73],"gold":41,"neow_bonus":"RANDOM_COMMON_RELIC","is_prod":false,"is_daily":false,"chose_seed":false,"campfire_upgraded":8,"win_rate":0,"timestamp":1550206955,"path_taken":["M","M","M","M","M","E","R","?","T","E","M","R","?","?","R","BOSS","M","M","?","?","$","E","R","M","T","R","E","$","R","M","R","BOSS","M","M","M","?","?","E","M","E","T","$","?","R","M","?","R","BOSS","R","$","E","BOSS"],"build_version":"2019-01-23","purchased_purges":3,"victory":true,"max_hp_per_floor":[80,80,80,80,80,80,80,85,85,85,85,85,85,85,85,85,85,85,85,85,85,85,85,85,85,85,85,85,85,85,85,85,85,85,85,85,85,85,85,85,85,85,85,85,85,85,85,82,82,82,82,82,82,82,82],"card_choices":[{"not_picked":["True Grit","Wild Strike","Warcry"],"picked":"SKIP","floor":1.0},{"not_picked":["Burning Pact","Anger"],"picked":"Pommel Strike","floor":2.0},{"not_picked":["Rage","Bloodletting","Carnage"],"picked":"SKIP","floor":3.0},{"not_picked":["Clash","Cleave"],"picked":"Heavy Blade","floor":4.0},{"not_picked":["Havoc","Thunderclap"],"picked":"Corruption","floor":5.0},{"not_picked":["Pommel Strike","Armaments"],"picked":"Inflame","floor":6.0},{"not_picked":["Fire Breathing","Pommel Strike"],"picked":"Limit Break","floor":10.0},{"not_picked":["Flex","Bloodletting"],"picked":"Twin Strike","floor":11.0},{"not_picked":["Dropkick","Carnage","Reckless Charge"],"picked":"SKIP","floor":13.0},{"not_picked":["Havoc","Burning Pact"],"picked":"Whirlwind","floor":14.0},{"not_picked":["Berserk","Brutality"],"picked":"Reaper","floor":16.0},{"not_picked":["True Grit","Twin Strike","Iron Wave"],"picked":"SKIP","floor":18.0},{"not_picked":["Burning Pact+1","Cleave+1"],"picked":"True Grit","floor":19.0},{"not_picked":["Wild Strike","Havoc","Warcry"],"picked":"SKIP","floor":23},{"not_picked":["Warcry","Power Through+1"],"picked":"Battle Trance+1","floor":25},{"not_picked":["Havoc","Bloodletting+1"],"picked":"Dark Embrace","floor":28},{"not_picked":["Clothesline+1","Shockwave"],"picked":"Seeing Red","floor":31},{"not_picked":["Perfected Strike","Sword Boomerang"],"picked":"Seeing Red+1","floor":31},{"not_picked":["Immolate","Bludgeon"],"picked":"Juggernaut","floor":33},{"not_picked":["Dropkick+1","Iron Wave+1"],"picked":"Infernal Blade","floor":35},{"not_picked":["Flex+1","Ghostly Armor+1"],"picked":"Metallicize+1","floor":35},{"not_picked":["Fire Breathing+1","Uppercut+1"],"picked":"Havoc+1","floor":36},{"not_picked":["Inflame","Sword Boomerang+1","Heavy Blade+1"],"picked":"SKIP","floor":36},{"not_picked":["Sword Boomerang+1","Corruption+1","Brutality"],"picked":"SKIP","floor":37},{"not_picked":["Twin Strike+1","Iron Wave+1","Feel No Pain+1"],"picked":"SKIP","floor":37},{"not_picked":["Rupture","Pommel Strike+1"],"picked":"Evolve+1","floor":40},{"not_picked":["Clash+1","Twin Strike"],"picked":"Armaments","floor":41},{"not_picked":["Whirlwind+1","Sword Boomerang","Anger+1"],"picked":"SKIP","floor":41},{"not_picked":["Clothesline","Blood for Blood"],"picked":"Spot Weakness+1","floor":42},{"not_picked":["Pommel Strike","Shockwave"],"picked":"Disarm","floor":47},{"not_picked":["Armaments+1","Seeing Red"],"picked":"Barricade+1","floor":47},{"not_picked":["Rage+1","True Grit+1"],"picked":"Armaments+1","floor":54}],"player_experience":146313,"relics_obtained":[{"floor":6.0,"key":"Red Skull"},{"floor":9.0,"key":"Bag of Preparation"},{"floor":10.0,"key":"Dream Catcher"},{"floor":21.0,"key":"Enchiridion"},{"floor":23,"key":"Art of War"},{"floor":23,"key":"Juzu Bracelet"},{"floor":26,"key":"Bronze Scales"},{"floor":28,"key":"Happy Flower"},{"floor":28,"key":"Prayer Wheel"},{"floor":38,"key":"Torii"},{"floor":40,"key":"Bag of Marbles"},{"floor":40,"key":"Frozen Egg 2"},{"floor":42,"key":"The Courier"},{"floor":42,"key":"Self Forming Clay"},{"floor":54,"key":"War Paint"},{"floor":54,"key":"Orichalcum"}],"event_choices":[{"damage_healed":0.0,"max_hp_gain":0.0,"max_hp_loss":0.0,"gold_gain":0.0,"event_name":"Lab","player_choice":"Got Potions","floor":8.0,"gold_loss":0.0,"damage_taken":0.0},{"damage_healed":0.0,"max_hp_gain":0.0,"max_hp_loss":0.0,"gold_gain":0.0,"event_name":"The Library","player_choice":"Read","floor":20.0,"gold_loss":0.0,"damage_taken":0.0,"cards_obtained":["Heavy Blade"]},{"damage_healed":0.0,"max_hp_gain":0.0,"max_hp_loss":0.0,"gold_gain":0.0,"event_name":"Cursed Tome","player_choice":"Obtained Book","floor":21.0,"gold_loss":0.0,"damage_taken":16.0},{"damage_healed":0,"gold_gain":0,"player_choice":"Fight","damage_taken":0,"max_hp_gain":0,"max_hp_loss":0,"event_name":"MindBloom","floor":38,"gold_loss":0},{"damage_healed":0,"gold_gain":0,"player_choice":"Ignored","damage_taken":0,"max_hp_gain":0,"max_hp_loss":0,"event_name":"Tomb of Lord Red Mask","floor":39,"gold_loss":0},{"damage_healed":0,"gold_gain":0,"player_choice":"Trade","damage_taken":0,"relics_obtained":["NlothsMask"],"max_hp_gain":0,"max_hp_loss":0,"event_name":"FaceTrader","floor":45,"gold_loss":0},{"cards_removed":["Parasite"],"damage_healed":0,"gold_gain":0,"player_choice":"Removed Curses","damage_taken":0,"max_hp_gain":0,"max_hp_loss":0,"event_name":"Fountain of Cleansing","floor":48,"gold_loss":0}],"is_beta":false,"boss_relics":[{"not_picked":["Calling Bell","Pandora\u0027s Box"],"picked":"Black Star"},{"not_picked":["Tiny House","Orrery"],"picked":"Runic Cube"}],"items_purged_floors":[22,44,53],"is_endless":false,"potions_floor_spawned":[2,4,5,10,13,14,19,23,31,33,35,36,38,42],"ascension_level":3}