{"gold_per_floor":[109,121,138,152,167,167,186,186,186,186,215,101,126,126,126,255,255,280,293,293,112,130,130,151,184,210,210,210],"floor_reached":28,"playtime":1913,"items_purged":["Strike_B","Writhe"],"score":314,"play_id":"ec87f849-5e3a-41cb-ac7a-02c0a58921ff","local_time":"20180710010229","is_ascension_mode":true,"campfire_choices":[{"data":"Storm","floor":6,"key":"SMITH"},{"data":"Storm","floor":8,"key":"SMITH"},{"floor":15,"key":"REST"},{"floor":23,"key":"DIG"}],"neow_cost":"CURSE","seed_source_timestamp":227845263302084,"circlet_count":0,"master_deck":["Strike_B","Strike_B","Strike_B","Defend_B","Defend_B","Defend_B","Defend_B","Zap","Dualcast","Electrodynamics","Auto Shields","BootSequence","Storm+1","BootSequence","Storm+1","Sunder","Static Discharge","Injury","Machine Learning","Decay","Parasite","Clumsy","Loop","Heatsinks","Thunder Strike","Fusion+1","Conserve Battery+1"],"relics":["Cracked Core","Question Card","Shovel","Ornamental Fan","Golden Idol","Calling Bell","Mango","Darkstone Periapt","Bag of Preparation","Toxic Egg 2","Dodecahedron","Letter Opener","Juzu Bracelet"],"potions_floor_usage":[13,25,28,28,28],"damage_taken":[{"damage":14,"enemies":"Jaw Worm","floor":1,"turns":2},{"damage":0,"enemies":"2 Louse","floor":2,"turns":2},{"damage":0,"enemies":"Small Slimes","floor":3,"turns":2},{"damage":23,"enemies":"Looter","floor":4,"turns":4},{"damage":2,"enemies":"Large Slime","floor":5,"turns":5},{"damage":2,"enemies":"Red Slaver","floor":7,"turns":3},{"damage":27,"enemies":"Gremlin Nob","floor":11,"turns":4},{"damage":0,"enemies":"3 Sentries","floor":13,"turns":3},{"damage":7,"enemies":"Slime Boss","floor":16,"turns":6},{"damage":12,"enemies":"2 Thieves","floor":18,"turns":3},{"damage":25,"enemies":"Spheric Guardian","floor":19,"turns":4},{"damage":8,"enemies":"Cultist and Chosen","floor":22,"turns":4},{"damage":7,"enemies":"Sentry and Sphere","floor":24,"turns":3},{"damage":39,"enemies":"Slavers","floor":25,"turns":4},{"damage":4,"enemies":"Chosen and Byrds","floor":28,"turns":4}],"seed_played":"-3620138057969433358","potions_obtained":[{"floor":1,"key":"Poison Potion"},{"floor":7,"key":"Weak Potion"},{"floor":11,"key":"Fire Potion"},{"floor":16,"key":"Strength Potion"},{"floor":18,"key":"FocusPotion"},{"floor":25,"key":"Swift Potion"}],"is_trial":false,"path_per_floor":["M","M","M","M","M","R","M","R","T","?","E","$","E","?","R","B",null,"M","M","?","$","M","R","M","E","T","?"],"character_chosen":"DEFECT","items_purchased":["Static Discharge","Thunder Strike"],"campfire_rested":1,"item_purchase_floors":[12,21],"current_hp_per_floor":[61,61,61,38,36,36,34,34,34,34,7,7,7,7,29,22,89,77,52,58,58,50,50,43,4,4,4,0],"gold":210,"neow_bonus":"THREE_RARE_CARDS","is_prod":false,"is_daily":false,"chose_seed":false,"campfire_upgraded":2,"win_rate":0,"timestamp":1531150349,"path_taken":["M","M","M","M","M","R","M","R","T","?","E","$","E","?","R","BOSS","M","M","?","$","M","R","M","E","T","?","M"],"build_version":"2018-07-05","purchased_purges":2,"victory":false,"max_hp_per_floor":[75,75,75,75,75,75,75,75,75,75,75,75,75,75,75,75,89,89,89,95,95,95,95,95,95,95,95,95],"card_choices":[{"not_picked":["Thunder Strike","All For One"],"picked":"Electrodynamics","floor":0},{"not_picked":["Steam","Barrage"],"picked":"Auto Shields","floor":1},{"not_picked":["Coolheaded","Hello World"],"picked":"BootSequence","floor":2},{"not_picked":["Darkness","Cold Snap"],"picked":"Storm","floor":3},{"not_picked":["Aggregate","Go for the Eyes"],"picked":"BootSequence","floor":4},{"not_picked":["Loop","Streamline"],"picked":"Storm","floor":5},{"not_picked":["Stack","Streamline","Force Field"],"picked":"SKIP","floor":7},{"not_picked":["Barrage","Go for the Eyes","Beam Cell"],"picked":"Sunder","floor":11},{"not_picked":["Heatsinks","Aggregate","Loop","Tempest"],"picked":"SKIP","floor":13},{"not_picked":["Electrodynamics","Reboot","Multi-Cast"],"picked":"Machine Learning","floor":16},{"not_picked":["Beam Cell+1","Go for the Eyes","Doom and Gloom"],"picked":"Loop","floor":18},{"not_picked":["Beam Cell","Compile Driver","Sweeping Beam"],"picked":"Heatsinks","floor":19},{"not_picked":["Stack+1","Rebound","Hologram+1","Aggregate+1"],"picked":"SKIP","floor":22},{"not_picked":["Undo+1","Ball Lightning","Hologram+1"],"picked":"Fusion+1","floor":24},{"not_picked":["Streamline","Force Field+1","Compile Driver"],"picked":"Conserve Battery+1","floor":25}],"player_experience":62961,"relics_obtained":[{"floor":9,"key":"Question Card"},{"floor":11,"key":"Shovel"},{"floor":13,"key":"Ornamental Fan"},{"floor":17,"key":"Mango"},{"floor":17,"key":"Darkstone Periapt"},{"floor":17,"key":"Bag of Preparation"},{"floor":23,"key":"Dodecahedron"},{"floor":25,"key":"Letter Opener"},{"floor":26,"key":"Juzu Bracelet"}],"event_choices":[{"event_name":"Living Wall","player_choice":"Forget","floor":10,"damage_taken":0},{"event_name":"Golden Idol","player_choice":"Take Wound","floor":14,"damage_taken":0},{"event_name":"The Mausoleum","player_choice":"Yes","floor":20,"damage_taken":0},{"event_name":"Drug Dealer","player_choice":"Ignored","floor":27,"damage_taken":0}],"boss_relics":[{"not_picked":["Black Star","Runic Pyramid"],"picked":"Calling Bell"}],"items_purged_floors":[12,21],"is_endless":false,"potions_floor_spawned":[1,7,11,16,18,19,25],"killed_by":"Chosen and Byrds","ascension_level":1}