{"path_per_floor":["M","$","M","?","M","E","$","M","T","M","E","?","E","M","R","B",null,"M","$","M","?","$"],"character_chosen":"THE_SILENT","items_purchased":["After Image","Infinite Blades","Oddly Smooth Stone","Slice"],"gold_per_floor":[119,42,54,54,65,92,12,22,45,57,88,88,120,135,135,240,240,206,28,40,40,40,40],"floor_reached":23,"campfire_rested":0,"playtime":2840,"current_hp_per_floor":[69,69,69,69,68,55,55,32,32,30,21,21,21,29,29,20,70,45,45,40,35,35,0],"items_purged":[],"gold":40,"score":296,"play_id":"f0b6124d-964e-4095-acb1-eea03db68f48","local_time":"20180523090742","is_prod":false,"is_daily":false,"chose_seed":false,"is_ascension_mode":true,"campfire_upgraded":1,"timestamp":1527059262,"campfire_choices":[{"data":"After Image","floor":15.0,"key":"SMITH"}],"path_taken":["M","$","M","?","M","E","?","M","T","M","E","?","E","M","R","BOSS","M","$","?","?","?","E"],"build_version":"2018-05-17","seed_source_timestamp":0,"purchased_purges":0,"victory":false,"master_deck":["Defend_G","Defend_G","Defend_G","Defend_G","Defend_G","Strike_G","Strike_G","Strike_G","Strike_G","Strike_G","Survivor","Neutralize","Prepared","After Image+1","Dagger Throw","Blur","Infinite Blades","Footwork","Slice","Flying Knee","Accuracy","A Thousand Cuts","Accuracy","After Image","Infinite Blades+1","Slice","Deflect","Ghostly","Ghostly","Ghostly","Ghostly","Ghostly"],"max_hp_per_floor":[70,70,70,70,70,70,70,70,70,70,70,70,70,70,70,70,70,70,70,70,35,35,35],"relics":["Ring of the Snake","Bag of Marbles","Happy Flower","Bag of Preparation","Meat on the Bone","Eternal Feather","Oddly Smooth Stone"],"card_choices":[{"not_picked":["Quick Slash","Underhanded Strike"],"picked":"Prepared","floor":1.0},{"not_picked":["All Out Attack","Dodge and Roll"],"picked":"Dagger Throw","floor":3.0},{"not_picked":["Reflex","Slice"],"picked":"Blur","floor":5.0},{"not_picked":["Night Terror","Flechettes","Bane"],"picked":"SKIP","floor":6.0},{"not_picked":["PiercingWail","Distraction"],"picked":"Footwork","floor":8.0},{"not_picked":["Distraction","Bouncing Flask"],"picked":"Slice","floor":10.0},{"not_picked":["Bane","Dodge and Roll"],"picked":"Flying Knee","floor":11.0},{"not_picked":["Endless Agony","Backstab"],"picked":"A Thousand Cuts","floor":13.0},{"not_picked":["Backstab","Deadly Poison"],"picked":"Accuracy","floor":14.0},{"not_picked":["Die Die Die","Tactician"],"picked":"After Image","floor":16.0},{"not_picked":["Dagger Spray","Dodge and Roll+1"],"picked":"Infinite Blades+1","floor":18.0},{"not_picked":["Deadly Poison","Dagger Spray"],"picked":"Deflect","floor":20}],"player_experience":109883,"potions_floor_usage":[23],"damage_taken":[{"damage":1.0,"enemies":"Small Slimes","floor":1.0,"turns":4.0},{"damage":0.0,"enemies":"Cultist","floor":3.0,"turns":5.0},{"damage":1.0,"enemies":"2 Louse","floor":5.0,"turns":4.0},{"damage":13.0,"enemies":"3 Sentries","floor":6.0,"turns":13.0},{"damage":23.0,"enemies":"Exordium Thugs","floor":8.0,"turns":7.0},{"damage":2.0,"enemies":"Red Slaver","floor":10.0,"turns":5.0},{"damage":9.0,"enemies":"Gremlin Nob","floor":11.0,"turns":5.0},{"damage":0.0,"enemies":"3 Sentries","floor":13.0,"turns":8.0},{"damage":4.0,"enemies":"Looter","floor":14.0,"turns":3.0},{"damage":21.0,"enemies":"The Guardian","floor":16.0,"turns":13.0},{"damage":25.0,"enemies":"2 Thieves","floor":18.0,"turns":5.0},{"damage":5,"enemies":"Shell Parasite","floor":20,"turns":6},{"damage":39,"enemies":"Book of Stabbing","floor":23,"turns":7}],"relics_obtained":[{"floor":6.0,"key":"Bag of Marbles"},{"floor":9.0,"key":"Happy Flower"},{"floor":11.0,"key":"Bag of Preparation"},{"floor":13.0,"key":"Meat on the Bone"}],"event_choices":[{"event_name":"The Woman in Blue","player_choice":"Bought 0 Potions","floor":4.0,"damage_taken":0.0},{"event_name":"Match and Keep!","player_choice":"1 cards matched","floor":12.0,"damage_taken":0.0},{"event_name":"Ghosts","player_choice":"Became a Ghost","floor":21,"damage_taken":0}],"boss_relics":[],"potions_floor_spawned":[3,6,8,10,13,16,18],"seed_played":"4609058775795490218","killed_by":"Book of Stabbing","ascension_level":3,"potions_obtained":[{"floor":3.0,"key":"SpeedPotion"},{"floor":6.0,"key":"Dexterity Potion"},{"floor":8.0,"key":"SkillPotion"},{"floor":10.0,"key":"SpeedPotion"},{"floor":13.0,"key":"Dexterity Potion"},{"floor":16.0,"key":"Dexterity Potion"},{"floor":18.0,"key":"Dexterity Potion"}],"is_trial":false}