{"gold_per_floor":[111,111,126,76,9,9,26,44,123,123,133,149,6,20,20,118,118,138,63,63,63,74,101,101,16,16,16,27,38,51,71,71,175,175,191,191,191,211,211,211,237,254,323,340,340,0,15,30,30,30],"floor_reached":50,"playtime":1146,"items_purged":["Strike_G"],"score":513,"play_id":"1bd91b24-0ef8-47c4-8054-c855325a2229","local_time":"20180728113945","is_ascension_mode":false,"campfire_choices":[{"data":"Bouncing Flask","floor":6,"key":"SMITH"},{"data":"Crippling Poison","floor":10,"key":"SMITH"},{"data":"Catalyst","floor":15,"key":"SMITH"},{"floor":24,"key":"REST"},{"data":"Noxious Fumes","floor":27,"key":"SMITH"},{"floor":32,"key":"REST"},{"floor":40,"key":"REST"},{"floor":45,"key":"REST"},{"floor":49,"key":"REST"}],"neow_cost":"NONE","seed_source_timestamp":82774142896926,"circlet_count":0,"master_deck":["Defend_G","Defend_G","Defend_G","Defend_G","Defend_G","Survivor","Neutralize","Bane","Bouncing Flask+1","Deadly Poison","Crippling Poison+1","Catalyst+1","Poisoned Stab","Night Terror","Catalyst+1","Bouncing Flask","Noxious Fumes+1","Corpse Explosion","Poisoned Stab","Normality","Bullet Time","Decay","Blur+1","Leg Sweep+1"],"relics":["Velvet Choker","Meat on the Bone","Bronze Scales","Empty Cage","Potion Belt","The Courier","Dodecahedron","Cursed Key","Darkstone Periapt","Letter Opener","Matryoshka","Red Mask"],"potions_floor_usage":[22,23,23,31,31,33,42,44,50],"damage_taken":[{"damage":0,"enemies":"Jaw Worm","floor":1,"turns":3},{"damage":0,"enemies":"Cultist","floor":3,"turns":4},{"damage":0,"enemies":"Small Slimes","floor":7,"turns":3},{"damage":7,"enemies":"Blue Slaver","floor":8,"turns":2},{"damage":18,"enemies":"Gremlin Gang","floor":11,"turns":4},{"damage":0,"enemies":"Looter","floor":12,"turns":4},{"damage":4,"enemies":"2 Fungi Beasts","floor":14,"turns":2},{"damage":1,"enemies":"The Guardian","floor":16,"turns":5},{"damage":30,"enemies":"Spheric Guardian","floor":18,"turns":4},{"damage":14,"enemies":"2 Thieves","floor":22,"turns":3},{"damage":13,"enemies":"Gremlin Leader","floor":23,"turns":3},{"damage":20,"enemies":"3 Cultists","floor":28,"turns":5},{"damage":10,"enemies":"Snecko","floor":29,"turns":3},{"damage":6,"enemies":"Cultist and Chosen","floor":30,"turns":3},{"damage":15,"enemies":"Snake Plant","floor":31,"turns":2},{"damage":24,"enemies":"Automaton","floor":33,"turns":6},{"damage":22,"enemies":"Flame Bruiser 1 Orb","floor":35,"turns":3},{"damage":19,"enemies":"Orb Walker","floor":38,"turns":3},{"damage":42,"enemies":"Nemesis","floor":41,"turns":5},{"damage":32,"enemies":"Spire Growth","floor":42,"turns":3},{"damage":0,"enemies":"Transient","floor":44,"turns":5},{"damage":16,"enemies":"4 Shapes","floor":47,"turns":2},{"damage":14,"enemies":"Flame Bruiser 2 Orb","floor":48,"turns":2},{"damage":85,"enemies":"Awakened One","floor":50,"turns":8}],"seed_played":"1340593166978889013","potions_obtained":[{"floor":7,"key":"Regen Potion"},{"floor":11,"key":"SkillPotion"},{"floor":12,"key":"Ancient Potion"},{"floor":22,"key":"Regen Potion"},{"floor":23,"key":"Poison Potion"},{"floor":30,"key":"Energy Potion"},{"floor":33,"key":"FearPotion"},{"floor":41,"key":"Regen Potion"},{"floor":42,"key":"Dexterity Potion"}],"is_trial":false,"path_per_floor":["M","?","M","?","$","R","M","M","T","R","M","M","$","M","R","B",null,"M","$","?","?","M","E","R","?","T","R","M","M","M","M","R","B",null,"M","?","T","M","?","R","E","M","T","M","R","?","M","M","R"],"character_chosen":"THE_SILENT","items_purchased":["Bouncing Flask","Bronze Scales"],"campfire_rested":5,"item_purchase_floors":[5,13],"current_hp_per_floor":[70,70,70,70,70,70,70,63,63,63,45,45,45,41,41,40,70,40,40,40,40,38,37,58,58,58,58,38,40,46,43,64,40,70,48,48,48,41,46,67,37,26,32,44,66,66,50,48,70,0],"gold":30,"neow_bonus":"BOSS_RELIC","is_prod":false,"is_daily":false,"chose_seed":false,"campfire_upgraded":4,"win_rate":0,"timestamp":1532743785,"path_taken":["M","?","?","?","$","R","M","M","T","R","M","M","$","M","R","BOSS","M","$","?","?","?","E","R","?","T","R","M","M","M","M","R","BOSS","M","?","?","M","?","R","E","M","T","?","R","?","M","M","R","BOSS"],"build_version":"2018-07-26","purchased_purges":1,"victory":false,"max_hp_per_floor":[70,70,70,70,70,70,70,70,70,70,70,70,70,70,70,70,70,70,70,70,70,70,70,70,70,70,70,70,70,70,70,70,70,70,70,70,70,70,70,70,70,70,76,76,76,76,76,76,76,76],"card_choices":[{"not_picked":["Dagger Throw","Deflect"],"picked":"Bane","floor":1},{"not_picked":["Dagger Spray","Dodge and Roll"],"picked":"Poisoned Stab","floor":3},{"not_picked":["Dodge and Roll","Quick Slash"],"picked":"Deadly Poison","floor":7},{"not_picked":["Concentrate","Bane"],"picked":"Crippling Poison","floor":8},{"not_picked":["Dash","Acrobatics"],"picked":"Catalyst","floor":11},{"not_picked":["Dagger Throw","Acrobatics","Concentrate"],"picked":"SKIP","floor":12},{"not_picked":["Outmaneuver","Prepared"],"picked":"Poisoned Stab","floor":14},{"not_picked":["Burst","Doppelganger"],"picked":"Night Terror","floor":16},{"not_picked":["Dagger Spray","Setup"],"picked":"Catalyst+1","floor":18},{"not_picked":["Blur+1","Caltrops"],"picked":"Bouncing Flask","floor":22},{"not_picked":["Flying Knee","Underhanded Strike+1"],"picked":"Noxious Fumes","floor":23},{"not_picked":["Heel Hook","Setup+1","Backflip"],"picked":"SKIP","floor":28},{"not_picked":["Dodge and Roll","Cloak And Dagger","Dagger Throw+1"],"picked":"SKIP","floor":29},{"not_picked":["Doppelganger","Endless Agony","Eviscerate+1"],"picked":"SKIP","floor":30},{"not_picked":["Caltrops","Flying Knee","Infinite Blades"],"picked":"SKIP","floor":31},{"not_picked":["Burst","Die Die Die"],"picked":"Corpse Explosion","floor":33},{"not_picked":["Outmaneuver","Expertise"],"picked":"Poisoned Stab","floor":35},{"not_picked":["Acrobatics+1","Concentrate+1"],"picked":"Dodge and Roll+1","floor":38},{"not_picked":["Dodge and Roll+1","Backstab+1"],"picked":"Bullet Time","floor":41},{"not_picked":["Blade Dance+1","Masterful Stab+1","PiercingWail"],"picked":"SKIP","floor":42},{"not_picked":["Flying Knee+1","Footwork","Accuracy"],"picked":"SKIP","floor":44},{"not_picked":["Quick Slash","Deadly Poison"],"picked":"Blur+1","floor":47},{"not_picked":["Deadly Poison+1","Escape Plan"],"picked":"Leg Sweep+1","floor":48}],"player_experience":277808,"relics_obtained":[{"floor":9,"key":"Meat on the Bone"},{"floor":23,"key":"Potion Belt"},{"floor":26,"key":"Dodecahedron"},{"floor":37,"key":"Darkstone Periapt"},{"floor":41,"key":"Letter Opener"},{"floor":43,"key":"Matryoshka"}],"event_choices":[{"event_name":"Purifier","player_choice":"One Purge","floor":2,"damage_taken":0},{"event_name":"The Cleric","player_choice":"Card Removal","floor":4,"damage_taken":0},{"event_name":"Drug Dealer","player_choice":"Ignored","floor":20,"damage_taken":0},{"event_name":"Beggar","player_choice":"Ignored","floor":21,"damage_taken":0},{"event_name":"Addict","player_choice":"Obtained Relic","floor":25,"damage_taken":0},{"event_name":"Falling","player_choice":"Removed Attack","floor":36,"damage_taken":0},{"event_name":"Bonfire Elementals","player_choice":"COMMON","floor":39,"damage_taken":0},{"event_name":"Tomb of Lord Red Mask","player_choice":"Paid","floor":46,"damage_taken":0}],"is_beta":false,"boss_relics":[{"not_picked":["White Beast Statue","Astrolabe"],"picked":"Empty Cage"},{"not_picked":["Sozu","Coffee Dripper"],"picked":"Cursed Key"}],"items_purged_floors":[19],"is_endless":false,"potions_floor_spawned":[7,11,12,14,18,22,23,30,33,41,42],"killed_by":"Awakened One","ascension_level":0}