{"gold_per_floor":[113,38,52,63,74,109,109,137,137,155,173,173,204,204],"floor_reached":14,"playtime":1112,"items_purged":["Pain"],"score":157,"play_id":"99d69196-428d-46d9-9083-2b97e7f66683","local_time":"20180702194813","is_ascension_mode":true,"campfire_choices":[{"floor":7,"key":"REST"},{"floor":12,"key":"REST"}],"neow_cost":"NONE","seed_source_timestamp":512785404674893,"circlet_count":0,"master_deck":["Defend_G","Defend_G","Defend_G","Defend_G","Defend_G","Strike_G","Strike_G","Strike_G","Strike_G","Strike_G","Survivor","Neutralize","Doubt","Writhe","Caltrops","Footwork","Cloak And Dagger","Dagger Throw","Malaise","Infinite Blades","Tools of the Trade","All Out Attack","Underhanded Strike","Dagger Spray","Crippling Poison"],"relics":["Calling Bell","Snake Skull","Letter Opener","Ice Cream","Dream Catcher","Paper Crane","Shovel","Sundial"],"potions_floor_usage":[5,6,11],"damage_taken":[{"damage":12,"enemies":"Cultist","floor":1,"turns":6},{"damage":1,"enemies":"Jaw Worm","floor":3,"turns":6},{"damage":14,"enemies":"2 Louse","floor":4,"turns":4},{"damage":6,"enemies":"Red Slaver","floor":5,"turns":5},{"damage":24,"enemies":"3 Sentries","floor":6,"turns":9},{"damage":12,"enemies":"Lagavulin","floor":8,"turns":11},{"damage":10,"enemies":"3 Louse","floor":10,"turns":5},{"damage":9,"enemies":"Blue Slaver","floor":11,"turns":5},{"damage":28,"enemies":"Gremlin Nob","floor":13,"turns":7},{"damage":3,"enemies":"2 Fungi Beasts","floor":14,"turns":1}],"seed_played":"-4834070985386718157","potions_obtained":[{"floor":1,"key":"SpeedPotion"},{"floor":3,"key":"Regen Potion"},{"floor":10,"key":"EssenceOfSteel"}],"is_trial":false,"path_per_floor":["M","$","M","M","M","E","R","E","T","M","M","R","E"],"character_chosen":"THE_SILENT","items_purchased":[],"campfire_rested":2,"item_purchase_floors":[],"current_hp_per_floor":[51,51,50,36,42,18,39,27,27,17,8,29,1,0],"gold":204,"neow_bonus":"BOSS_RELIC","is_prod":false,"is_daily":false,"chose_seed":false,"campfire_upgraded":0,"win_rate":0,"timestamp":1530578893,"path_taken":["M","$","M","M","M","E","R","E","T","M","M","R","E","M"],"build_version":"2018-06-29","purchased_purges":1,"victory":false,"max_hp_per_floor":[70,70,70,70,70,70,70,70,70,70,70,70,70,70],"card_choices":[{"not_picked":["Backflip","Terror"],"picked":"Caltrops","floor":1},{"not_picked":["Backflip","Acrobatics"],"picked":"Footwork","floor":3},{"not_picked":["Bane","Accuracy"],"picked":"Cloak And Dagger","floor":4},{"not_picked":["Reflex","Backflip"],"picked":"Dagger Throw","floor":5},{"not_picked":["Acrobatics","Expertise"],"picked":"Malaise","floor":6},{"not_picked":["Grand Finale","Deadly Poison"],"picked":"Infinite Blades","floor":7},{"not_picked":["PiercingWail","Dodge and Roll"],"picked":"Tools of the Trade","floor":8},{"not_picked":["Outmaneuver","Terror"],"picked":"All Out Attack","floor":10},{"not_picked":["Sucker Punch","Poisoned Stab"],"picked":"Underhanded Strike","floor":11},{"not_picked":["Slice","Flying Knee"],"picked":"Dagger Spray","floor":12},{"not_picked":["Leg Sweep","Well Laid Plans"],"picked":"Crippling Poison","floor":13}],"player_experience":241369,"relics_obtained":[{"floor":0,"key":"Snake Skull"},{"floor":0,"key":"Letter Opener"},{"floor":0,"key":"Ice Cream"},{"floor":6,"key":"Dream Catcher"},{"floor":8,"key":"Paper Crane"},{"floor":9,"key":"Shovel"},{"floor":13,"key":"Sundial"}],"event_choices":[],"boss_relics":[],"items_purged_floors":[2],"is_endless":false,"potions_floor_spawned":[1,3,10],"killed_by":"2 Fungi Beasts","ascension_level":8}