{"gold_per_floor":[115,115,65,17,36,64,76,100,139,151,163,175,216,228,240,349,361,389,415,9,109,126,126,126,126,201,219,219,5,40,315,315,420,420,435,62,80,98,98,98,132,132,132,32,32,32,32,32,32,32],"floor_reached":51,"playtime":763,"items_purged":["Strike_R","Defend_R"],"score":798,"play_id":"cdda51d9-968d-4f9f-8331-22a123164c80","local_time":"20190215144508","is_ascension_mode":false,"campfire_choices":[{"data":"Flex","floor":7.0,"key":"SMITH"},{"data":"Shockwave","floor":10.0,"key":"SMITH"},{"data":"Immolate","floor":15.0,"key":"SMITH"},{"data":"Metallicize","floor":23.0,"key":"SMITH"},{"data":"Heavy Blade","floor":25,"key":"SMITH"},{"data":"Demon Form","floor":28,"key":"SMITH"},{"data":"Whirlwind","floor":32,"key":"SMITH"},{"data":"Limit Break","floor":40,"key":"SMITH"},{"data":"Battle Trance","floor":47,"key":"SMITH"},{"data":"Thunderclap","floor":49,"key":"SMITH"}],"neow_cost":"NONE","seed_source_timestamp":10596189505719,"circlet_count":0,"master_deck":["Strike_R+1","Strike_R+1","Strike_R+1","Defend_R","Defend_R","Defend_R","Bash+1","Heavy Blade+1","Flex+1","Heavy Blade+1","Immolate+1","Shockwave+1","Headbutt","Demon Form+1","Metallicize+1","Thunderclap+1","Battle Trance+1","Havoc+1","Whirlwind+1","Limit Break+1"],"special_seed":0,"relics":["Burning Blood","NeowsBlessing","MawBank","Ancient Tea Set","Turnip","Busted Crown","Bottled Flame","Incense Burner","Ornamental Fan","Paper Frog","PreservedInsect","Gremlin Horn","Runic Dome","Oddly Smooth Stone","Whetstone","Spirit Poop","Singing Bowl"],"potions_floor_usage":[33,33,50,50,50],"damage_taken":[{"damage":0.0,"enemies":"2 Louse","floor":1.0,"turns":1.0},{"damage":0.0,"enemies":"Jaw Worm","floor":5.0,"turns":1.0},{"damage":0.0,"enemies":"Gremlin Nob","floor":6.0,"turns":1.0},{"damage":2.0,"enemies":"Small Slimes","floor":8.0,"turns":2.0},{"damage":9.0,"enemies":"3 Sentries","floor":13.0,"turns":3.0},{"damage":53.0,"enemies":"Hexaghost","floor":16.0,"turns":8.0},{"damage":8.0,"enemies":"Shell Parasite","floor":18.0,"turns":3.0},{"damage":5.0,"enemies":"Spheric Guardian","floor":19.0,"turns":3.0},{"damage":7.0,"enemies":"Colosseum Slavers","floor":21.0,"turns":2.0},{"damage":2.0,"enemies":"Colosseum Nobs","floor":21.0,"turns":2.0},{"damage":0.0,"enemies":"3 Cultists","floor":22.0,"turns":2.0},{"damage":17,"enemies":"Snake Plant","floor":27,"turns":2},{"damage":15,"enemies":"Book of Stabbing","floor":30,"turns":3},{"damage":11,"enemies":"Collector","floor":33,"turns":5},{"damage":3,"enemies":"3 Shapes","floor":35,"turns":1},{"damage":0,"enemies":"Orb Walker","floor":37,"turns":2},{"damage":16,"enemies":"Maw","floor":38,"turns":4},{"damage":1,"enemies":"Reptomancer","floor":41,"turns":2},{"damage":6,"enemies":"Sphere and 2 Shapes","floor":46,"turns":2},{"damage":0,"enemies":"3 Darklings","floor":48,"turns":3},{"damage":50,"enemies":"Time Eater","floor":50,"turns":5}],"seed_played":"7694181883961734601","potions_obtained":[{"floor":1.0,"key":"BloodPotion"},{"floor":6.0,"key":"FearPotion"},{"floor":18.0,"key":"Swift Potion"},{"floor":24.0,"key":"Strength Potion"},{"floor":24.0,"key":"Dexterity Potion"},{"floor":24.0,"key":"Strength Potion"},{"floor":35,"key":"PowerPotion"},{"floor":38,"key":"Regen Potion"},{"floor":41,"key":"EssenceOfSteel"}],"is_trial":false,"path_per_floor":["M","?","?","$","M","E","R","M","T","R","$","?","E","?","R","B",null,"M","M","$","?","M","R","?","R","T","M","R","$","E","?","R","B",null,"M","$","M","M","$","R","E","?","T","$","?","M","R","M","R","B",null],"character_chosen":"IRONCLAD","items_purchased":["Flex","Bottled Flame","Metallicize","Thunderclap","Battle Trance","Whirlwind","PreservedInsect","Limit Break","Oddly Smooth Stone"],"campfire_rested":0,"item_purchase_floors":[4,20,20,20,20,29,29,36,36],"current_hp_per_floor":[80,64,64,64,70,76,76,80,80,80,80,80,77,77,77,30,80,78,79,79,80,80,80,80,80,80,69,69,69,60,60,60,55,80,80,80,80,70,70,70,75,75,75,75,75,75,75,80,80,36],"gold":32,"neow_bonus":"THREE_ENEMY_KILL","is_prod":false,"is_daily":false,"chose_seed":false,"campfire_upgraded":10,"win_rate":0,"timestamp":1550263508,"path_taken":["M","?","?","$","M","E","R","M","T","R","?","?","E","?","R","BOSS","M","M","$","?","M","R","?","R","T","?","R","$","E","?","R","BOSS","M","$","M","M","$","R","E","?","T","?","?","M","R","?","R","BOSS"],"build_version":"2019-01-23","purchased_purges":2,"victory":true,"max_hp_per_floor":[80,80,80,80,80,80,80,80,80,80,80,80,80,80,80,80,80,80,80,80,80,80,80,80,80,80,80,80,80,80,80,80,80,80,80,80,80,80,80,80,80,80,80,80,80,80,80,80,80,80],"card_choices":[{"not_picked":["Blood for Blood","Sentinel"],"picked":"Heavy Blade","floor":1.0},{"not_picked":["Warcry","True Grit"],"picked":"Heavy Blade","floor":5.0},{"not_picked":["Heavy Blade","Clothesline"],"picked":"Immolate","floor":6.0},{"not_picked":["Wild Strike","Carnage"],"picked":"Shockwave","floor":8.0},{"not_picked":["Anger","Blood for Blood"],"picked":"Headbutt","floor":13.0},{"not_picked":["Offering","Barricade"],"picked":"Demon Form","floor":16.0},{"not_picked":["Warcry"],"picked":"SKIP","floor":18.0},{"not_picked":["Clash"],"picked":"SKIP","floor":19.0},{"not_picked":["Combust"],"picked":"SKIP","floor":22.0},{"not_picked":[],"picked":"Havoc+1","floor":27},{"not_picked":["Evolve"],"picked":"SKIP","floor":30},{"not_picked":["Pommel Strike"],"picked":"SKIP","floor":35},{"not_picked":["Combust+1"],"picked":"SKIP","floor":37},{"not_picked":["Thunderclap+1"],"picked":"SKIP","floor":38},{"not_picked":["Anger+1"],"picked":"SKIP","floor":41},{"not_picked":["Armaments"],"picked":"SKIP","floor":46},{"not_picked":["Clash"],"picked":"SKIP","floor":48}],"player_experience":827267,"relics_obtained":[{"floor":6.0,"key":"MawBank"},{"floor":9.0,"key":"Ancient Tea Set"},{"floor":13.0,"key":"Turnip"},{"floor":21.0,"key":"Incense Burner"},{"floor":21.0,"key":"Ornamental Fan"},{"floor":26,"key":"Paper Frog"},{"floor":30,"key":"Gremlin Horn"},{"floor":41,"key":"Whetstone"},{"floor":43,"key":"Singing Bowl"}],"event_choices":[{"damage_healed":0.0,"max_hp_gain":0.0,"max_hp_loss":0.0,"gold_gain":0.0,"event_name":"Shining Light","player_choice":"Entered Light","floor":2.0,"gold_loss":0.0,"damage_taken":16.0,"cards_upgraded":["Strike_R","Strike_R"]},{"cards_removed":["Strike_R"],"damage_healed":0.0,"max_hp_gain":0.0,"max_hp_loss":0.0,"gold_gain":0.0,"event_name":"The Cleric","player_choice":"Card Removal","floor":3.0,"gold_loss":50.0,"damage_taken":0.0},{"damage_healed":0.0,"max_hp_gain":0.0,"max_hp_loss":0.0,"gold_gain":0.0,"event_name":"Living Wall","player_choice":"Grow","floor":12.0,"gold_loss":0.0,"damage_taken":0.0,"cards_upgraded":["Heavy Blade"]},{"damage_healed":0.0,"max_hp_gain":0.0,"max_hp_loss":0.0,"gold_gain":0.0,"event_name":"NoteForYourself","player_choice":"Ignored","floor":14.0,"gold_loss":0.0,"damage_taken":0.0},{"damage_healed":0.0,"max_hp_gain":0.0,"max_hp_loss":0.0,"gold_gain":0.0,"event_name":"Colosseum","player_choice":"Fight","floor":21.0,"gold_loss":0.0,"damage_taken":0.0},{"damage_healed":0.0,"max_hp_gain":0.0,"max_hp_loss":0.0,"gold_gain":0.0,"event_name":"Colosseum","player_choice":"Fought Nobs","floor":21.0,"gold_loss":0.0,"damage_taken":0.0},{"damage_healed":0.0,"max_hp_gain":0.0,"max_hp_loss":0.0,"gold_gain":0.0,"event_name":"Lab","player_choice":"Got Potions","floor":24.0,"gold_loss":0.0,"damage_taken":0.0},{"damage_healed":0,"gold_gain":275,"player_choice":"Desecrate","damage_taken":0,"max_hp_gain":0,"max_hp_loss":0,"event_name":"Golden Shrine","floor":31,"gold_loss":0,"cards_obtained":["Regret"]},{"cards_removed":["Regret"],"damage_healed":0,"gold_gain":0,"player_choice":"Offered Curse","damage_taken":0,"relics_obtained":["Spirit Poop"],"max_hp_gain":0,"max_hp_loss":0,"event_name":"Bonfire Elementals","floor":42,"gold_loss":0},{"damage_healed":0,"gold_gain":0,"player_choice":"Ignored","damage_taken":0,"max_hp_gain":0,"max_hp_loss":0,"event_name":"Mysterious Sphere","floor":45,"gold_loss":0}],"is_beta":false,"boss_relics":[{"not_picked":["Cursed Key","Calling Bell"],"picked":"Busted Crown"},{"not_picked":["Empty Cage","Black Star"],"picked":"Runic Dome"}],"items_purged_floors":[36,44],"is_endless":false,"potions_floor_spawned":[1,6,18,21,27,35,38,41],"ascension_level":0}