{"gold_per_floor":[113,44,119,134,153,153,170,170,170,170,185,200,212,177,177,278,278,291,65,65,65,65,65,93,93,93,81,81,92,92,107,107,208,208,219,219,236,236,247,247,247,247,247,247,261,143,159,20,20,20],"floor_reached":51,"playtime":2622,"items_purged":["Strike_B","Strike_B"],"score":910,"play_id":"b99f2d62-8d1c-4d14-a3a1-acc04f8f9c32","local_time":"20180702144124","is_ascension_mode":true,"campfire_choices":[{"data":"Zap","floor":6.0,"key":"SMITH"},{"floor":8.0,"key":"REST"},{"data":"Loop","floor":10.0,"key":"SMITH"},{"floor":15.0,"key":"REST"},{"floor":23.0,"key":"REST"},{"floor":25.0,"key":"REST"},{"floor":28.0,"key":"REST"},{"floor":30.0,"key":"REST"},{"floor":32.0,"key":"REST"},{"floor":40.0,"key":"REST"},{"floor":42.0,"key":"REST"},{"data":"Buffer","floor":44.0,"key":"SMITH"},{"floor":49.0,"key":"REST"}],"neow_cost":"","seed_source_timestamp":671064714281695,"circlet_count":0,"master_deck":["Strike_B+1","Strike_B+1","Defend_B","Defend_B","Defend_B","Defend_B","Zap+1","Dualcast","Tempest","Defragment","Redo","Loop+1","Defragment","Leap","Cold Snap","Coolheaded","Echo Form+1","Barrage","Static Discharge","Amplify","Heatsinks","Capacitor","Buffer+1","Coolheaded+1","Capacitor","Heatsinks+1","Doom and Gloom","Fission","Chill"],"special_seed":0,"relics":["Cracked Core","Whetstone","Art of War","Lizard Tail","Blood Vial","Oddly Smooth Stone","Meat on the Bone","The Courier","Cursed Key","Thread and Needle"],"potions_floor_usage":[50],"damage_taken":[{"damage":1.0,"enemies":"Cultist","floor":1.0,"turns":3.0},{"damage":7.0,"enemies":"Jaw Worm","floor":4.0,"turns":3.0},{"damage":0.0,"enemies":"Small Slimes","floor":5.0,"turns":3.0},{"damage":10.0,"enemies":"Gremlin Gang","floor":7.0,"turns":3.0},{"damage":14.0,"enemies":"Red Slaver","floor":11.0,"turns":2.0},{"damage":4.0,"enemies":"Large Slime","floor":12.0,"turns":3.0},{"damage":8.0,"enemies":"Blue Slaver","floor":13.0,"turns":3.0},{"damage":56.0,"enemies":"Hexaghost","floor":16.0,"turns":13.0},{"damage":33.0,"enemies":"Shell Parasite","floor":18.0,"turns":4.0},{"damage":37.0,"enemies":"Book of Stabbing","floor":24.0,"turns":7.0},{"damage":24.0,"enemies":"2 Thieves","floor":27.0,"turns":4.0},{"damage":35.0,"enemies":"Sentry and Sphere","floor":29.0,"turns":5.0},{"damage":15.0,"enemies":"Snake Plant","floor":31.0,"turns":4.0},{"damage":42.0,"enemies":"Champ","floor":33.0,"turns":13.0},{"damage":68.0,"enemies":"3 Darklings","floor":35.0,"turns":5.0},{"damage":16.0,"enemies":"3 Shapes","floor":37.0,"turns":7.0},{"damage":0.0,"floor":38.0,"turns":9.0},{"damage":32.0,"enemies":"Maw","floor":39.0,"turns":9.0},{"damage":16.0,"enemies":"Nemesis","floor":41.0,"turns":2.0},{"damage":50.0,"enemies":"4 Shapes","floor":45.0,"turns":5.0},{"damage":11.0,"enemies":"3 Darklings","floor":47.0,"turns":7.0},{"damage":27,"enemies":"Donu and Deca","floor":50,"turns":15}],"seed_played":"6751850687886523347","potions_obtained":[{"floor":4.0,"key":"Explosive Potion"},{"floor":11.0,"key":"Swift Potion"},{"floor":12.0,"key":"SteroidPotion"},{"floor":16.0,"key":"FearPotion"},{"floor":24.0,"key":"EntropicBrew"},{"floor":35.0,"key":"SmokeBomb"},{"floor":45.0,"key":"Strength Potion"}],"is_trial":false,"path_per_floor":["M","$","?","M","M","R","M","R","T","R","M","M","M","?","R","B",null,"M","$","T","$","?","R","E","R","T","M","R","M","R","M","R","B",null,"M","?","M","?","M","R","E","R","T","R","M","$","M","$","R","B"],"character_chosen":"DEFECT","items_purchased":["Defragment","Static Discharge","Blood Vial","Doom and Gloom","Chill"],"campfire_rested":10,"item_purchase_floors":[],"current_hp_per_floor":[67,67,56,49,49,49,39,61,61,61,47,43,35,53,75,19,61,28,28,28,28,28,50,15,37,37,27,49,28,50,49,71,43,67,13,13,49,51,33,55,41,63,63,63,27,27,30,30,52,39],"gold":20,"neow_bonus":"","is_prod":false,"is_daily":false,"chose_seed":false,"campfire_upgraded":3,"win_rate":0,"timestamp":1530556884,"path_taken":["M","$","?","?","M","R","M","R","T","R","?","M","M","?","R","BOSS","M","$","?","$","?","R","E","R","T","M","R","M","R","M","R","BOSS","M","?","M","?","?","R","E","R","T","R","?","$","M","$","R","BOSS"],"build_version":"2018-06-28","purchased_purges":2,"victory":true,"max_hp_per_floor":[75,75,75,75,75,75,75,75,75,75,75,75,75,75,75,75,75,75,75,75,75,75,75,75,75,75,75,75,75,75,75,75,75,75,75,75,75,75,75,75,75,75,75,75,75,75,75,75,75,75],"card_choices":[{"not_picked":["Compile Driver","Force Field"],"picked":"Tempest","floor":1.0},{"not_picked":["Stack","Conserve Battery"],"picked":"Redo","floor":4.0},{"not_picked":["Ball Lightning","Sunder"],"picked":"Loop","floor":5.0},{"not_picked":["Chill","Steam Power"],"picked":"Defragment","floor":7.0},{"not_picked":["Go for the Eyes","Barrage"],"picked":"Leap","floor":11.0},{"not_picked":["Hologram","Compile Driver"],"picked":"Cold Snap","floor":12.0},{"not_picked":["Reprogram","Hologram"],"picked":"Coolheaded","floor":13.0},{"not_picked":["Electrodynamics","Hyperbeam"],"picked":"Echo Form","floor":16.0},{"not_picked":["Turbo","Gash"],"picked":"Barrage","floor":18.0},{"not_picked":["Go for the Eyes","Compile Driver+1"],"picked":"Amplify","floor":24.0},{"not_picked":["Steam+1","Skim"],"picked":"Heatsinks","floor":27.0},{"not_picked":["Turbo","Steam","Barrage"],"picked":"SKIP","floor":29.0},{"not_picked":["Stack+1","Go for the Eyes"],"picked":"Capacitor","floor":31.0},{"not_picked":["Multi-Cast","Seek"],"picked":"Buffer","floor":33.0},{"not_picked":["Steam","Redo"],"picked":"Coolheaded+1","floor":35.0},{"not_picked":["Force Field+1","Cold Snap","Leap"],"picked":"SKIP","floor":37.0},{"not_picked":["BootSequence","Stack"],"picked":"Capacitor","floor":38.0},{"not_picked":["Sunder+1","Gash+1","Steam"],"picked":"SKIP","floor":39.0},{"not_picked":["Go for the Eyes","Turbo"],"picked":"Heatsinks+1","floor":45.0},{"not_picked":["Gash","Coolheaded+1"],"picked":"Fission","floor":47.0}],"player_experience":915365,"relics_obtained":[{"floor":9.0,"key":"Art of War"},{"floor":20.0,"key":"Oddly Smooth Stone"},{"floor":24.0,"key":"Meat on the Bone"},{"floor":26.0,"key":"The Courier"},{"floor":38.0,"key":"Thread and Needle"}],"event_choices":[{"event_name":"World of Goop","player_choice":"Gather Gold","floor":3.0,"damage_taken":0.0},{"event_name":"The Cleric","player_choice":"Healed","floor":14.0,"damage_taken":0.0},{"event_name":"Upgrade Shrine","player_choice":"Upgraded","floor":22.0,"damage_taken":0.0},{"event_name":"Tomb of Lord Red Mask","player_choice":"Ignored","floor":36.0,"damage_taken":0.0},{"event_name":"MindBloom","player_choice":"Fight","floor":38.0,"damage_taken":0.0}],"boss_relics":[{"not_picked":["Eternal Feather","Runic Pyramid"],"picked":"Lizard Tail"},{"not_picked":["Calling Bell","Philosopher\u0027s Stone"],"picked":"Cursed Key"}],"items_purged_floors":[],"is_endless":false,"potions_floor_spawned":[4,11,12,16,24,27,31,35,41,45],"ascension_level":7}