{"gold_per_floor":[115,44,59,7,23,23,23,49,49,61,77,77,77,77,77,153,153,153,153,153,153,78,78,78,78,78,78,78,78,78,54,54,54,54,54,54,54,54,54,54,54,54,54,54,54,54,54,54,54,54],"floor_reached":51,"playtime":3554,"items_purged":["Strike_B+1"],"score":1119,"play_id":"77adfc08-7a0a-4261-bd0d-8d41cb0adaac","local_time":"20181024212951","is_ascension_mode":true,"campfire_choices":[{"floor":6.0,"key":"REST"},{"floor":15.0,"key":"REST"},{"data":"1","floor":23.0,"key":"LIFT"},{"data":"2","floor":25.0,"key":"LIFT"},{"data":"3","floor":28.0,"key":"LIFT"},{"floor":32.0,"key":"REST"},{"floor":40,"key":"REST"},{"floor":42,"key":"REST"},{"floor":45,"key":"REST"},{"floor":49,"key":"REST"}],"neow_cost":"NONE","seed_source_timestamp":1271190523868045,"circlet_count":0,"master_deck":["Strike_B+1","Strike_B+1","Defend_B+1","Defend_B+1","Defend_B+1","Defend_B+1","Zap","Dualcast","AscendersBane","Conserve Battery","Defragment+1","Leap","Coolheaded","Sunder","Sweeping Beam","Barrage","Self Repair","Echo Form","Doom and Gloom","Coolheaded","Coolheaded","Decay","Tempest","Go for the Eyes","Creative AI","Glacier+1","Leap","Leap","Capacitor+1","Writhe"],"special_seed":0,"relics":["Fusion Hammer","Kunai","Centennial Puzzle","Girya","DataDisk","Ectoplasm","Shuriken","Sozu","Anchor","Strawberry","Prayer Wheel"],"potions_floor_usage":[39],"damage_taken":[{"damage":11.0,"enemies":"Small Slimes","floor":1.0,"turns":4.0},{"damage":4.0,"enemies":"Cultist","floor":3.0,"turns":5.0},{"damage":0.0,"enemies":"Jaw Worm","floor":5.0,"turns":5.0},{"damage":31.0,"enemies":"3 Sentries","floor":8.0,"turns":9.0},{"damage":1.0,"enemies":"Red Slaver","floor":10.0,"turns":4.0},{"damage":13.0,"enemies":"Exordium Thugs","floor":11.0,"turns":5.0},{"damage":21.0,"enemies":"The Guardian","floor":16.0,"turns":13.0},{"damage":30.0,"enemies":"Spheric Guardian","floor":18.0,"turns":6.0},{"damage":7.0,"enemies":"Chosen","floor":19.0,"turns":5.0},{"damage":0.0,"enemies":"Sentry and Sphere","floor":21.0,"turns":4.0},{"damage":19.0,"enemies":"3 Cultists","floor":24.0,"turns":5.0},{"damage":10.0,"enemies":"Centurion and Healer","floor":29.0,"turns":6.0},{"damage":31.0,"enemies":"Collector","floor":33.0,"turns":10.0},{"damage":8.0,"enemies":"3 Shapes","floor":35.0,"turns":4.0},{"damage":6.0,"enemies":"3 Darklings","floor":37.0,"turns":7.0},{"damage":10,"enemies":"Spire Growth","floor":39,"turns":6},{"damage":28,"enemies":"Reptomancer","floor":41,"turns":7},{"damage":0,"enemies":"Mind Bloom Boss Battle","floor":44,"turns":6},{"damage":64,"enemies":"4 Shapes","floor":46,"turns":4},{"damage":13,"enemies":"Sphere and 2 Shapes","floor":47,"turns":6},{"damage":33,"enemies":"Time Eater","floor":50,"turns":16}],"seed_played":"8834623072442302730","potions_obtained":[{"floor":5.0,"key":"Ancient Potion"},{"floor":8.0,"key":"SteroidPotion"},{"floor":19.0,"key":"SteroidPotion"},{"floor":33.0,"key":"Ancient Potion"}],"is_trial":false,"path_per_floor":["M","$","M","$","M","R","?","E","T","M","M","T","?","T","R","B",null,"M","M","?","M","$","R","M","R","T","?","R","M","?","$","R","B",null,"M","?","M","$","M","R","E","R","T","?","R","M","M","?","R","B"],"character_chosen":"DEFECT","items_purchased":["Defragment","Coolheaded","Go for the Eyes"],"campfire_rested":7,"item_purchase_floors":[2,4,31],"current_hp_per_floor":[53,53,49,49,49,70,70,39,39,38,25,25,25,25,46,32,61,38,38,38,45,45,45,33,33,33,33,33,30,30,30,51,27,60,52,52,53,53,50,71,50,71,78,78,78,28,22,38,61,35],"gold":54,"neow_bonus":"BOSS_RELIC","is_prod":false,"is_daily":false,"chose_seed":false,"campfire_upgraded":0,"win_rate":0,"timestamp":1540430991,"path_taken":["M","$","M","$","M","R","?","E","T","?","M","?","?","?","R","BOSS","M","M","?","M","$","R","M","R","T","?","R","M","?","?","R","BOSS","M","?","M","$","?","R","E","R","T","?","R","?","M","?","R","BOSS"],"build_version":"2018-10-18","purchased_purges":1,"victory":true,"max_hp_per_floor":[71,71,71,71,71,71,71,71,71,71,71,71,71,71,71,71,71,71,71,71,71,71,71,71,71,71,71,71,71,71,71,71,71,71,71,71,71,71,71,71,71,71,78,78,78,78,78,78,78,78],"card_choices":[{"not_picked":["Fusion","Heatsinks"],"picked":"Conserve Battery","floor":1.0},{"not_picked":["Hello World","Coolheaded"],"picked":"Leap","floor":3.0},{"not_picked":["Force Field","Compile Driver"],"picked":"Sunder","floor":5.0},{"not_picked":["Steam","Rebound"],"picked":"Sweeping Beam","floor":8.0},{"not_picked":["Stack","Darkness"],"picked":"Barrage","floor":10.0},{"not_picked":["Lockon","Tempest"],"picked":"Self Repair","floor":11.0},{"not_picked":["Amplify","Seek"],"picked":"Echo Form","floor":16.0},{"not_picked":["Leap+1","Turbo"],"picked":"Doom and Gloom","floor":18.0},{"not_picked":["Ball Lightning","Steam+1"],"picked":"Coolheaded","floor":19.0},{"not_picked":["Aggregate","Beam Cell","Steam+1"],"picked":"SKIP","floor":21.0},{"not_picked":["Streamline+1","Steam"],"picked":"Coolheaded","floor":24.0},{"not_picked":["Undo+1","Lockon"],"picked":"Tempest","floor":29.0},{"not_picked":["Thunder Strike","Core Surge"],"picked":"Creative AI","floor":33.0},{"not_picked":["Consume+1","Coolheaded","Beam Cell"],"picked":"SKIP","floor":35.0},{"not_picked":["Hello World","Ball Lightning+1","Steam Power"],"picked":"SKIP","floor":37.0},{"not_picked":["Beam Cell","Coolheaded"],"picked":"Glacier+1","floor":39},{"not_picked":["Reinforced Body+1","Coolheaded+1"],"picked":"Leap","floor":41},{"not_picked":["Turbo","Tempest+1","Scrape+1"],"picked":"SKIP","floor":46},{"not_picked":["Sweeping Beam","Tempest+1","Genetic Algorithm+1"],"picked":"SKIP","floor":46},{"not_picked":["Fission","Reinforced Body"],"picked":"Leap","floor":47},{"not_picked":["Glacier","Lockon"],"picked":"Capacitor+1","floor":47}],"player_experience":1571121,"relics_obtained":[{"floor":8.0,"key":"Kunai"},{"floor":9.0,"key":"Centennial Puzzle"},{"floor":12.0,"key":"Girya"},{"floor":14.0,"key":"DataDisk"},{"floor":26.0,"key":"Shuriken"},{"floor":41,"key":"Anchor"},{"floor":43,"key":"Strawberry"},{"floor":44,"key":"Prayer Wheel"}],"event_choices":[{"damage_healed":0.0,"max_hp_gain":0.0,"max_hp_loss":0.0,"gold_gain":0.0,"event_name":"Accursed Blacksmith","player_choice":"Forge","floor":7.0,"gold_loss":0.0,"damage_taken":0.0,"cards_upgraded":["Defragment"]},{"damage_healed":0.0,"max_hp_gain":0.0,"max_hp_loss":0.0,"gold_gain":0.0,"event_name":"Liars Game","player_choice":"Ignored","floor":13.0,"gold_loss":0.0,"damage_taken":0.0},{"damage_healed":0.0,"max_hp_gain":0.0,"max_hp_loss":0.0,"gold_gain":0.0,"event_name":"Back to Basics","player_choice":"Simplicity","floor":20.0,"gold_loss":0.0,"damage_taken":0.0,"cards_upgraded":["Strike_B","Strike_B","Strike_B","Strike_B","Defend_B","Defend_B","Defend_B","Defend_B"]},{"damage_healed":0.0,"max_hp_gain":0.0,"max_hp_loss":0.0,"gold_gain":0.0,"event_name":"Forgotten Altar","player_choice":"Smashed Altar","floor":27.0,"gold_loss":0.0,"damage_taken":0.0,"cards_obtained":["Decay"]},{"damage_healed":0.0,"max_hp_gain":0.0,"max_hp_loss":0.0,"gold_gain":0.0,"event_name":"The Mausoleum","player_choice":"Ignored","floor":30.0,"gold_loss":0.0,"damage_taken":0.0},{"cards_removed":["Strike_B"],"damage_healed":0.0,"max_hp_gain":0.0,"max_hp_loss":0.0,"gold_gain":0.0,"event_name":"Falling","player_choice":"Removed Attack","floor":36.0,"gold_loss":0.0,"damage_taken":0.0},{"damage_healed":0,"gold_gain":0,"player_choice":"Fight","damage_taken":0,"max_hp_gain":0,"max_hp_loss":0,"event_name":"MindBloom","floor":44,"gold_loss":0},{"damage_healed":16,"gold_gain":0,"player_choice":"Writhe","damage_taken":0,"max_hp_gain":0,"max_hp_loss":0,"event_name":"Winding Halls","floor":48,"gold_loss":0,"cards_obtained":["Writhe"]}],"is_beta":false,"boss_relics":[{"not_picked":["Coffee Dripper","Runic Pyramid"],"picked":"Ectoplasm"},{"not_picked":["Orrery","Snecko Eye"],"picked":"Sozu"}],"items_purged_floors":[22],"is_endless":false,"potions_floor_spawned":[5,8,19,33,35,39,47],"ascension_level":15}