{"gold_per_floor":[113,113,124,136,153,153,184,184,211,222,242,310,326,31,31,31],"floor_reached":16,"playtime":618,"items_purged":[],"score":207,"play_id":"a2afb109-5456-4061-883c-9147f134cb9b","local_time":"20190201114836","is_ascension_mode":true,"campfire_choices":[{"floor":6,"key":"REST"},{"floor":8,"key":"REST"},{"floor":15,"key":"REST"}],"neow_cost":"NONE","seed_source_timestamp":688962910589339,"circlet_count":0,"master_deck":["AscendersBane","Strike_B","Strike_B","Strike_B","Strike_B","Defend_B","Defend_B","Defend_B","Defend_B","Zap","Dualcast","Reboot","Rebound","Streamline","Rebound","Beam Cell","Cold Snap","Compile Driver","Go for the Eyes","Coolheaded","Leap","All For One","Gash"],"relics":["Cracked Core","SsserpentHead","Boot","Bronze Scales","Bag of Preparation"],"potions_floor_usage":[7,7,13],"damage_taken":[{"damage":23,"enemies":"2 Louse","floor":1,"turns":3},{"damage":1,"enemies":"Cultist","floor":3,"turns":3},{"damage":7,"enemies":"Jaw Worm","floor":4,"turns":2},{"damage":22,"enemies":"Lots of Slimes","floor":5,"turns":4},{"damage":6,"enemies":"Gremlin Nob","floor":7,"turns":3},{"damage":14,"enemies":"Red Slaver","floor":10,"turns":2},{"damage":14,"enemies":"Blue Slaver","floor":11,"turns":3},{"damage":18,"enemies":"3 Louse","floor":12,"turns":2},{"damage":0,"enemies":"Large Slime","floor":13,"turns":2},{"damage":22,"enemies":"Hexaghost","floor":16,"turns":9}],"seed_played":"6843147851391427259","potions_obtained":[{"floor":4,"key":"PowerPotion"},{"floor":5,"key":"SkillPotion"},{"floor":12,"key":"AttackPotion"}],"is_trial":false,"path_per_floor":["M","?","M","M","M","R","E","R","T","M","M","M","M","$","R","B"],"character_chosen":"DEFECT","items_purchased":["All For One","Gash","Bag of Preparation"],"campfire_rested":3,"item_purchase_floors":[14,14,14],"current_hp_per_floor":[41,41,40,33,11,32,26,47,47,33,19,1,1,1,22,0],"gold":31,"neow_bonus":"ONE_RANDOM_RARE_CARD","is_prod":false,"is_daily":false,"chose_seed":false,"campfire_upgraded":0,"win_rate":0,"timestamp":1549039716,"path_taken":["M","?","M","M","M","R","E","R","T","M","M","?","M","?","R","BOSS"],"build_version":"2019-01-23","purchased_purges":0,"victory":false,"max_hp_per_floor":[71,71,71,71,71,71,71,71,71,71,71,71,71,71,71,71],"card_choices":[{"not_picked":["Reinforced Body","Conserve Battery"],"picked":"Rebound","floor":1},{"not_picked":["Turbo","Lockon"],"picked":"Streamline","floor":3},{"not_picked":["Fusion","Stack"],"picked":"Rebound","floor":4},{"not_picked":["BootSequence","Streamline"],"picked":"Beam Cell","floor":5},{"not_picked":["Stack","Blizzard"],"picked":"Cold Snap","floor":7},{"not_picked":["Barrage","Cold Snap"],"picked":"Compile Driver","floor":10},{"not_picked":["Redo","Coolheaded"],"picked":"Go for the Eyes","floor":11},{"not_picked":["Recycle","Turbo"],"picked":"Coolheaded","floor":12},{"not_picked":["Blizzard","Beam Cell"],"picked":"Leap","floor":13}],"player_experience":2267537,"relics_obtained":[{"floor":7,"key":"Boot"},{"floor":9,"key":"Bronze Scales"}],"event_choices":[{"damage_healed":0,"gold_gain":0,"player_choice":"Trade","damage_taken":0,"relics_obtained":["SsserpentHead"],"max_hp_gain":0,"max_hp_loss":0,"event_name":"FaceTrader","floor":2,"gold_loss":0}],"is_beta":false,"boss_relics":[],"items_purged_floors":[],"is_endless":false,"potions_floor_spawned":[4,5,12],"killed_by":"Hexaghost","ascension_level":19}