{"gold_per_floor":[363,363,363,54,65,65,94,94,173,173,192,206,206,206,206,277,277,296,296,53,63,77,77],"floor_reached":23,"playtime":893,"items_purged":[],"score":359,"play_id":"7ab5f8a0-ad49-4c54-8944-c0a542f45b9f","local_time":"20190215100617","is_ascension_mode":true,"campfire_choices":[{"floor":6,"key":"REST"},{"floor":8,"key":"REST"},{"data":"Doom and Gloom","floor":10,"key":"SMITH"},{"data":"Static Discharge","floor":13,"key":"SMITH"},{"floor":15,"key":"REST"}],"neow_cost":"PERCENT_DAMAGE","seed_source_timestamp":1988267043342936,"circlet_count":0,"master_deck":["AscendersBane","Strike_B","Strike_B+1","Strike_B","Defend_B","Defend_B","Defend_B","Defend_B","Zap+1","Dualcast+1","Doom and Gloom+1","Static Discharge+1","Barrage","Ball Lightning","Conserve Battery+1","Rainbow+1","Hologram+1","Glacier+1","Conserve Battery+1","Self Repair","Echo Form","Enlightenment+1"],"relics":["Cracked Core","Toxic Egg 2","Art of War","Bottled Lightning","Nunchaku","Orrery"],"potions_floor_usage":[7,16,23],"damage_taken":[{"damage":1,"enemies":"2 Louse","floor":1,"turns":2},{"damage":0,"enemies":"Small Slimes","floor":5,"turns":3},{"damage":25,"enemies":"Lagavulin","floor":7,"turns":7},{"damage":1,"enemies":"Cultist","floor":11,"turns":3},{"damage":10,"enemies":"3 Louse","floor":12,"turns":2},{"damage":12,"enemies":"Slime Boss","floor":16,"turns":7},{"damage":1,"enemies":"Chosen","floor":18,"turns":4},{"damage":21,"enemies":"Shell Parasite","floor":21,"turns":5},{"damage":14,"enemies":"Centurion and Healer","floor":22,"turns":9},{"damage":35,"enemies":"Gremlin Leader","floor":23,"turns":6}],"seed_played":"-9207844949345437105","potions_obtained":[{"floor":1,"key":"Explosive Potion"},{"floor":5,"key":"Strength Potion"},{"floor":7,"key":"Dexterity Potion"},{"floor":16,"key":"SkillPotion"}],"is_trial":false,"path_per_floor":["M","?","?","$","M","R","E","R","T","R","M","M","R","?","R","B",null,"M","?","$","M","M","E"],"character_chosen":"DEFECT","items_purchased":["Toxic Egg 2","Doom and Gloom","Echo Form","Enlightenment+1"],"campfire_rested":3,"item_purchase_floors":[4,4,20,20],"current_hp_per_floor":[45,24,24,24,24,45,20,41,41,41,40,30,30,4,25,13,57,56,56,56,42,35,0],"gold":77,"neow_bonus":"TWO_FIFTY_GOLD","is_prod":false,"is_daily":false,"chose_seed":false,"campfire_upgraded":2,"win_rate":0,"timestamp":1550192777,"path_taken":["M","?","?","$","M","R","E","R","T","R","M","M","R","?","R","BOSS","M","?","$","M","M","E"],"build_version":"2019-01-23","purchased_purges":0,"victory":false,"max_hp_per_floor":[71,71,71,71,71,71,71,71,71,71,71,71,71,71,71,71,71,71,71,71,71,71,71],"card_choices":[{"not_picked":["Force Field","Stack","Storm"],"picked":"SKIP","floor":1},{"not_picked":["Turbo+1","Skim+1"],"picked":"Static Discharge","floor":5},{"not_picked":["Beam Cell","Skim+1"],"picked":"Barrage","floor":7},{"not_picked":["Force Field+1","Cold Snap"],"picked":"Ball Lightning","floor":11},{"not_picked":["Cold Snap","Buffer"],"picked":"Conserve Battery+1","floor":12},{"not_picked":["Hyperbeam","Reboot+1"],"picked":"Rainbow+1","floor":16},{"not_picked":["Storm","Consume+1"],"picked":"Hologram+1","floor":17},{"not_picked":["Streamline","Rebound"],"picked":"Glacier+1","floor":17},{"not_picked":["Skim+1","Multi-Cast+1"],"picked":"Conserve Battery+1","floor":17},{"not_picked":["Chill+1","Go for the Eyes"],"picked":"Self Repair","floor":18},{"not_picked":["Recycle+1","Streamline","Barrage"],"picked":"SKIP","floor":21},{"not_picked":["Blizzard","Turbo+1","Compile Driver"],"picked":"SKIP","floor":22}],"player_experience":540338,"relics_obtained":[{"floor":7,"key":"Art of War"},{"floor":9,"key":"Bottled Lightning"}],"event_choices":[{"damage_healed":0,"gold_gain":0,"player_choice":"Entered Light","damage_taken":21,"max_hp_gain":0,"max_hp_loss":0,"event_name":"Shining Light","floor":2,"gold_loss":0,"cards_upgraded":["Strike_B","Zap"]},{"damage_healed":0,"gold_gain":0,"player_choice":"Grow","damage_taken":0,"max_hp_gain":0,"max_hp_loss":0,"event_name":"Living Wall","floor":3,"gold_loss":0,"cards_upgraded":["Dualcast"]},{"damage_healed":0,"gold_gain":0,"player_choice":"Success","damage_taken":26,"relics_obtained":["Nunchaku"],"max_hp_gain":0,"max_hp_loss":0,"event_name":"Scrap Ooze","floor":14,"gold_loss":0},{"cards_removed":["Strike_B"],"damage_healed":0,"gold_gain":0,"player_choice":"Offered Basic","damage_taken":0,"max_hp_gain":0,"max_hp_loss":0,"event_name":"Bonfire Elementals","floor":19,"gold_loss":0}],"is_beta":false,"boss_relics":[{"not_picked":["Pandora\u0027s Box","Tiny House"],"picked":"Orrery"}],"items_purged_floors":[],"is_endless":false,"potions_floor_spawned":[1,5,7,16,21],"killed_by":"Gremlin Leader","ascension_level":18}