{"gold_per_floor":[162,173,184,204,204,204,230,230,302,1,24,34,44,78,78,180,180,196,211,18,18,28,28,46,64,64,93,105,134,146,158,170,280,292,318,330,189,189,206,206,226,239,284,284,144,171,171,171,171,171],"floor_reached":51,"playtime":3168,"items_purged":["Strike_B","Redo"],"score":664,"play_id":"55b464ec-b2c6-48dd-9f7b-925449c0981b","local_time":"20181101173657","is_ascension_mode":false,"campfire_choices":[{"data":"Zap","floor":6,"key":"SMITH"},{"data":"Strike_B","floor":8,"key":"PURGE"},{"floor":15,"key":"REST"},{"data":"Dualcast","floor":23,"key":"PURGE"},{"data":"Reprogram","floor":28,"key":"PURGE"},{"data":"Strike_B+1","floor":30,"key":"PURGE"},{"floor":32,"key":"REST"},{"data":"Defend_B","floor":40,"key":"PURGE"},{"data":"Glacier","floor":44,"key":"SMITH"},{"data":"Self Repair+1","floor":47,"key":"PURGE"},{"data":"Coolheaded","floor":49,"key":"SMITH"}],"neow_cost":"NONE","seed_source_timestamp":1948866481728578,"circlet_count":0,"master_deck":["Genetic Algorithm","Melter","Genetic Algorithm","Go for the Eyes","Ball Lightning","Gash+1","Glacier+1","Cold Snap+1","Core Surge+1","Gash+1","BootSequence","Sweeping Beam+1","Gash+1","Genetic Algorithm","Beam Cell+1","Coolheaded+1","Scrape+1"],"relics":["Tiny House","Peace Pipe","Molten Egg 2","DataDisk","Boot","Art of War","Busted Crown","DollysMirror","MawBank","Orrery","Bag of Marbles","Strawberry"],"potions_floor_usage":[2,4,14,18,25,27,50,50,50],"damage_taken":[{"damage":4,"enemies":"Small Slimes","floor":1,"turns":4},{"damage":8,"enemies":"Jaw Worm","floor":2,"turns":4},{"damage":5,"enemies":"Cultist","floor":3,"turns":4},{"damage":1,"enemies":"Exordium Wildlife","floor":4,"turns":4},{"damage":30,"enemies":"3 Sentries","floor":7,"turns":8},{"damage":4,"enemies":"Exordium Thugs","floor":12,"turns":4},{"damage":2,"enemies":"Lots of Slimes","floor":13,"turns":4},{"damage":17,"enemies":"Gremlin Nob","floor":14,"turns":4},{"damage":6,"enemies":"Slime Boss","floor":16,"turns":12},{"damage":2,"enemies":"2 Thieves","floor":18,"turns":4},{"damage":9,"enemies":"3 Byrds","floor":19,"turns":6},{"damage":0,"enemies":"Cultist and Chosen","floor":22,"turns":7},{"damage":2,"enemies":"Centurion and Healer","floor":24,"turns":8},{"damage":2,"enemies":"Snecko","floor":25,"turns":5},{"damage":0,"enemies":"Cultist and Chosen","floor":27,"turns":6},{"damage":6,"enemies":"Snake Plant","floor":29,"turns":5},{"damage":29,"enemies":"Collector","floor":33,"turns":14},{"damage":1,"enemies":"3 Shapes","floor":35,"turns":6},{"damage":0,"enemies":"Orb Walker","floor":39,"turns":3},{"damage":0,"enemies":"3 Darklings","floor":41,"turns":5},{"damage":3,"enemies":"Maw","floor":42,"turns":7},{"damage":2,"enemies":"Nemesis","floor":46,"turns":5},{"damage":16,"enemies":"Donu and Deca","floor":50,"turns":11}],"seed_played":"-6553922917590081821","potions_obtained":[{"floor":0,"key":"SneckoOil"},{"floor":1,"key":"Regen Potion"},{"floor":3,"key":"Regen Potion"},{"floor":13,"key":"Poison Potion"},{"floor":14,"key":"FearPotion"},{"floor":24,"key":"Swift Potion"},{"floor":25,"key":"SkillPotion"},{"floor":33,"key":"EssenceOfSteel"},{"floor":41,"key":"SpeedPotion"},{"floor":42,"key":"Weak Potion"}],"is_trial":false,"path_per_floor":["M","M","M","M","?","R","E","R","T","$","T","M","M","E","R","B",null,"M","M","$","?","M","R","M","M","T","M","R","M","R","?","R","B",null,"M","?","$","?","M","R","M","M","T","R","$","E","R","?","R","B"],"character_chosen":"DEFECT","items_purchased":["Gash+1","Glacier","DataDisk","DollysMirror","Coolheaded","Scrape+1","Regen Potion"],"campfire_rested":2,"item_purchase_floors":[10,10,10,20,37,45,45],"current_hp_per_floor":[76,77,72,80,73,73,43,43,43,43,43,39,37,20,44,38,80,78,69,69,69,69,69,67,65,65,65,65,59,59,59,80,51,80,79,79,79,79,79,79,80,80,80,80,80,87,87,87,87,85],"gold":171,"neow_bonus":"BOSS_RELIC","is_prod":false,"is_daily":false,"chose_seed":false,"campfire_upgraded":3,"win_rate":0,"timestamp":1541108217,"path_taken":["M","M","M","M","?","R","E","R","T","$","?","M","M","E","R","BOSS","M","M","$","?","M","R","M","M","T","M","R","M","R","?","R","BOSS","M","?","$","?","M","R","?","M","T","R","?","E","R","?","R","BOSS"],"build_version":"2018-10-25v2","purchased_purges":2,"victory":true,"max_hp_per_floor":[80,80,80,80,80,80,80,80,80,80,80,80,80,80,80,80,80,80,80,80,80,80,80,80,80,80,80,80,80,80,80,80,80,80,80,80,80,80,80,80,80,80,80,80,80,87,87,87,87,87],"card_choices":[{"not_picked":["Self Repair","Leap"],"picked":"Genetic Algorithm","floor":0},{"not_picked":["Steam Power","Leap"],"picked":"Melter","floor":1},{"not_picked":["Conserve Battery","Beam Cell"],"picked":"Genetic Algorithm","floor":2},{"not_picked":["Sweeping Beam","Recycle"],"picked":"Redo","floor":3},{"not_picked":["Conserve Battery","Hologram"],"picked":"Go for the Eyes","floor":4},{"not_picked":["Conserve Battery","Amplify"],"picked":"Ball Lightning","floor":7},{"not_picked":["Redo","Cold Snap+1","Stack"],"picked":"SKIP","floor":12},{"not_picked":["Barrage+1","Ball Lightning+1"],"picked":"Cold Snap+1","floor":13},{"not_picked":["Fusion","Doom and Gloom+1","Barrage+1"],"picked":"SKIP","floor":14},{"not_picked":["Rainbow","Echo Form"],"picked":"Core Surge+1","floor":16},{"not_picked":["Consume"],"picked":"SKIP","floor":18},{"not_picked":["White Noise"],"picked":"SKIP","floor":19},{"not_picked":[],"picked":"BootSequence","floor":22},{"not_picked":["Barrage+1"],"picked":"SKIP","floor":24},{"not_picked":["Sweeping Beam+1"],"picked":"SKIP","floor":25},{"not_picked":[],"picked":"Sweeping Beam+1","floor":25},{"not_picked":[],"picked":"Gash+1","floor":27},{"not_picked":["Rebound+1"],"picked":"SKIP","floor":29},{"not_picked":[],"picked":"Genetic Algorithm","floor":34},{"not_picked":[],"picked":"Beam Cell+1","floor":34},{"not_picked":[],"picked":"Self Repair+1","floor":35},{"not_picked":["Beam Cell+1"],"picked":"SKIP","floor":39},{"not_picked":["Undo"],"picked":"SKIP","floor":41},{"not_picked":["Redo+1"],"picked":"SKIP","floor":42},{"not_picked":["Beam Cell+1"],"picked":"SKIP","floor":46}],"player_experience":1613531,"relics_obtained":[{"floor":7,"key":"Peace Pipe"},{"floor":9,"key":"Molten Egg 2"},{"floor":11,"key":"Boot"},{"floor":14,"key":"Art of War"},{"floor":26,"key":"MawBank"},{"floor":43,"key":"Bag of Marbles"},{"floor":46,"key":"Strawberry"}],"event_choices":[{"cards_removed":["Strike_B"],"damage_healed":0,"gold_gain":0,"player_choice":"Card Removal","damage_taken":7,"max_hp_gain":0,"max_hp_loss":0,"event_name":"Golden Wing","floor":5,"gold_loss":0},{"damage_healed":0,"gold_gain":0,"cards_transformed":["Defend_B"],"player_choice":"Transformed","damage_taken":0,"max_hp_gain":0,"max_hp_loss":0,"event_name":"Transmorgrifier","floor":21,"gold_loss":0,"cards_obtained":["Reprogram"]},{"cards_removed":["Defend_B"],"damage_healed":0,"gold_gain":0,"player_choice":"Offered Basic","damage_taken":0,"max_hp_gain":0,"max_hp_loss":0,"event_name":"Bonfire Elementals","floor":31,"gold_loss":0},{"damage_healed":0,"gold_gain":0,"player_choice":"0 cards matched","damage_taken":0,"max_hp_gain":0,"max_hp_loss":0,"event_name":"Match and Keep!","floor":36,"gold_loss":0,"cards_obtained":[]},{"cards_removed":["Defend_B"],"damage_healed":0,"gold_gain":0,"player_choice":"Purged","damage_taken":0,"max_hp_gain":0,"max_hp_loss":0,"event_name":"Purifier","floor":38,"gold_loss":0},{"cards_removed":["Zap"],"damage_healed":0,"gold_gain":0,"player_choice":"Removed Skill","damage_taken":0,"max_hp_gain":0,"max_hp_loss":0,"event_name":"Falling","floor":48,"gold_loss":0}],"is_beta":false,"boss_relics":[{"not_picked":["Philosopher\u0027s Stone","Black Star"],"picked":"Busted Crown"},{"not_picked":["Cursed Key","Velvet Choker"],"picked":"Orrery"}],"items_purged_floors":[10,37],"is_endless":false,"potions_floor_spawned":[1,3,13,14,24,25,33,41,42],"ascension_level":0}