{"gold_per_floor":[111,129,129,142,154,154,183,183,234,249,249,262,262,274,274,374,374,387,4,17,33,51,51],"floor_reached":23,"playtime":1569,"items_purged":["Bandage Up"],"score":207,"play_id":"8828ecb5-ca93-4842-bbbc-32d070390cf5","local_time":"20190210125244","is_ascension_mode":true,"campfire_choices":[{"data":"Dodge and Roll","floor":6,"key":"SMITH"},{"data":"Panacea","floor":11,"key":"SMITH"},{"data":"Infinite Blades","floor":13,"key":"SMITH"},{"data":"PiercingWail","floor":15,"key":"SMITH"}],"neow_cost":"NONE","seed_source_timestamp":1032230488595902,"circlet_count":0,"master_deck":["Defend_G+1","Defend_G","Defend_G","Defend_G","Defend_G","Strike_G","Strike_G","Strike_G","Strike_G","Strike_G","Survivor+1","Neutralize","Panacea+1","Dagger Spray","Infinite Blades+1","Dodge and Roll+1","Poisoned Stab","Endless Agony","Poisoned Stab","PiercingWail+1","Cloak And Dagger","Bullet Time","Blade Dance","Endless Agony+1","Cloak And Dagger+1"],"relics":["Ring of the Snake","Pear","Happy Flower","Lizard Tail","Ice Cream"],"potions_floor_usage":[7,16,21,21,21],"damage_taken":[{"damage":0,"enemies":"2 Louse","floor":1,"turns":3},{"damage":0,"enemies":"Cultist","floor":2,"turns":4},{"damage":11,"enemies":"Jaw Worm","floor":4,"turns":4},{"damage":12,"enemies":"Looter","floor":5,"turns":4},{"damage":7,"enemies":"3 Sentries","floor":7,"turns":7},{"damage":2,"enemies":"Red Slaver","floor":10,"turns":3},{"damage":10,"enemies":"3 Louse","floor":12,"turns":3},{"damage":1,"enemies":"Exordium Wildlife","floor":14,"turns":5},{"damage":21,"enemies":"Slime Boss","floor":16,"turns":12},{"damage":0,"enemies":"3 Byrds","floor":18,"turns":7},{"damage":14,"enemies":"2 Thieves","floor":20,"turns":4},{"damage":30,"enemies":"Centurion and Healer","floor":21,"turns":7},{"damage":27,"enemies":"Shelled Parasite and Fungi","floor":22,"turns":6},{"damage":60,"enemies":"Slavers","floor":23,"turns":5}],"seed_played":"-9001935073504994859","potions_obtained":[{"floor":2,"key":"EntropicBrew"},{"floor":7,"key":"LiquidBronze"},{"floor":12,"key":"GhostInAJar"},{"floor":16,"key":"SneckoOil"},{"floor":20,"key":"GhostInAJar"}],"is_trial":false,"path_per_floor":["M","M","?","M","M","R","E","?","T","M","R","M","R","M","R","B",null,"M","$","M","M","M","E"],"character_chosen":"THE_SILENT","items_purchased":["Ice Cream"],"campfire_rested":0,"item_purchase_floors":[19],"current_hp_per_floor":[70,70,56,45,33,33,36,36,36,38,38,32,32,35,35,18,80,80,80,66,36,9,0],"gold":51,"neow_bonus":"RANDOM_COLORLESS","is_prod":false,"is_daily":false,"chose_seed":false,"campfire_upgraded":4,"win_rate":0,"timestamp":1549831964,"path_taken":["M","M","?","M","M","R","E","?","T","M","R","M","R","M","R","BOSS","M","$","?","M","M","E"],"build_version":"2019-01-23","purchased_purges":1,"victory":false,"max_hp_per_floor":[70,70,70,70,70,70,80,80,80,80,80,80,80,80,80,80,80,80,80,80,80,80,80],"card_choices":[{"not_picked":["Finisher","Deadly Poison"],"picked":"Dagger Spray","floor":1},{"not_picked":["Finisher","Prepared"],"picked":"Infinite Blades","floor":2},{"not_picked":["Dagger Spray","Dagger Throw"],"picked":"Dodge and Roll","floor":4},{"not_picked":["Dagger Spray","Blade Dance"],"picked":"Poisoned Stab","floor":5},{"not_picked":["Reflex","Concentrate"],"picked":"Endless Agony","floor":7},{"not_picked":["Bouncing Flask","Deflect"],"picked":"Poisoned Stab","floor":10},{"not_picked":["Quick Slash","Slice"],"picked":"PiercingWail","floor":12},{"not_picked":["Outmaneuver","Quick Slash"],"picked":"Cloak And Dagger","floor":14},{"not_picked":["Tools of the Trade","Adrenaline"],"picked":"Bullet Time","floor":16},{"not_picked":["Flying Knee","Bane"],"picked":"Blade Dance","floor":18},{"not_picked":["Masterful Stab","Outmaneuver+1"],"picked":"Endless Agony+1","floor":20},{"not_picked":["Infinite Blades","Backflip+1"],"picked":"Cloak And Dagger+1","floor":21},{"not_picked":["Distraction+1","Prepared+1","Slice"],"picked":"SKIP","floor":22}],"player_experience":205023,"relics_obtained":[{"floor":7,"key":"Pear"},{"floor":9,"key":"Happy Flower"}],"event_choices":[{"damage_healed":0,"gold_gain":0,"player_choice":"Entered Light","damage_taken":14,"max_hp_gain":0,"max_hp_loss":0,"event_name":"Shining Light","floor":3,"gold_loss":0,"cards_upgraded":["Defend_G","Survivor"]},{"damage_healed":0,"gold_gain":0,"player_choice":"1 cards matched","damage_taken":0,"max_hp_gain":0,"max_hp_loss":0,"event_name":"Match and Keep!","floor":8,"gold_loss":0,"cards_obtained":["Bandage Up"]}],"is_beta":false,"boss_relics":[{"not_picked":["Orrery","Fusion Hammer"],"picked":"Lizard Tail"}],"items_purged_floors":[19],"is_endless":false,"potions_floor_spawned":[2,7,12,16,20],"killed_by":"Slavers","ascension_level":1}