{"gold_per_floor":[116,191,210,39,39,73,73,86,161,161,173,183,183,483,483,588,588,602,602,502,513,523,523,536,536,560,560,572,572,584,584,584,680,680,691,691,171,46,46,46,58,58,134,134,154,167,67,84,84,84],"floor_reached":51,"playtime":2981,"items_purged":["Strike_B","Strike_B","Strike_B"],"score":722,"play_id":"1555dfa7-c09e-47e0-a87c-96c8850bab28","local_time":"20180713074709","is_ascension_mode":false,"campfire_choices":[{"floor":7.0,"key":"REST"},{"floor":10.0,"key":"REST"},{"data":"Zap","floor":13.0,"key":"SMITH"},{"floor":15.0,"key":"REST"},{"data":"Dualcast","floor":23.0,"key":"SMITH"},{"floor":25.0,"key":"REST"},{"data":"Madness","floor":27.0,"key":"SMITH"},{"floor":32.0,"key":"REST"},{"data":"Zap","floor":40,"key":"SMITH"},{"data":"Recycle","floor":42,"key":"SMITH"},{"data":"Madness","floor":44,"key":"SMITH"},{"floor":49,"key":"REST"}],"neow_cost":"","seed_source_timestamp":0,"circlet_count":0,"master_deck":["Strike_B","Defend_B","Defend_B","Defend_B","Defend_B","Zap+1","Dualcast+1","Beam Cell","Steam","Madness+1","Gash","Go for the Eyes","Beam Cell","Hologram","Machine Learning","Redo","BootSequence","Go for the Eyes","Recycle+1","Beam Cell","All For One","Steam","Purity","Zap+1","Panache","FTL","Dark Shackles","Seek","Madness+1","Madness","Steam","Gash+1","White Noise+1","Gash","Steam","Go for the Eyes+1"],"special_seed":0,"relics":["Unceasing Top","Thread and Needle","Vajra","Dodecahedron","Old Coin","Inserter","Anchor","Sozu","Mummified Hand"],"potions_floor_usage":[],"damage_taken":[{"damage":4.0,"enemies":"2 Louse","floor":1.0,"turns":3.0},{"damage":6.0,"enemies":"Jaw Worm","floor":3.0,"turns":3.0},{"damage":43.0,"enemies":"Gremlin Nob","floor":6.0,"turns":6.0},{"damage":0.0,"enemies":"Cultist","floor":8.0,"turns":3.0},{"damage":3.0,"enemies":"Exordium Thugs","floor":11.0,"turns":5.0},{"damage":0.0,"enemies":"Large Slime","floor":12.0,"turns":5.0},{"damage":20.0,"enemies":"Slime Boss","floor":16.0,"turns":6.0},{"damage":9.0,"enemies":"Spheric Guardian","floor":18.0,"turns":4.0},{"damage":8.0,"enemies":"3 Byrds","floor":21.0,"turns":6.0},{"damage":14.0,"enemies":"Centurion and Healer","floor":22.0,"turns":8.0},{"damage":16.0,"enemies":"Snake Plant","floor":24.0,"turns":5.0},{"damage":0.0,"enemies":"Slaver and Parasite","floor":28.0,"turns":5.0},{"damage":5.0,"enemies":"Centurion and Healer","floor":30.0,"turns":6.0},{"damage":49.0,"enemies":"Automaton","floor":33.0,"turns":11.0},{"damage":14,"enemies":"Orb Walker","floor":35,"turns":4},{"damage":0,"enemies":"Flame Bruiser 1 Orb","floor":41,"turns":2},{"damage":0,"enemies":"3 Darklings","floor":45,"turns":2},{"damage":0,"enemies":"Transient","floor":46,"turns":5},{"damage":0,"enemies":"Flame Bruiser 2 Orb","floor":48,"turns":2},{"damage":9,"enemies":"Time Eater","floor":50,"turns":7}],"seed_played":"4136641171685344851","potions_obtained":[{"floor":6.0,"key":"SkillPotion"},{"floor":8.0,"key":"FocusPotion"},{"floor":16.0,"key":"SkillPotion"},{"floor":24.0,"key":"SteroidPotion"},{"floor":30.0,"key":"Swift Potion"}],"is_trial":true,"path_per_floor":["M","?","M","$","T","E","R","M","T","R","M","M","R","?","R","B",null,"M","?","$","M","M","R","M","R","T","R","M","?","M","?","R","B",null,"M","?","$","$","?","R","M","R","T","R","M","M","$","M","R","B"],"character_chosen":"DEFECT","items_purchased":["Madness","Panache","FTL","Dark Shackles","Seek","Gash","Steam"],"campfire_rested":6,"item_purchase_floors":[4,37,37,37,37,47,47],"current_hp_per_floor":[71,60,54,54,54,11,33,33,33,55,52,52,52,45,67,47,75,66,66,66,58,44,44,28,50,50,50,50,50,45,45,67,18,75,61,61,61,61,52,52,52,52,52,52,52,52,52,59,75,66],"gold":84,"neow_bonus":"","is_prod":false,"is_daily":false,"chose_seed":false,"campfire_upgraded":6,"win_rate":0,"timestamp":1531482429,"path_taken":["M","?","M","$","?","E","R","M","T","R","M","M","R","?","R","BOSS","M","?","?","M","M","R","M","R","T","R","?","?","M","?","R","BOSS","M","?","?","$","?","R","M","R","T","R","?","M","$","M","R","BOSS"],"build_version":"2018-07-12","purchased_purges":3,"victory":true,"max_hp_per_floor":[75,75,75,75,75,75,75,75,75,75,75,75,75,75,75,75,75,75,75,75,75,75,75,75,75,75,75,75,75,75,75,75,75,75,75,75,75,75,75,75,75,75,75,75,75,75,75,75,75,75],"card_choices":[{"not_picked":["Sweeping Beam","Stack"],"picked":"Beam Cell","floor":1.0},{"not_picked":["Redo","Rebound"],"picked":"Steam","floor":3.0},{"not_picked":["Darkness","Redo"],"picked":"Gash","floor":6.0},{"not_picked":["Beam Cell","Multi-Cast"],"picked":"Go for the Eyes","floor":8.0},{"not_picked":["Sweeping Beam","Aggregate"],"picked":"Beam Cell","floor":11.0},{"not_picked":["Fusion","Compile Driver"],"picked":"Hologram","floor":12.0},{"not_picked":["Thunder Strike","Hyperbeam"],"picked":"Machine Learning","floor":16.0},{"not_picked":["Turbo","Sweeping Beam"],"picked":"Redo","floor":18.0},{"not_picked":["Lockon+1","Coolheaded","Reinforced Body"],"picked":"SKIP","floor":21.0},{"not_picked":["Tempest","Stack"],"picked":"BootSequence","floor":22.0},{"not_picked":["Capacitor","Reprogram"],"picked":"Go for the Eyes","floor":24.0},{"not_picked":["Steam","Static Discharge"],"picked":"Recycle","floor":28.0},{"not_picked":["Reinforced Body","Stack"],"picked":"Beam Cell","floor":30.0},{"not_picked":["Buffer","Biased Cognition"],"picked":"All For One","floor":33.0},{"not_picked":["Cold Snap+1","Rebound+1"],"picked":"Steam","floor":35},{"not_picked":["Coolheaded","Conserve Battery+1"],"picked":"Steam","floor":41},{"not_picked":["Lockon","Auto Shields"],"picked":"Gash+1","floor":45},{"not_picked":["Beam Cell+1","Rebound"],"picked":"White Noise+1","floor":46},{"not_picked":["Darkness+1","Capacitor+1"],"picked":"Go for the Eyes+1","floor":48}],"player_experience":1057347,"relics_obtained":[{"floor":5.0,"key":"Thread and Needle"},{"floor":6.0,"key":"Vajra"},{"floor":9.0,"key":"Dodecahedron"},{"floor":26.0,"key":"Anchor"},{"floor":43,"key":"Mummified Hand"}],"event_choices":[{"event_name":"World of Goop","player_choice":"Gather Gold","floor":2.0,"damage_taken":0.0},{"event_name":"Scrap Ooze","player_choice":"success","floor":14.0,"damage_taken":7.0},{"event_name":"Vampires","player_choice":"Ignored","floor":19.0,"damage_taken":0.0},{"event_name":"Cursed Tome","player_choice":"Ignored","floor":29.0,"damage_taken":0.0},{"event_name":"Ghosts","player_choice":"Ignored","floor":31.0,"damage_taken":0.0},{"event_name":"Match and Keep!","player_choice":"2 cards matched","floor":36,"damage_taken":0},{"event_name":"Winding Halls","player_choice":"Embrace Madness","floor":39,"damage_taken":0}],"boss_relics":[{"not_picked":["Eternal Feather","Astrolabe"],"picked":"Inserter"},{"not_picked":["Fusion Hammer","Velvet Choker"],"picked":"Sozu"}],"items_purged_floors":[4,20,38],"is_endless":false,"potions_floor_spawned":[6,8,16,24,30,45],"ascension_level":0}