{"gold_per_floor":[114,64,64,84,97,125,125,140,140,155,16,27,60,60,60,155,155,166,178,178,62,62,62,62,62,62,62,72,99,116,129,129,230,230,249,249,260,272,285,285,302,302,302,302,97,97,97,113,113,113],"floor_reached":51,"playtime":1258,"items_purged":[],"score":704,"play_id":"8de9786e-a8fc-4f0a-81af-3591e56ef14e","local_time":"20180728000213","is_ascension_mode":false,"campfire_choices":[{"data":"Deadly Poison","floor":7,"key":"SMITH"},{"floor":15,"key":"REST"},{"floor":23,"key":"REST"},{"floor":25,"key":"REST"},{"floor":32,"key":"REST"},{"floor":40,"key":"REST"},{"floor":42,"key":"REST"},{"floor":47,"key":"REST"},{"floor":49,"key":"REST"}],"neow_cost":"NONE","seed_source_timestamp":40679542529686,"circlet_count":0,"master_deck":["Defend_G","Defend_G","Defend_G","Defend_G","Defend_G","Strike_G","Strike_G","Strike_G","Strike_G","Survivor","Neutralize","Infinite Blades+1","Deadly Poison","Deadly Poison+1","Blur","Cloak And Dagger","Footwork","Infinite Blades","Cloak And Dagger","Slice","Skewer","Infinite Blades","A Thousand Cuts","Outmaneuver+1","RitualDagger","Blade Dance+1","Finisher","Dodge and Roll+1","Deflect+1","Unload","Escape Plan+1","Cloak And Dagger+1","Noxious Fumes+1","Poisoned Stab","Dramatic Entrance","A Thousand Cuts","Backflip+1","Deadly Poison+1"],"relics":["WristBlade","Pen Nib","Shuriken","Toxic Egg 2","Busted Crown","Pear","Ninja Scroll","Oddly Smooth Stone","Runic Pyramid","Darkstone Periapt"],"potions_floor_usage":[6,8,13,16,28,37,37,50],"damage_taken":[{"damage":2,"enemies":"Small Slimes","floor":1,"turns":4},{"damage":2,"enemies":"2 Louse","floor":4,"turns":3},{"damage":0,"enemies":"Cultist","floor":5,"turns":3},{"damage":13,"enemies":"Lagavulin","floor":6,"turns":5},{"damage":0,"enemies":"Large Slime","floor":8,"turns":3},{"damage":15,"enemies":"Gremlin Gang","floor":10,"turns":4},{"damage":9,"enemies":"Red Slaver","floor":12,"turns":4},{"damage":14,"enemies":"3 Sentries","floor":13,"turns":4},{"damage":7,"enemies":"Hexaghost","floor":16,"turns":6},{"damage":37,"enemies":"Shell Parasite","floor":18,"turns":5},{"damage":10,"enemies":"2 Thieves","floor":19,"turns":4},{"damage":10,"enemies":"Sentry and Sphere","floor":28,"turns":3},{"damage":18,"enemies":"Gremlin Leader","floor":29,"turns":5},{"damage":3,"enemies":"3 Cultists","floor":30,"turns":4},{"damage":3,"enemies":"Cultist and Chosen","floor":31,"turns":3},{"damage":28,"enemies":"Champ","floor":33,"turns":8},{"damage":0,"enemies":"Orb Walker","floor":35,"turns":1},{"damage":7,"enemies":"3 Shapes","floor":37,"turns":2},{"damage":18,"enemies":"3 Darklings","floor":38,"turns":4},{"damage":47,"enemies":"Spire Growth","floor":39,"turns":5},{"damage":9,"enemies":"Maw","floor":41,"turns":6},{"damage":17,"enemies":"4 Shapes","floor":48,"turns":3},{"damage":76,"enemies":"Donu and Deca","floor":50,"turns":7}],"seed_played":"3922354842912116439","potions_obtained":[{"floor":4,"key":"SkillPotion"},{"floor":5,"key":"Fire Potion"},{"floor":6,"key":"Strength Potion"},{"floor":10,"key":"Strength Potion"},{"floor":19,"key":"Poison Potion"},{"floor":30,"key":"GamblersBrew"},{"floor":33,"key":"Explosive Potion"},{"floor":35,"key":"Explosive Potion"},{"floor":41,"key":"Regen Potion"},{"floor":48,"key":"SmokeBomb"}],"is_trial":false,"path_per_floor":["M","?","?","M","M","E","R","M","T","M","$","M","E","?","R","B",null,"M","M","?","$","?","R","$","R","T","T","M","E","M","M","R","B",null,"M","?","M","M","M","R","M","R","T","?","$","?","R","M","R","B"],"character_chosen":"THE_SILENT","items_purchased":["Infinite Blades","Cloak And Dagger","Slice","Blade Dance+1","Finisher","A Thousand Cuts","Backflip+1"],"campfire_rested":8,"item_purchase_floors":[11,11,11,21,21,45,45],"current_hp_per_floor":[68,68,68,66,66,53,53,53,53,38,38,29,15,3,24,17,70,33,23,17,17,17,38,38,59,69,69,59,41,38,35,59,31,80,80,80,73,55,8,32,23,47,47,47,47,47,71,54,78,14],"gold":113,"neow_bonus":"BOSS_RELIC","is_prod":false,"is_daily":false,"chose_seed":false,"campfire_upgraded":1,"win_rate":0,"timestamp":1532701933,"path_taken":["M","?","?","M","M","E","R","?","T","?","$","?","E","?","R","BOSS","M","M","?","$","?","R","$","R","T","?","M","E","M","M","R","BOSS","M","?","?","M","M","R","M","R","T","?","?","?","R","M","R","BOSS"],"build_version":"2018-07-26","purchased_purges":0,"victory":true,"max_hp_per_floor":[70,70,70,70,70,70,70,70,70,70,70,70,70,70,70,70,70,70,70,70,70,70,70,70,70,80,80,80,80,80,80,80,80,80,80,80,80,80,80,80,80,80,80,80,80,80,80,80,80,80],"card_choices":[{"not_picked":["Sucker Punch","Leg Sweep"],"picked":"Infinite Blades","floor":1},{"not_picked":["Deflect","Reflex"],"picked":"Deadly Poison","floor":4},{"not_picked":["Quick Slash","Deflect"],"picked":"Deadly Poison","floor":5},{"not_picked":["Well Laid Plans","Prepared"],"picked":"Blur","floor":6},{"not_picked":["Acrobatics","Slice"],"picked":"Cloak And Dagger","floor":8},{"not_picked":["Prepared","Dagger Throw"],"picked":"Footwork","floor":10},{"not_picked":["Concentrate","Escape Plan"],"picked":"Skewer","floor":12},{"not_picked":["Flying Knee","Bullet Time"],"picked":"Infinite Blades","floor":13},{"not_picked":["Venomology+1","Corpse Explosion+1"],"picked":"A Thousand Cuts","floor":16},{"not_picked":["Dagger Throw"],"picked":"SKIP","floor":18},{"not_picked":[],"picked":"Outmaneuver+1","floor":19},{"not_picked":["Bane+1"],"picked":"SKIP","floor":28},{"not_picked":[],"picked":"Dodge and Roll+1","floor":29},{"not_picked":[],"picked":"Deflect+1","floor":30},{"not_picked":[],"picked":"Dodge and Roll+1","floor":31},{"not_picked":[],"picked":"Unload","floor":33},{"not_picked":[],"picked":"Escape Plan+1","floor":35},{"not_picked":[],"picked":"Cloak And Dagger+1","floor":37},{"not_picked":["Eviscerate+1"],"picked":"SKIP","floor":38},{"not_picked":[],"picked":"Noxious Fumes+1","floor":39},{"not_picked":[],"picked":"Poisoned Stab","floor":41},{"not_picked":[],"picked":"Dramatic Entrance","floor":44},{"not_picked":[],"picked":"Deadly Poison+1","floor":48}],"player_experience":273443,"relics_obtained":[{"floor":6,"key":"Pen Nib"},{"floor":9,"key":"Shuriken"},{"floor":13,"key":"Toxic Egg 2"},{"floor":26,"key":"Pear"},{"floor":27,"key":"Ninja Scroll"},{"floor":29,"key":"Oddly Smooth Stone"},{"floor":43,"key":"Darkstone Periapt"}],"event_choices":[{"event_name":"The Cleric","player_choice":"Card Removal","floor":2,"damage_taken":0},{"event_name":"Upgrade Shrine","player_choice":"Upgraded","floor":3,"damage_taken":0},{"event_name":"Scrap Ooze","player_choice":"unsuccessful","floor":14,"damage_taken":12},{"event_name":"Nest","player_choice":"Joined the Cult","floor":20,"damage_taken":0},{"event_name":"Beggar","player_choice":"Ignored","floor":22,"damage_taken":0},{"event_name":"Mysterious Sphere","player_choice":"Ignore","floor":36,"damage_taken":0},{"event_name":"SensoryStone","player_choice":"Memory 1","floor":44,"damage_taken":0},{"event_name":"Falling","player_choice":"Removed Skill","floor":46,"damage_taken":0}],"is_beta":false,"boss_relics":[{"not_picked":["White Beast Statue","Velvet Choker"],"picked":"Busted Crown"},{"not_picked":["Runic Dome","Cursed Key"],"picked":"Runic Pyramid"}],"items_purged_floors":[],"is_endless":false,"potions_floor_spawned":[4,5,6,10,19,30,33,35,41,48],"ascension_level":0}