{"gold_per_floor":[115,125,144,69,83,83,83,100,145,145,155,155,72,100,100,100],"floor_reached":16,"playtime":686,"items_purged":["Injury"],"score":204,"play_id":"8c19ce4a-2268-4e29-9b2c-e4cbbc9dbfd0","local_time":"20190212235739","is_ascension_mode":true,"campfire_choices":[{"data":"Neutralize","floor":6,"key":"SMITH"},{"data":"Skewer","floor":12,"key":"SMITH"},{"data":"Well Laid Plans","floor":15,"key":"SMITH"}],"neow_cost":"CURSE","seed_source_timestamp":9510224829930,"circlet_count":0,"master_deck":["AscendersBane","Defend_G","Defend_G","Defend_G","Defend_G","Defend_G","Strike_G","Strike_G","Strike_G","Strike_G","Survivor","Neutralize+1","Dodge and Roll","Deflect","Skewer+1","Well Laid Plans+1","Backflip"],"relics":["Ring of the Snake","Calipers","Pear","Vajra","Lantern"],"potions_floor_usage":[14,14],"damage_taken":[{"damage":7,"enemies":"2 Louse","floor":1,"turns":3},{"damage":2,"enemies":"Cultist","floor":2,"turns":4},{"damage":4,"enemies":"Jaw Worm","floor":3,"turns":5},{"damage":0,"enemies":"2 Fungi Beasts","floor":5,"turns":4},{"damage":38,"enemies":"Gremlin Gang","floor":8,"turns":13},{"damage":0,"enemies":"Blue Slaver","floor":11,"turns":7},{"damage":6,"enemies":"Lagavulin","floor":14,"turns":7},{"damage":28,"enemies":"Hexaghost","floor":16,"turns":11}],"seed_played":"-4367915699207515770","potions_obtained":[{"floor":2,"key":"Regen Potion"},{"floor":11,"key":"FearPotion"}],"is_trial":false,"path_per_floor":["M","M","M","$","M","R","?","M","T","?","M","R","$","E","R","B"],"character_chosen":"THE_SILENT","items_purchased":["Well Laid Plans"],"campfire_rested":0,"item_purchase_floors":[13],"current_hp_per_floor":[52,50,46,46,46,46,56,18,18,18,18,18,18,27,27,0],"gold":100,"neow_bonus":"ONE_RARE_RELIC","is_prod":false,"is_daily":false,"chose_seed":false,"campfire_upgraded":3,"win_rate":0,"timestamp":1550012259,"path_taken":["M","M","M","$","M","R","?","?","T","?","M","R","?","E","R","BOSS"],"build_version":"2019-01-23","purchased_purges":1,"victory":false,"max_hp_per_floor":[66,66,66,66,66,66,76,76,76,76,76,76,76,76,76,76],"card_choices":[{"not_picked":["All Out Attack","Prepared"],"picked":"Dodge and Roll","floor":1},{"not_picked":["Choke","Underhanded Strike"],"picked":"Dagger Throw","floor":2},{"not_picked":["Deadly Poison","Dagger Throw","Quick Slash"],"picked":"SKIP","floor":3},{"not_picked":["Flying Knee","Bane","Prepared"],"picked":"SKIP","floor":5},{"not_picked":["Outmaneuver","Blade Dance"],"picked":"Deflect","floor":8},{"not_picked":["Blur","Dagger Spray"],"picked":"Skewer","floor":11},{"not_picked":["Dagger Throw","Flechettes"],"picked":"Backflip","floor":14}],"player_experience":1403635,"relics_obtained":[{"floor":9,"key":"Vajra"},{"floor":14,"key":"Lantern"}],"event_choices":[{"cards_removed":["Dagger Throw"],"damage_healed":0,"gold_gain":0,"player_choice":"Gave Card","damage_taken":0,"relics_obtained":["Pear"],"max_hp_gain":0,"max_hp_loss":0,"event_name":"WeMeetAgain","floor":7,"gold_loss":0},{"cards_removed":["Strike_G"],"damage_healed":0,"gold_gain":0,"player_choice":"Forget","damage_taken":0,"max_hp_gain":0,"max_hp_loss":0,"event_name":"Living Wall","floor":10,"gold_loss":0}],"is_beta":false,"boss_relics":[],"items_purged_floors":[4],"is_endless":false,"potions_floor_spawned":[2,11],"killed_by":"Hexaghost","ascension_level":20}