{"path_per_floor":["M","M","?","M","?","E","R","E","T","M"],"character_chosen":"THE_SILENT","items_purchased":[],"gold_per_floor":[118,130,130,145,220,254,254,292,342,355,355],"floor_reached":11,"campfire_rested":0,"playtime":1682,"item_purchase_floors":[],"current_hp_per_floor":[68,68,65,65,54,20,20,15,15,15,0],"items_purged":[],"gold":355,"score":95,"play_id":"263cf98e-cdaf-4876-a8e9-677d6959d3ef","local_time":"20180607111638","is_prod":false,"is_daily":false,"chose_seed":false,"is_ascension_mode":true,"campfire_upgraded":1,"win_rate":0,"timestamp":1528362998,"campfire_choices":[{"data":"Cloak And Dagger","floor":7,"key":"SMITH"}],"path_taken":["M","M","?","M","?","E","R","E","T","M","E"],"build_version":"2018-06-06","seed_source_timestamp":475004552913364,"purchased_purges":0,"victory":false,"master_deck":["Defend_G","Defend_G","Defend_G","Defend_G","Defend_G","Strike_G","Strike_G","Strike_G","Strike_G","Strike_G","Survivor","Neutralize","Terror","Adrenaline","Flying Knee","Cloak And Dagger+1","Phantasmal Killer","Dagger Spray"],"max_hp_per_floor":[70,70,65,65,65,65,65,65,65,65,65],"relics":["White Beast Statue","Golden Idol","Darkstone Periapt","Vajra","Art of War"],"card_choices":[{"not_picked":["Deflect","Poisoned Stab"],"picked":"Terror","floor":1.0},{"not_picked":["Deadly Poison","Underhanded Strike"],"picked":"Adrenaline","floor":2.0},{"not_picked":["Sucker Punch","Dodge and Roll"],"picked":"Flying Knee","floor":4.0},{"not_picked":["Outmaneuver","Endless Agony"],"picked":"Cloak And Dagger","floor":6},{"not_picked":["Reflex","Prepared"],"picked":"Phantasmal Killer","floor":8},{"not_picked":["Dagger Throw","PiercingWail"],"picked":"Dagger Spray","floor":10}],"player_experience":65342,"potions_floor_usage":[6,6,8,10,10,11],"damage_taken":[{"damage":2.0,"enemies":"Jaw Worm","floor":1.0,"turns":6.0},{"damage":0.0,"enemies":"2 Louse","floor":2.0,"turns":3.0},{"damage":0.0,"enemies":"Small Slimes","floor":4.0,"turns":3.0},{"damage":34,"enemies":"Gremlin Nob","floor":6,"turns":5},{"damage":5,"enemies":"3 Sentries","floor":8,"turns":8},{"damage":0,"enemies":"2 Fungi Beasts","floor":10,"turns":3},{"damage":26,"enemies":"Gremlin Nob","floor":11,"turns":4}],"relics_obtained":[{"floor":6,"key":"Darkstone Periapt"},{"floor":8,"key":"Vajra"},{"floor":9,"key":"Art of War"}],"event_choices":[{"event_name":"Golden Idol","player_choice":"Lose Max HP","floor":3.0,"damage_taken":0.0},{"event_name":"World of Goop","player_choice":"Gather Gold","floor":5.0,"damage_taken":0.0}],"boss_relics":[],"items_purged_floors":[],"potions_floor_spawned":[1,2,4,6,8,10],"seed_played":"-5868433574547687168","killed_by":"Gremlin Nob","ascension_level":3,"potions_obtained":[{"floor":1.0,"key":"SpeedPotion"},{"floor":2.0,"key":"Dexterity Potion"},{"floor":4.0,"key":"Swift Potion"},{"floor":6,"key":"Dexterity Potion"},{"floor":8,"key":"Swift Potion"},{"floor":10,"key":"FearPotion"}],"is_trial":false}