{"gold_per_floor":[114,39,55,67,67,67,101,119,119,130,130],"floor_reached":11,"playtime":327,"items_purged":[],"score":143,"play_id":"a4b75bf7-5ee0-47fc-9fd2-c2e2f9017f0c","local_time":"20181222225608","is_ascension_mode":true,"campfire_choices":[{"data":"Consume","floor":6,"key":"SMITH"}],"neow_cost":"NONE","seed_source_timestamp":243250972868746,"circlet_count":0,"master_deck":["AscendersBane","Strike_B","Strike_B","Strike_B","Defend_B","Defend_B","Defend_B","Defend_B","Zap","Dualcast","Blizzard","Compile Driver","Consume+1","Storm","Coolheaded+1","Conserve Battery+1"],"relics":["Cracked Core","Toxic Egg 2","Turnip"],"potions_floor_usage":[7],"damage_taken":[{"damage":4,"enemies":"2 Louse","floor":1,"turns":2},{"damage":5,"enemies":"Small Slimes","floor":3,"turns":3},{"damage":6,"enemies":"Cultist","floor":4,"turns":3},{"damage":36,"enemies":"Gremlin Nob","floor":7,"turns":4},{"damage":16,"enemies":"Looter","floor":8,"turns":4},{"damage":7,"enemies":"2 Fungi Beasts","floor":10,"turns":3},{"damage":27,"enemies":"3 Sentries","floor":11,"turns":4}],"seed_played":"5296680307362425927","potions_obtained":[{"floor":3,"key":"SpeedPotion"},{"floor":4,"key":"Regen Potion"}],"is_trial":false,"path_per_floor":["M","?","M","M","?","R","E","M","T","M","E"],"character_chosen":"DEFECT","items_purchased":[],"campfire_rested":0,"item_purchase_floors":[],"current_hp_per_floor":[60,60,55,49,81,81,50,34,34,27,0],"gold":130,"neow_bonus":"ONE_RANDOM_RARE_CARD","is_prod":false,"is_daily":false,"chose_seed":false,"campfire_upgraded":1,"win_rate":0,"timestamp":1545537368,"path_taken":["M","?","M","M","?","R","E","M","T","?","E"],"build_version":"2018-12-20","purchased_purges":0,"victory":false,"max_hp_per_floor":[71,71,71,71,81,81,81,81,81,81,81],"card_choices":[{"not_picked":["Cold Snap","Undo"],"picked":"Blizzard","floor":1},{"not_picked":["Stack","Scrape"],"picked":"Compile Driver","floor":3},{"not_picked":["Skim","Gash"],"picked":"Consume","floor":4},{"not_picked":["Hello World","Tempest"],"picked":"Storm","floor":7},{"not_picked":["Tempest+1","Undo+1"],"picked":"Coolheaded+1","floor":8},{"not_picked":["Barrage","Beam Cell"],"picked":"Conserve Battery+1","floor":10}],"player_experience":1943489,"relics_obtained":[{"floor":7,"key":"Toxic Egg 2"},{"floor":9,"key":"Turnip"}],"event_choices":[{"cards_removed":["Strike_B"],"damage_healed":0,"gold_gain":0,"player_choice":"Card Removal","damage_taken":0,"max_hp_gain":0,"max_hp_loss":0,"event_name":"The Cleric","floor":2,"gold_loss":75},{"cards_removed":["Multi-Cast"],"damage_healed":22,"gold_gain":0,"player_choice":"Offered Rare","damage_taken":0,"max_hp_gain":10,"max_hp_loss":0,"event_name":"Bonfire Elementals","floor":5,"gold_loss":0}],"is_beta":false,"boss_relics":[],"items_purged_floors":[],"is_endless":false,"potions_floor_spawned":[3,4],"killed_by":"3 Sentries","ascension_level":18}