{"gold_per_floor":[114,131,131,150,167,196,196,225,249,267,267,2,30,48,48,124,124,134,4,21,32,49,49,49,16,16,35,35,35,35,85,85,161,211,222,242,50,50,50],"floor_reached":39,"playtime":1778,"items_purged":["Strike_B","Strike_B","Strike_B"],"score":762,"play_id":"4c8a1f65-15a2-4780-8f49-48d8acce47f1","local_time":"20190121182621","is_ascension_mode":true,"campfire_choices":[{"floor":7.0,"key":"REST"},{"floor":11,"key":"REST"},{"data":"Zap","floor":15,"key":"SMITH"},{"floor":23,"key":"REST"},{"floor":28,"key":"REST"},{"floor":30,"key":"RECALL"},{"data":"Defragment","floor":32,"key":"SMITH"}],"neow_cost":"NONE","seed_source_timestamp":121348795981515,"circlet_count":0,"master_deck":["AscendersBane","Strike_B","Defend_B","Defend_B","Defend_B","Defend_B","Zap+1","Dualcast+1","Cold Snap","Streamline","Leap","Go for the Eyes","Cold Snap","Compile Driver","Auto Shields","Streamline","Consume","Electrodynamics","Static Discharge","Self Repair","Conserve Battery","Steam","Conserve Battery","Defragment","Defragment+1","Beam Cell","Echo Form","Stack","Redo","Coolheaded","Self Repair","Blind","Writhe"],"special_seed":0,"relics":["Cracked Core","NeowsBlessing","Bottled Lightning","Turnip","The Courier","Smiling Mask","Lee\u0027s Waffle","Torii","Sozu","Bronze Scales","Tiny House"],"potions_floor_usage":[10,16,16],"damage_taken":[{"damage":0.0,"enemies":"Cultist","floor":1.0,"turns":1.0},{"damage":0.0,"enemies":"Jaw Worm","floor":2.0,"turns":1.0},{"damage":0.0,"enemies":"2 Louse","floor":4.0,"turns":1.0},{"damage":8.0,"enemies":"2 Fungi Beasts","floor":5.0,"turns":4.0},{"damage":36.0,"enemies":"Gremlin Nob","floor":6.0,"turns":4.0},{"damage":20,"enemies":"Lagavulin","floor":8,"turns":7},{"damage":11,"enemies":"Large Slime","floor":10,"turns":5},{"damage":18,"enemies":"3 Sentries","floor":13,"turns":8},{"damage":7,"enemies":"Looter","floor":14,"turns":3},{"damage":1,"enemies":"Hexaghost","floor":16,"turns":11},{"damage":10,"enemies":"Chosen","floor":18,"turns":5},{"damage":21,"enemies":"3 Byrds","floor":20,"turns":4},{"damage":17,"enemies":"3 Cultists","floor":21,"turns":4},{"damage":22,"enemies":"Cultist and Chosen","floor":22,"turns":5},{"damage":15,"enemies":"Colosseum Slavers","floor":24,"turns":4},{"damage":20,"enemies":"Centurion and Healer","floor":27,"turns":8},{"damage":41,"enemies":"Champ","floor":33,"turns":15},{"damage":22,"enemies":"3 Shapes","floor":35,"turns":6},{"damage":42,"enemies":"3 Darklings","floor":36,"turns":4},{"damage":29,"enemies":"Transient","floor":39,"turns":1}],"seed_played":"6783635362731845259","potions_obtained":[{"floor":1.0,"key":"Energy Potion"},{"floor":8,"key":"Energy Potion"},{"floor":10,"key":"FocusPotion"},{"floor":13,"key":"GamblersBrew"},{"floor":14,"key":"Regen Potion"}],"is_trial":false,"path_per_floor":["M","M","T","M","M","E","R","E","T","M","R","$","E","M","R","B",null,"M","$","M","M","M","R","?","$","T","M","R","?","R","?","R","B",null,"M","M","$","?","M"],"character_chosen":"DEFECT","items_purchased":["Lee\u0027s Waffle","Streamline","Self Repair","Conserve Battery","Defragment","Self Repair","Blind"],"campfire_rested":4,"item_purchase_floors":[12,12,19,19,25,37,37],"current_hp_per_floor":[64,64,64,64,56,20,41,21,21,10,31,78,60,53,53,67,75,65,65,51,41,26,49,41,41,41,28,51,51,51,51,51,17,68,53,11,11,28,0],"gold":50,"neow_bonus":"THREE_ENEMY_KILL","is_prod":false,"is_daily":false,"chose_seed":false,"campfire_upgraded":2,"win_rate":0,"timestamp":1548113181,"path_taken":["M","M","?","M","M","E","R","E","T","M","R","$","E","M","R","BOSS","M","$","M","M","M","R","?","$","T","M","R","?","R","?","R","BOSS","M","M","$","?","M"],"build_version":"2019-01-17v2","purchased_purges":3,"victory":false,"max_hp_per_floor":[71,71,71,71,71,71,71,71,71,71,71,78,78,78,78,78,78,78,78,78,78,78,78,78,78,78,78,78,78,78,78,78,78,83,83,83,83,83,83],"card_choices":[{"not_picked":["Sweeping Beam","Barrage"],"picked":"Cold Snap","floor":1.0},{"not_picked":["Reinforced Body","Go for the Eyes"],"picked":"Streamline","floor":2.0},{"not_picked":["Streamline","Stack"],"picked":"Leap","floor":4.0},{"not_picked":["Chaos","Recycle"],"picked":"Go for the Eyes","floor":5.0},{"not_picked":["Rebound","Gash"],"picked":"Cold Snap","floor":6.0},{"not_picked":["Hyperbeam","Genetic Algorithm"],"picked":"Compile Driver","floor":8},{"not_picked":["Chill","Leap"],"picked":"Auto Shields","floor":10},{"not_picked":["Loop","Scrape"],"picked":"Consume","floor":13},{"not_picked":["Gash","Compile Driver","Scrape"],"picked":"SKIP","floor":14},{"not_picked":["Multi-Cast","Meteor Strike"],"picked":"Electrodynamics","floor":16},{"not_picked":["Darkness","Compile Driver"],"picked":"Static Discharge","floor":18},{"not_picked":["Barrage","Redo+1"],"picked":"Steam","floor":20},{"not_picked":["Double Energy","Streamline"],"picked":"Conserve Battery","floor":21},{"not_picked":["Go for the Eyes","Hologram"],"picked":"Defragment","floor":22},{"not_picked":["Stack","Steam"],"picked":"Beam Cell","floor":27},{"not_picked":["Biased Cognition","Multi-Cast"],"picked":"Echo Form","floor":33},{"not_picked":["Darkness","Hello World"],"picked":"Stack","floor":34},{"not_picked":["Tempest","Turbo"],"picked":"Redo","floor":35},{"not_picked":["Gash+1","Steam"],"picked":"Coolheaded","floor":36}],"player_experience":2189022,"relics_obtained":[{"floor":3.0,"key":"Bottled Lightning"},{"floor":6.0,"key":"Turnip"},{"floor":8,"key":"The Courier"},{"floor":9,"key":"Smiling Mask"},{"floor":13,"key":"Torii"},{"floor":26,"key":"Bronze Scales"}],"event_choices":[{"damage_healed":0,"gold_gain":0,"player_choice":"Fight","damage_taken":0,"max_hp_gain":0,"max_hp_loss":0,"event_name":"Colosseum","floor":24,"gold_loss":0},{"damage_healed":0,"gold_gain":0,"player_choice":"Fled From Nobs","damage_taken":0,"max_hp_gain":0,"max_hp_loss":0,"event_name":"Colosseum","floor":24,"gold_loss":0},{"damage_healed":0,"gold_gain":50,"player_choice":"Stole From Cult","damage_taken":0,"max_hp_gain":0,"max_hp_loss":0,"event_name":"Nest","floor":31,"gold_loss":0},{"damage_healed":17,"gold_gain":0,"player_choice":"Writhe","damage_taken":0,"max_hp_gain":0,"max_hp_loss":0,"event_name":"Winding Halls","floor":38,"gold_loss":0,"cards_obtained":["Writhe"]}],"is_beta":false,"boss_relics":[{"not_picked":["Fusion Hammer","Ectoplasm"],"picked":"Sozu"},{"not_picked":["Philosopher\u0027s Stone","White Beast Statue"],"picked":"Tiny House"}],"items_purged_floors":[12,19,37],"is_endless":false,"potions_floor_spawned":[1,8,10,13,14,20,24,27,33,36],"killed_by":"Transient","ascension_level":18}