{"gold_per_floor":[109,109,109,134,157,157,157,25,105,15,15,15,40,59,59,187,187,212,230,37,37,37,37,60,76,149,149,149,149],"floor_reached":29,"playtime":1251,"items_purged":["Strike_B"],"score":277,"play_id":"8a73bae3-25d5-453a-b9b2-98916a3efa2d","local_time":"20180625165848","is_ascension_mode":true,"campfire_choices":[{"floor":6,"key":"REST"},{"floor":12,"key":"REST"},{"floor":15,"key":"REST"},{"floor":23,"key":"REST"},{"floor":28,"key":"REST"}],"neow_cost":"NONE","seed_source_timestamp":76175481785287,"circlet_count":0,"master_deck":["Strike_B","Strike_B+1","Defend_B","Defend_B","Defend_B","Defend_B+1","Zap+1","Dualcast","Defragment","Undo","Streamline","Defragment","Cold Snap","Defragment","Fission","Coolheaded","Rainbow","Glacier+1","Genetic Algorithm","Self Repair","Leap","Doom and Gloom"],"relics":["Cracked Core","Bloody Idol","Smiling Mask","Philosopher\u0027s Stone","Lantern","Meat on the Bone"],"potions_floor_usage":[14,16,29],"damage_taken":[{"damage":3,"enemies":"2 Louse","floor":1,"turns":2},{"damage":12,"enemies":"Small Slimes","floor":4,"turns":2},{"damage":4,"enemies":"Jaw Worm","floor":5,"turns":2},{"damage":13,"enemies":"Exordium Wildlife","floor":13,"turns":2},{"damage":22,"enemies":"Looter","floor":14,"turns":3},{"damage":47,"enemies":"Slime Boss","floor":16,"turns":12},{"damage":11,"enemies":"Spheric Guardian","floor":18,"turns":5},{"damage":18,"enemies":"Chosen","floor":19,"turns":6},{"damage":12,"enemies":"Centurion and Healer","floor":24,"turns":8},{"damage":23,"enemies":"Snake Plant","floor":25,"turns":6},{"damage":44,"enemies":"Book of Stabbing","floor":29,"turns":5}],"seed_played":"6321645144220770512","potions_obtained":[{"floor":4,"key":"FocusPotion"},{"floor":5,"key":"AttackPotion"},{"floor":14,"key":"SteroidPotion"},{"floor":16,"key":"GamblersBrew"},{"floor":25,"key":"Dexterity Potion"}],"is_trial":false,"path_per_floor":["M","?","?","M","M","R","?","$","T","$","$","R","M","M","R","B",null,"M","M","$","?","?","R","M","M","T","?","R"],"character_chosen":"DEFECT","items_purchased":["Defragment","Cold Snap","Defragment","Lantern","Self Repair"],"campfire_rested":5,"item_purchase_floors":[8,8,10,20,20],"current_hp_per_floor":[65,50,50,38,34,54,47,47,47,47,47,67,54,32,52,5,53,42,24,24,24,24,44,39,23,23,23,43,0],"gold":149,"neow_bonus":"UPGRADE_CARD","is_prod":false,"is_daily":false,"chose_seed":false,"campfire_upgraded":0,"win_rate":0,"timestamp":1529960328,"path_taken":["M","?","?","M","M","R","?","$","T","?","$","R","M","M","R","BOSS","M","M","$","?","?","R","M","M","T","?","R","E"],"build_version":"2018-06-21v2","purchased_purges":1,"victory":false,"max_hp_per_floor":[75,75,69,69,69,69,69,69,69,69,69,69,69,69,69,69,69,69,69,69,69,69,69,69,69,69,69,69,69],"card_choices":[{"not_picked":["Steam","Cold Snap"],"picked":"Defragment","floor":1},{"not_picked":["Skim","Recycle"],"picked":"Undo","floor":4},{"not_picked":["Sweeping Beam","Beam Cell"],"picked":"Streamline","floor":5},{"not_picked":["Cold Snap","Melter"],"picked":"Fission","floor":13},{"not_picked":["Stack","Hello World"],"picked":"Coolheaded","floor":14},{"not_picked":["Biased Cognition","Fission"],"picked":"Rainbow","floor":16},{"not_picked":["Sweeping Beam","Turbo+1"],"picked":"Glacier+1","floor":18},{"not_picked":["FTL","Hello World"],"picked":"Genetic Algorithm","floor":19},{"not_picked":["Rebound","Turbo"],"picked":"Leap","floor":24},{"not_picked":["Auto Shields","Hologram+1"],"picked":"Doom and Gloom","floor":25}],"player_experience":757887,"relics_obtained":[{"floor":9,"key":"Smiling Mask"},{"floor":26,"key":"Meat on the Bone"}],"event_choices":[{"event_name":"Shining Light","player_choice":"Entered Light","floor":2,"damage_taken":0},{"event_name":"Golden Idol","player_choice":"Lose Max HP","floor":3,"damage_taken":0},{"event_name":"Golden Wing","player_choice":"Card Removal","floor":7,"damage_taken":0},{"event_name":"Beggar","player_choice":"Ignored","floor":21,"damage_taken":0},{"event_name":"Vampires","player_choice":"Ignored","floor":22,"damage_taken":0},{"event_name":"Forgotten Altar","player_choice":"Gave Idol","floor":27,"damage_taken":0}],"boss_relics":[{"not_picked":["Busted Crown","White Beast Statue"],"picked":"Philosopher\u0027s Stone"}],"items_purged_floors":[10],"is_endless":false,"potions_floor_spawned":[4,5,14,16,25],"killed_by":"Book of Stabbing","ascension_level":6}