{"path_per_floor":["M","?","?","M","M","R","E","M","T","M","$","E","R","M","R","B",null,"M","?","M","$","M","R","?","E","T","M","M","R","M","M","R","B",null,"M","?","M","$"],"character_chosen":"THE_SILENT","items_purchased":["Ninja Scroll","Happy Flower","Leg Sweep","Flying Knee","Footwork","Regal Pillow"],"gold_per_floor":[410,410,410,428,445,445,478,495,495,513,26,54,54,71,71,172,172,192,192,208,55,68,68,68,93,93,112,129,129,144,162,162,257,257,275,275,292,40,40],"floor_reached":39,"campfire_rested":3,"playtime":2858,"current_hp_per_floor":[70,70,63,63,61,61,68,63,63,52,52,36,36,36,60,60,80,80,80,71,71,65,65,49,40,40,35,23,47,47,47,71,51,80,80,70,35,35,0],"items_purged":["Strike_G","Catalyst"],"gold":40,"score":464,"play_id":"0df9b8a7-e737-4ec2-b9a1-cf56db4eb81d","local_time":"20180514132255","is_prod":false,"is_daily":false,"chose_seed":false,"is_ascension_mode":false,"campfire_upgraded":3,"timestamp":1526296975,"path_taken":["M","?","?","M","M","R","E","M","T","?","$","E","R","M","R","BOSS","M","?","M","$","?","R","?","E","T","M","M","R","M","?","R","BOSS","M","?","M","$","?"],"build_version":"2018-05-10","seed_source_timestamp":1315216283088,"purchased_purges":2,"victory":false,"master_deck":["Defend_G","Defend_G","Defend_G","Strike_G","Strike_G","Strike_G","Survivor","Neutralize","Flying Knee","Flying Knee","Infinite Blades+1","Malaise","Blade Dance+1","Heel Hook","Leg Sweep","Flying Knee","Finisher","Infinite Blades","Backstab+1","Crippling Poison+1","Infinite Blades+1","Slice+1","Footwork","Slice","Backflip+1","After Image","Footwork","Madness","Madness"],"max_hp_per_floor":[70,70,70,70,70,70,80,80,80,80,80,80,80,80,80,80,80,80,80,80,80,80,80,80,80,80,80,80,80,80,80,80,80,80,80,80,80,80,80],"relics":["Ring of the Snake","Old Coin","Spirit Poop","Ancient Tea Set","Pear","Snake Skull","Ninja Scroll","Happy Flower","Shuriken","Astrolabe","Enchiridion","Sundial","Toolbox","Runic Dome","Regal Pillow"],"card_choices":[{"not_picked":["PiercingWail","Malaise"],"picked":"Flying Knee","floor":1.0},{"not_picked":["Predator","Deadly Poison"],"picked":"Flying Knee","floor":4.0},{"not_picked":["Dagger Spray","Choke"],"picked":"Infinite Blades","floor":5.0},{"not_picked":["Catalyst","PiercingWail"],"picked":"Malaise","floor":7.0},{"not_picked":["Quick Slash","Dagger Throw"],"picked":"Blade Dance","floor":8.0},{"not_picked":["Predator","Eviscerate"],"picked":"Heel Hook","floor":10.0},{"not_picked":["Blur","Escape Plan"],"picked":"Finisher","floor":12.0},{"not_picked":["Dagger Spray","Caltrops"],"picked":"Infinite Blades","floor":14.0},{"not_picked":["Acrobatics","Underhanded Strike"],"picked":"Infinite Blades","floor":18.0},{"not_picked":["Poisoned Stab","Deadly Poison"],"picked":"Slice","floor":20.0},{"not_picked":["Deflect","Dagger Throw"],"picked":"Slice","floor":22.0},{"not_picked":["Catalyst","Terror"],"picked":"Backflip","floor":28},{"not_picked":["Burst","Venomology"],"picked":"After Image","floor":33},{"not_picked":["Sucker Punch","Skewer"],"picked":"Footwork","floor":35}],"player_experience":49649,"potions_floor_usage":[30,33,39,39],"damage_taken":[{"damage":0.0,"enemies":"Cultist","floor":1.0,"turns":4.0},{"damage":0.0,"enemies":"2 Louse","floor":4.0,"turns":4.0},{"damage":2.0,"enemies":"Jaw Worm","floor":5.0,"turns":4.0},{"damage":3.0,"enemies":"3 Sentries","floor":7.0,"turns":8.0},{"damage":5.0,"enemies":"2 Fungi Beasts","floor":8.0,"turns":3.0},{"damage":11.0,"enemies":"Lots of Slimes","floor":10.0,"turns":4.0},{"damage":16.0,"enemies":"Lagavulin","floor":12.0,"turns":7.0},{"damage":0.0,"enemies":"Exordium Thugs","floor":14.0,"turns":2.0},{"damage":0.0,"enemies":"Slime Boss","floor":16.0,"turns":4.0},{"damage":0.0,"enemies":"Shell Parasite","floor":18.0,"turns":3.0},{"damage":9.0,"enemies":"2 Thieves","floor":20.0,"turns":3.0},{"damage":6.0,"enemies":"Chosen and Byrds","floor":22.0,"turns":3.0},{"damage":9,"enemies":"Gremlin Leader","floor":25,"turns":3},{"damage":5,"enemies":"Snecko","floor":27,"turns":3},{"damage":12,"enemies":"Centurion and Healer","floor":28,"turns":3},{"damage":9,"enemies":"Snake Plant","floor":30,"turns":3},{"damage":0,"enemies":"Snecko","floor":31,"turns":3},{"damage":20,"enemies":"Automaton","floor":33,"turns":6},{"damage":0,"enemies":"Orb Walker","floor":35,"turns":2},{"damage":35,"enemies":"3 Darklings","floor":37,"turns":4},{"damage":38,"enemies":"4 Shapes","floor":39,"turns":3}],"event_choices":[{"event_name":"Bonfire Elementals","player_choice":"CURSE","floor":2.0,"damage_taken":0.0},{"event_name":"Scrap Ooze","player_choice":"success","floor":3.0,"damage_taken":7.0},{"event_name":"Ghosts","player_choice":"Ignored","floor":19.0,"damage_taken":0.0},{"event_name":"Cursed Tome","player_choice":"Obtained Book","floor":24,"damage_taken":0},{"event_name":"Winding Halls","player_choice":"Embrace Madness","floor":36,"damage_taken":0}],"boss_relics":[{"not_picked":["Calling Bell","Lizard Tail"],"picked":"Runic Dome"}],"potions_floor_spawned":[1,7,14,16,22,25,28,33,35],"seed_played":"-9167975462815728397","killed_by":"4 Shapes","ascension_level":0,"is_trial":false}