{"path_per_floor":["M","?","M","$","?","M","?","M","T","M","M","R","?","M","R","B",null,"M","M","?","?","?","R","M","R","T","?","M","$"],"character_chosen":"DEFECT","items_purchased":["Darkness","Coolheaded"],"gold_per_floor":[119,119,131,16,16,29,29,49,49,66,76,76,104,117,117,217,217,228,238,238,238,238,238,249,249,249,249,260,133,133],"floor_reached":30,"campfire_rested":3,"playtime":1596,"item_purchase_floors":[4,29],"current_hp_per_floor":[81,81,79,79,79,73,57,42,42,41,30,54,50,50,74,21,82,72,50,50,42,42,42,42,66,66,66,36,36,0],"items_purged":["Strike_B","Injury"],"gold":133,"score":255,"play_id":"cc90a706-12a9-4be6-a67a-37ee840a6e9c","local_time":"20180614200348","is_prod":false,"is_daily":false,"chose_seed":false,"is_ascension_mode":true,"campfire_upgraded":1,"win_rate":0,"timestamp":1529021028,"campfire_choices":[{"floor":12,"key":"REST"},{"floor":15,"key":"REST"},{"data":"Echo Form","floor":23,"key":"SMITH"},{"floor":25,"key":"REST"}],"path_taken":["M","?","M","$","?","M","?","M","T","?","M","R","?","M","R","BOSS","M","M","?","?","?","R","M","R","T","?","M","$","?"],"build_version":"2018-06-07v3","seed_source_timestamp":58772733755940,"purchased_purges":2,"victory":false,"master_deck":["Strike_B+1","Strike_B+1","Defend_B","Defend_B","Defend_B","Defend_B","Zap","Dualcast","Streamline","Cold Snap","Darkness","Sweeping Beam","Consume","Electrodynamics","Loop+1","Coolheaded","Thunder Strike","Redo","BootSequence+1","Echo Form+1","FTL","Coolheaded"],"max_hp_per_floor":[82,82,82,82,82,82,82,82,82,82,82,82,82,82,82,82,82,82,82,82,82,82,82,82,82,82,82,82,82,82],"relics":["Cracked Core","Strawberry","Emotion Chip","Odd Mushroom","Inserter","Regal Pillow"],"card_choices":[{"not_picked":["Stack","Beam Cell"],"picked":"Streamline","floor":1},{"not_picked":["Conserve Battery","Rebound"],"picked":"Cold Snap","floor":3},{"not_picked":["Steam","Turbo"],"picked":"Sweeping Beam","floor":6},{"not_picked":["Gash","Fusion"],"picked":"Consume","floor":8},{"not_picked":["Hello World","Beam Cell"],"picked":"Electrodynamics","floor":10},{"not_picked":["Chill","Sweeping Beam"],"picked":"Loop","floor":11},{"not_picked":["Conserve Battery","Reboot"],"picked":"Coolheaded","floor":14},{"not_picked":["Creative AI","All For One"],"picked":"Thunder Strike","floor":16},{"not_picked":["Coolheaded","Go for the Eyes"],"picked":"Redo","floor":18},{"not_picked":["Stack","Go for the Eyes+1"],"picked":"BootSequence+1","floor":19},{"not_picked":["Streamline","Consume","Compile Driver+1"],"picked":"SKIP","floor":24},{"not_picked":["Turbo","Rebound","Sweeping Beam"],"picked":"SKIP","floor":28}],"player_experience":544195,"potions_floor_usage":[3,8,13,16,16,16,24,30],"damage_taken":[{"damage":1,"enemies":"Cultist","floor":1,"turns":3},{"damage":2,"enemies":"Jaw Worm","floor":3,"turns":2},{"damage":6,"enemies":"Small Slimes","floor":6,"turns":2},{"damage":20,"enemies":"Looter","floor":8,"turns":3},{"damage":1,"enemies":"Large Slime","floor":10,"turns":5},{"damage":11,"enemies":"Blue Slaver","floor":11,"turns":3},{"damage":4,"floor":13,"turns":3},{"damage":0,"enemies":"3 Louse","floor":14,"turns":2},{"damage":68,"enemies":"Hexaghost","floor":16,"turns":10},{"damage":10,"enemies":"Chosen","floor":18,"turns":5},{"damage":22,"enemies":"2 Thieves","floor":19,"turns":2},{"damage":0,"enemies":"Snecko","floor":24,"turns":5},{"damage":30,"enemies":"Snake Plant","floor":28,"turns":4},{"damage":47,"enemies":"Chosen and Byrds","floor":30,"turns":5}],"relics_obtained":[{"floor":9,"key":"Emotion Chip"},{"floor":13,"key":"Odd Mushroom"},{"floor":26,"key":"Regal Pillow"}],"event_choices":[{"event_name":"The Lab","player_choice":"Got Potions","floor":2,"damage_taken":0},{"event_name":"Liars Game","player_choice":"disagreed","floor":5,"damage_taken":0},{"event_name":"Shining Light","player_choice":"Entered Light","floor":7,"damage_taken":0},{"event_name":"Mushrooms","player_choice":"Fought Mushrooms","floor":13,"damage_taken":0},{"event_name":"The Library","player_choice":"Read","floor":20,"damage_taken":0},{"event_name":"Knowing Skull","player_choice":"","floor":21,"damage_taken":0},{"event_name":"Transmorgrifier","player_choice":"Transform","floor":22,"damage_taken":0},{"event_name":"Accursed Blacksmith","player_choice":"Forge","floor":27,"damage_taken":0}],"boss_relics":[{"not_picked":["Pandora\u0027s Box","Busted Crown"],"picked":"Inserter"}],"items_purged_floors":[4,29],"potions_floor_spawned":[10,13,14,18,28],"seed_played":"-7153281083199502667","killed_by":"Chosen and Byrds","ascension_level":3,"potions_obtained":[{"floor":2,"key":"Regen Potion"},{"floor":2,"key":"FearPotion"},{"floor":2,"key":"AttackPotion"},{"floor":10,"key":"Block Potion"},{"floor":13,"key":"Energy Potion"},{"floor":14,"key":"Regen Potion"},{"floor":18,"key":"SkillPotion"},{"floor":28,"key":"Energy Potion"}],"is_trial":false}