{"gold_per_floor":[20,20,20,35,35,68,68,81,136,36,60,60,60,78,78,197,197,220,245,266,310,335,335,360,436,463,463,463,463,479,492,492,621,621,636,858,884,884,897,897,912,931,955,955,969,969,982,240,240,240],"floor_reached":51,"playtime":2746,"items_purged":["Strike_R","Strike_R"],"score":856,"play_id":"eeac3e55-565e-4d46-8420-bfc62eac8cc4","local_time":"20180715200108","is_ascension_mode":true,"campfire_choices":[{"data":"Shockwave","floor":13.0,"key":"SMITH"},{"data":"Thunderclap","floor":15.0,"key":"SMITH"},{"floor":23.0,"key":"REST"},{"floor":27.0,"key":"REST"},{"data":"Whirlwind","floor":29.0,"key":"SMITH"},{"data":"Demon Form","floor":32.0,"key":"SMITH"},{"data":"Impervious","floor":40.0,"key":"SMITH"},{"floor":44.0,"key":"REST"},{"floor":46.0,"key":"REST"},{"floor":49.0,"key":"REST"}],"neow_cost":"NO_GOLD","seed_source_timestamp":160673851887316,"circlet_count":0,"master_deck":["Strike_R","Defend_R","Defend_R","Defend_R","Bash","Pommel Strike","Cleave","Clothesline","Battle Trance+1","Thunderclap+1","Shockwave+1","Flex","Demon Form+1","Shrug It Off","Shrug It Off","Whirlwind+1","Flex+1","Clash+1","Impervious+1","Shrug It Off+1","Warcry+1","Flame Barrier","Inflame+1","Immolate"],"special_seed":0,"relics":["Black Blood","Golden Idol","Orichalcum","Vajra","Velvet Choker","Red Mask","Meat on the Bone","War Paint","Blood Vial","Boot","Happy Flower","Strawberry","Medical Kit"],"potions_floor_usage":[50,50,50],"damage_taken":[{"damage":7.0,"enemies":"2 Louse","floor":1.0,"turns":3.0},{"damage":2.0,"enemies":"Jaw Worm","floor":4.0,"turns":3.0},{"damage":34.0,"enemies":"3 Sentries","floor":6.0,"turns":7.0},{"damage":0.0,"enemies":"Cultist","floor":8.0,"turns":3.0},{"damage":14.0,"enemies":"Exordium Thugs","floor":11.0,"turns":3.0},{"damage":0.0,"enemies":"Lots of Slimes","floor":14.0,"turns":1.0},{"damage":37.0,"enemies":"The Guardian","floor":16.0,"turns":13.0},{"damage":33.0,"enemies":"2 Thieves","floor":18.0,"turns":4.0},{"damage":4.0,"enemies":"Chosen","floor":19.0,"turns":3.0},{"damage":23.0,"enemies":"Snake Plant","floor":20.0,"turns":5.0},{"damage":15.0,"floor":21.0,"turns":4.0},{"damage":0.0,"enemies":"3 Cultists","floor":22.0,"turns":3.0},{"damage":13.0,"enemies":"Centurion and Healer","floor":24.0,"turns":4.0},{"damage":8.0,"enemies":"Chosen and Byrds","floor":30.0,"turns":4.0},{"damage":3.0,"enemies":"Sentry and Sphere","floor":31.0,"turns":3.0},{"damage":65.0,"enemies":"Collector","floor":33.0,"turns":7.0},{"damage":33.0,"enemies":"3 Darklings","floor":35.0,"turns":4.0},{"damage":11.0,"enemies":"Flame Bruiser 1 Orb","floor":39.0,"turns":3.0},{"damage":32.0,"enemies":"Sphere and 2 Shapes","floor":41.0,"turns":5.0},{"damage":40.0,"enemies":"Transient","floor":42.0,"turns":5.0},{"damage":15.0,"enemies":"4 Shapes","floor":45.0,"turns":4.0},{"damage":28.0,"enemies":"3 Darklings","floor":47.0,"turns":5.0},{"damage":95,"enemies":"Awakened One","floor":50,"turns":13}],"seed_played":"-5945232553964563421","potions_obtained":[{"floor":1.0,"key":"Block Potion"},{"floor":11.0,"key":"Block Potion"},{"floor":14.0,"key":"Ancient Potion"},{"floor":20.0,"key":"EssenceOfSteel"},{"floor":22.0,"key":"SpeedPotion"},{"floor":30.0,"key":"Strength Potion"},{"floor":31.0,"key":"Poison Potion"},{"floor":33.0,"key":"AttackPotion"},{"floor":35.0,"key":"Weak Potion"},{"floor":39.0,"key":"LiquidBronze"},{"floor":42.0,"key":"Explosive Potion"},{"floor":45.0,"key":"Regen Potion"}],"is_trial":false,"path_per_floor":["M","?","$","M","?","E","?","M","T","$","M","?","R","M","R","B",null,"M","M","M","?","M","R","M","T","T","R","?","R","M","M","R","B",null,"M","?","T","?","M","R","M","M","T","R","M","R","M","$","R","B"],"character_chosen":"IRONCLAD","items_purchased":["Thunderclap","Happy Flower","Strawberry","Immolate","Medical Kit","BloodPotion"],"campfire_rested":5,"item_purchase_floors":[10,48,48,48,48,48],"current_hp_per_floor":[71,71,71,75,75,47,47,53,53,53,45,71,71,77,77,46,72,45,47,30,21,27,51,44,44,44,68,80,80,78,80,80,33,68,57,57,57,57,58,58,50,34,34,58,55,79,62,69,87,37],"gold":240,"neow_bonus":"REMOVE_TWO","is_prod":false,"is_daily":false,"chose_seed":false,"campfire_upgraded":5,"win_rate":0,"timestamp":1531699268,"path_taken":["M","?","?","?","?","E","?","M","T","$","M","?","R","M","R","BOSS","M","?","?","?","M","R","M","?","T","R","?","R","M","?","R","BOSS","M","?","?","?","M","R","M","M","T","R","?","R","M","$","R","BOSS"],"build_version":"2018-07-12","purchased_purges":2,"victory":true,"max_hp_per_floor":[80,80,80,80,80,80,80,80,80,80,80,80,80,80,80,80,80,80,80,80,80,80,80,80,80,80,80,80,80,80,80,80,80,80,80,80,80,80,80,80,80,80,80,80,80,80,80,87,87,87],"card_choices":[{"not_picked":["Headbutt","Flex"],"picked":"Pommel Strike","floor":1.0},{"not_picked":["Reckless Charge","Sword Boomerang"],"picked":"Cleave","floor":4.0},{"not_picked":["Evolve","Dropkick"],"picked":"Clothesline","floor":6.0},{"not_picked":["Twin Strike","Hemokinesis"],"picked":"Battle Trance","floor":8.0},{"not_picked":["Fire Breathing","Anger"],"picked":"Shockwave","floor":11.0},{"not_picked":["Flame Barrier","Perfected Strike"],"picked":"Flex","floor":14.0},{"not_picked":["Juggernaut","Double Tap"],"picked":"Demon Form","floor":16.0},{"not_picked":["Twin Strike","Sword Boomerang"],"picked":"Shrug It Off","floor":18.0},{"not_picked":["Heavy Blade","Perfected Strike"],"picked":"Shrug It Off","floor":19.0},{"not_picked":["Iron Wave","Sword Boomerang","Corruption"],"picked":"SKIP","floor":20.0},{"not_picked":["Sever Soul","Clothesline"],"picked":"Whirlwind","floor":21.0},{"not_picked":["Feel No Pain","Burning Pact"],"picked":"Infernal Blade+1","floor":22.0},{"not_picked":["Juggernaut","Clothesline"],"picked":"Flex","floor":24.0},{"not_picked":["Anger+1","True Grit+1"],"picked":"Clash+1","floor":30.0},{"not_picked":["Sword Boomerang","Anger","Twin Strike"],"picked":"SKIP","floor":31.0},{"not_picked":["Brutality","Reaper"],"picked":"Impervious","floor":33.0},{"not_picked":["Pommel Strike+1","Shockwave+1"],"picked":"Shrug It Off+1","floor":35.0},{"not_picked":["True Grit","Clothesline"],"picked":"Warcry+1","floor":39.0},{"not_picked":["Uppercut+1","True Grit+1"],"picked":"Flame Barrier","floor":41.0},{"not_picked":["Shrug It Off","Cleave","Headbutt+1"],"picked":"SKIP","floor":42.0},{"not_picked":["Rupture+1","Body Slam+1"],"picked":"Inflame+1","floor":45.0},{"not_picked":["Clothesline+1","Wild Strike+1","Feel No Pain+1"],"picked":"SKIP","floor":47.0}],"player_experience":1130348,"relics_obtained":[{"floor":6.0,"key":"Orichalcum"},{"floor":9.0,"key":"Vajra"},{"floor":21.0,"key":"Red Mask"},{"floor":25.0,"key":"Meat on the Bone"},{"floor":26.0,"key":"War Paint"},{"floor":37.0,"key":"Blood Vial"},{"floor":43.0,"key":"Boot"}],"event_choices":[{"event_name":"Golden Idol","player_choice":"Take Wound","floor":2.0,"damage_taken":0.0},{"event_name":"Living Wall","player_choice":"Forget","floor":5.0,"damage_taken":0.0},{"event_name":"The Woman in Blue","player_choice":"Bought 0 Potions","floor":7.0,"damage_taken":0.0},{"event_name":"Big Fish","player_choice":"Banana","floor":12.0,"damage_taken":0.0},{"event_name":"Masked Bandits","player_choice":"Fought over 266 gold","floor":21.0,"damage_taken":0.0},{"event_name":"Bonfire Elementals","player_choice":"UNCOMMON","floor":28.0,"damage_taken":0.0},{"event_name":"Tomb of Lord Red Mask","player_choice":"Wore Mask","floor":36.0,"damage_taken":0.0},{"event_name":"Falling","player_choice":"Removed Attack","floor":38.0,"damage_taken":0.0}],"boss_relics":[{"not_picked":["Astrolabe","Black Star"],"picked":"Velvet Choker"},{"not_picked":["Tiny House","Coffee Dripper"],"picked":"Black Blood"}],"items_purged_floors":[10,48],"is_endless":false,"potions_floor_spawned":[1,11,14,20,22,30,31,33,35,39,42,45],"ascension_level":6}