{"path_per_floor":["M","?","$","M","?","E","R","E","T","E","M","M","$","M","R","B",null,"M","?","M","?","M","E","$","R","T","M","M","$","R","M","R","B",null,"M","M","$","M","M","R","M","T","T","M","R","E","M","?","R","B"],"character_chosen":"THE_SILENT","items_purchased":["Infinite Blades","Apotheosis","Lantern","Blur","Infinite Blades"],"gold_per_floor":[111,111,30,46,46,86,86,156,224,268,293,306,28,46,46,169,169,194,238,256,256,270,313,60,60,60,79,98,27,27,51,51,171,171,190,209,48,72,96,96,115,196,196,212,212,252,273,495,495,495],"floor_reached":51,"campfire_rested":4,"playtime":5073,"current_hp_per_floor":[70,53,53,52,52,32,53,30,30,26,26,22,22,19,40,12,70,68,65,65,65,65,70,70,70,70,70,62,62,62,62,62,62,70,70,70,70,70,63,63,33,33,33,30,51,50,39,39,60,21],"items_purged":["Strike_G","Strike_G","Strike_G"],"gold":495,"score":846,"play_id":"4086f069-0d64-4e5f-9520-1bb913df6ebd","local_time":"20180516123722","is_prod":false,"is_daily":false,"chose_seed":false,"is_ascension_mode":false,"campfire_upgraded":2,"timestamp":1526467042,"path_taken":["M","?","$","?","?","E","R","E","T","E","M","?","$","M","R","BOSS","M","?","M","?","M","E","$","R","T","M","?","$","R","M","R","BOSS","M","M","?","M","M","R","M","?","T","M","R","E","M","?","R","BOSS"],"build_version":"2018-05-10","seed_source_timestamp":0,"purchased_purges":3,"victory":true,"master_deck":["Defend_G","Defend_G","Defend_G","Defend_G","Defend_G","Strike_G","Strike_G","Survivor","Neutralize","Sucker Punch","Infinite Blades+1","Blade Dance","Sucker Punch","Malaise","Choke","Apotheosis+1","Escape Plan","Sucker Punch","After Image+1","Backstab+1","Expertise","Outmaneuver","Escape Plan","Slice","Blur","Outmaneuver","Blur","Terror+1","Adrenaline","Flying Knee","Escape Plan","Footwork","Dodge and Roll","Sucker Punch+1","Outmaneuver+1","Infinite Blades","Flying Knee+1","Flying Knee+1","Backflip+1","Decay","Slice","Escape Plan+1","Dodge and Roll","Footwork","Deflect+1"],"max_hp_per_floor":[70,70,70,70,70,70,70,70,70,70,70,70,70,70,70,70,70,70,70,70,70,70,70,70,70,70,70,70,70,70,70,70,70,70,70,70,70,70,70,70,70,70,70,70,70,70,70,70,70,70],"relics":["Ring of the Snake","Bronze Scales","Golden Idol","Orichalcum","Tiny Chest","Bottled Tornado","Dream Catcher","Cursed Key","Red Mask","Toolbox","Omamori","Lantern","Shovel","Juzu Bracelet","Orrery","Oddly Smooth Stone","Mummified Hand","Smiling Mask","Girya"],"card_choices":[{"not_picked":["Expertise","PiercingWail"],"picked":"Sucker Punch","floor":1.0},{"not_picked":["Dodge and Roll","Choke"],"picked":"Blade Dance","floor":8.0},{"not_picked":["Riddle With Holes","Deflect"],"picked":"Sucker Punch","floor":10.0},{"not_picked":["Dagger Throw","PiercingWail"],"picked":"Malaise","floor":11.0},{"not_picked":["Unload","Flechettes"],"picked":"Choke","floor":12.0},{"not_picked":["Deflect","Acrobatics"],"picked":"Escape Plan","floor":14.0},{"not_picked":["Bane","Dodge and Roll"],"picked":"Sucker Punch","floor":15.0},{"not_picked":["Night Terror","A Thousand Cuts"],"picked":"After Image","floor":16.0},{"not_picked":["Sucker Punch","Acrobatics"],"picked":"Backstab","floor":18.0},{"not_picked":["Underhanded Strike","Slice"],"picked":"Expertise","floor":19.0},{"not_picked":["Acrobatics","Well Laid Plans"],"picked":"Outmaneuver","floor":20.0},{"not_picked":["Dagger Spray","Poisoned Stab"],"picked":"Escape Plan","floor":22.0},{"not_picked":["Flechettes","Outmaneuver"],"picked":"Slice","floor":23.0},{"not_picked":["Crippling Poison","Quick Slash"],"picked":"Blur","floor":27.0},{"not_picked":["PiercingWail","Underhanded Strike"],"picked":"Outmaneuver","floor":28.0},{"not_picked":["Heel Hook","Prepared"],"picked":"Terror","floor":31.0},{"not_picked":["Burst","Unload"],"picked":"Adrenaline","floor":33.0},{"not_picked":["Riddle With Holes","Deadly Poison"],"picked":"Flying Knee","floor":34.0},{"not_picked":["Distraction","Sucker Punch"],"picked":"Escape Plan","floor":34.0},{"not_picked":["Calculated Gamble","Dagger Spray"],"picked":"Footwork","floor":34.0},{"not_picked":["Masterful Stab","Poisoned Stab"],"picked":"Dodge and Roll","floor":34.0},{"not_picked":["Tactician","Underhanded Strike"],"picked":"Sucker Punch","floor":35.0},{"not_picked":["Flechettes","Leg Sweep"],"picked":"Outmaneuver","floor":36.0},{"not_picked":["All Out Attack","Well Laid Plans"],"picked":"Flying Knee","floor":38.0},{"not_picked":["Riddle With Holes","Crippling Poison"],"picked":"Flying Knee","floor":39.0},{"not_picked":["Poisoned Stab","Eviscerate"],"picked":"Backflip","floor":41.0},{"not_picked":["Die Die Die","Calculated Gamble"],"picked":"Slice","floor":44.0},{"not_picked":["Skewer","Crippling Poison"],"picked":"Escape Plan","floor":45.0},{"not_picked":["PiercingWail","Skewer"],"picked":"Dodge and Roll","floor":46},{"not_picked":["All Out Attack","Slice"],"picked":"Footwork","floor":47},{"not_picked":["Quick Slash","Flying Knee"],"picked":"Deflect","floor":49}],"player_experience":77761,"potions_floor_usage":[46,50,50],"damage_taken":[{"damage":0.0,"enemies":"Jaw Worm","floor":1.0,"turns":3.0},{"damage":1.0,"enemies":"2 Louse","floor":4.0,"turns":3.0},{"damage":20.0,"enemies":"Gremlin Nob","floor":6.0,"turns":4.0},{"damage":23.0,"enemies":"Lagavulin","floor":8.0,"turns":8.0},{"damage":4.0,"enemies":"3 Sentries","floor":10.0,"turns":6.0},{"damage":0.0,"enemies":"Cultist","floor":11.0,"turns":3.0},{"damage":4.0,"enemies":"Lots of Slimes","floor":12.0,"turns":4.0},{"damage":3.0,"enemies":"2 Fungi Beasts","floor":14.0,"turns":3.0},{"damage":28.0,"enemies":"The Guardian","floor":16.0,"turns":9.0},{"damage":2.0,"enemies":"Shell Parasite","floor":18.0,"turns":5.0},{"damage":3.0,"enemies":"Masked Bandits","floor":19.0,"turns":5.0},{"damage":0.0,"enemies":"3 Byrds","floor":20.0,"turns":3.0},{"damage":0.0,"enemies":"3 Cultists","floor":22.0,"turns":4.0},{"damage":0.0,"enemies":"Book of Stabbing","floor":23.0,"turns":4.0},{"damage":0.0,"enemies":"Centurion and Healer","floor":27.0,"turns":5.0},{"damage":8.0,"enemies":"Sentry and Sphere","floor":28.0,"turns":5.0},{"damage":0.0,"enemies":"Chosen and Byrds","floor":31.0,"turns":6.0},{"damage":0.0,"enemies":"Collector","floor":33.0,"turns":11.0},{"damage":0.0,"enemies":"3 Shapes","floor":35.0,"turns":3.0},{"damage":0.0,"enemies":"Orb Walker","floor":36.0,"turns":4.0},{"damage":0.0,"enemies":"Maw","floor":38.0,"turns":8.0},{"damage":7.0,"enemies":"3 Darklings","floor":39.0,"turns":7.0},{"damage":30.0,"enemies":"Sphere and 2 Shapes","floor":41.0,"turns":6.0},{"damage":3.0,"enemies":"4 Shapes","floor":44.0,"turns":7.0},{"damage":16,"enemies":"2 Orb Walkers","floor":46,"turns":7},{"damage":11,"enemies":"3 Darklings","floor":47,"turns":7},{"damage":49,"enemies":"Donu and Deca","floor":50,"turns":16}],"event_choices":[{"event_name":"Golden Idol","player_choice":"Take Damage","floor":2.0,"damage_taken":0.0},{"event_name":"Accursed Blacksmith","player_choice":"Forge","floor":5.0,"damage_taken":0.0},{"event_name":"Masked Bandits","player_choice":"Fought over 194 gold","floor":19.0,"damage_taken":0.0},{"event_name":"The Mausoleum","player_choice":"Yes","floor":21.0,"damage_taken":0.0},{"event_name":"Tomb of Lord Red Mask","player_choice":"Wore Mask","floor":48,"damage_taken":0}],"boss_relics":[],"potions_floor_spawned":[4,6,10,16,19,20,31,35,38,39,41],"seed_played":"5481820154126651465","ascension_level":0,"is_trial":false}