{"gold_per_floor":[16,16,16,30,30,69,82,7,7,7,7,26,26,26,26,157,157,170,170,195,68,92,135,135,169,169,190,190,190,76,76,76,196,196,211,111,111,111,130,171,185,185,185,185,185,204,243,266,266,266],"floor_reached":51,"playtime":5308,"items_purged":["Strike_B","Regret"],"score":864,"play_id":"65011957-df38-4a89-b698-18fd52980639","local_time":"20190213111804","is_ascension_mode":true,"campfire_choices":[{"data":"Loop","floor":11.0,"key":"SMITH"},{"data":"Electrodynamics","floor":13.0,"key":"SMITH"},{"data":"Go for the Eyes","floor":15.0,"key":"SMITH"},{"data":"Fission","floor":24.0,"key":"SMITH"},{"data":"Fission","floor":29.0,"key":"SMITH"},{"floor":32.0,"key":"REST"},{"data":"Creative AI","floor":42.0,"key":"SMITH"},{"data":"Storm","floor":44.0,"key":"SMITH"},{"floor":49.0,"key":"REST"}],"neow_cost":"NO_GOLD","seed_source_timestamp":0,"circlet_count":0,"master_deck":["Strike_B","Defend_B","Defend_B","Defend_B+1","Zap+1","Dualcast","Conserve Battery","Loop+1","Cold Snap","Go for the Eyes+1","Electrodynamics+1","Fission+1","Self Repair","Recycle+1","Cold Snap","Storm+1","Conserve Battery","Static Discharge","Fission+1","Creative AI+1","Skim+1","Darkness+1"],"special_seed":0,"relics":["Cracked Core","Golden Idol","Pear","Matryoshka","Bird Faced Urn","Inserter","Bottled Flame","Orichalcum","Centennial Puzzle","Darkstone Periapt","Tiny Chest","Thread and Needle","Busted Crown","Pen Nib","Ornamental Fan","Frozen Egg 2","Pantograph"],"potions_floor_usage":[50,50,50],"damage_taken":[{"damage":0.0,"enemies":"Small Slimes","floor":1.0,"turns":2.0},{"damage":0.0,"enemies":"Jaw Worm","floor":4.0,"turns":4.0},{"damage":15.0,"enemies":"3 Sentries","floor":6.0,"turns":8.0},{"damage":0.0,"enemies":"Cultist","floor":7.0,"turns":3.0},{"damage":1.0,"enemies":"2 Fungi Beasts","floor":12.0,"turns":3.0},{"damage":30.0,"enemies":"Slime Boss","floor":16.0,"turns":7.0},{"damage":10.0,"enemies":"Chosen","floor":18.0,"turns":6.0},{"damage":29.0,"enemies":"Shell Parasite","floor":20.0,"turns":8.0},{"damage":15.0,"enemies":"Centurion and Healer","floor":22.0,"turns":11.0},{"damage":24.0,"enemies":"Gremlin Leader","floor":23.0,"turns":6.0},{"damage":36.0,"enemies":"Book of Stabbing","floor":25.0,"turns":7.0},{"damage":12.0,"enemies":"Shelled Parasite and Fungi","floor":27.0,"turns":3.0},{"damage":45.0,"enemies":"Champ","floor":33.0,"turns":21.0},{"damage":22.0,"enemies":"3 Darklings","floor":35.0,"turns":3.0},{"damage":10.0,"enemies":"Orb Walker","floor":39.0,"turns":4.0},{"damage":63.0,"enemies":"Nemesis","floor":40.0,"turns":7.0},{"damage":6.0,"enemies":"Writhing Mass","floor":41.0,"turns":8.0},{"damage":0.0,"enemies":"Sphere and 2 Shapes","floor":46.0,"turns":3.0},{"damage":17.0,"enemies":"Reptomancer","floor":47.0,"turns":6.0},{"damage":39.0,"enemies":"Jaw Worm Horde","floor":48.0,"turns":3.0},{"damage":93,"enemies":"Time Eater","floor":50,"turns":9}],"seed_played":"1644613982868718151","potions_obtained":[{"floor":1.0,"key":"Fire Potion"},{"floor":5.0,"key":"SneckoOil"},{"floor":5.0,"key":"Swift Potion"},{"floor":7.0,"key":"SteroidPotion"},{"floor":18.0,"key":"GamblersBrew"},{"floor":22.0,"key":"Energy Potion"},{"floor":25.0,"key":"Poison Potion"},{"floor":27.0,"key":"PowerPotion"},{"floor":35.0,"key":"Dexterity Potion"},{"floor":41.0,"key":"Strength Potion"},{"floor":46.0,"key":"FocusPotion"}],"is_trial":false,"path_per_floor":["M","?","?","M","?","E","M","$","T","?","R","M","R","$","R","B",null,"M","?","M","$","M","E","R","E","T","M","?","R","$","?","R","B",null,"M","$","?","?","M","E","M","R","T","R","?","M","E","M","R","B",null],"character_chosen":"DEFECT","items_purchased":["Storm","Conserve Battery","Tiny Chest"],"campfire_rested":2,"item_purchase_floors":[21,21,30],"current_hp_per_floor":[75,60,42,42,42,37,37,37,37,37,37,38,38,38,38,12,67,61,61,45,45,45,36,36,17,17,22,22,22,22,22,47,21,69,66,66,66,66,77,45,72,72,72,72,72,88,88,62,88,30],"gold":266,"neow_bonus":"REMOVE_TWO","is_prod":false,"is_daily":false,"chose_seed":false,"campfire_upgraded":7,"win_rate":0,"timestamp":1550018884,"path_taken":["M","?","?","M","?","E","?","$","T","?","R","M","R","?","R","BOSS","M","?","M","$","M","E","R","E","T","M","?","R","$","?","R","BOSS","M","$","?","?","?","E","M","R","T","R","?","?","E","M","R","BOSS"],"build_version":"2019-01-23","purchased_purges":2,"victory":true,"max_hp_per_floor":[75,75,75,75,75,85,85,85,85,85,85,85,85,85,85,85,85,85,85,85,85,85,85,85,85,85,85,85,85,85,85,85,85,85,85,85,85,85,85,85,91,91,91,91,88,88,88,88,88,88],"card_choices":[{"not_picked":["Scrape","Stack"],"picked":"Conserve Battery","floor":1.0},{"not_picked":["Melter","Streamline"],"picked":"Loop","floor":4.0},{"not_picked":["Streamline","Gash"],"picked":"Cold Snap","floor":6.0},{"not_picked":["Hello World","Barrage"],"picked":"Go for the Eyes","floor":7.0},{"not_picked":["Skim","Barrage"],"picked":"Electrodynamics","floor":12.0},{"not_picked":["Multi-Cast","Thunder Strike"],"picked":"Fission","floor":16.0},{"not_picked":["Compile Driver","Hologram+1"],"picked":"Self Repair","floor":18.0},{"not_picked":["Turbo","Sweeping Beam+1"],"picked":"Cold Snap","floor":20.0},{"not_picked":["Blizzard+1","Reprogram+1","Streamline"],"picked":"SKIP","floor":22.0},{"not_picked":["Melter","Ball Lightning"],"picked":"Static Discharge","floor":23.0},{"not_picked":["Cold Snap","Leap"],"picked":"Fission","floor":25.0},{"not_picked":["Conserve Battery","Cold Snap","Sweeping Beam"],"picked":"SKIP","floor":27.0},{"not_picked":["Amplify","Electrodynamics"],"picked":"Creative AI","floor":33.0},{"not_picked":["Steam"],"picked":"SKIP","floor":35.0},{"not_picked":["Steam Power"],"picked":"SKIP","floor":39.0},{"not_picked":["Turbo"],"picked":"SKIP","floor":40.0},{"not_picked":[],"picked":"Skim+1","floor":41.0},{"not_picked":[],"picked":"Darkness+1","floor":46.0},{"not_picked":["Aggregate"],"picked":"SKIP","floor":47.0},{"not_picked":["Leap+1"],"picked":"SKIP","floor":48.0}],"player_experience":575272,"relics_obtained":[{"floor":6.0,"key":"Pear"},{"floor":9.0,"key":"Matryoshka"},{"floor":23.0,"key":"Bottled Flame"},{"floor":25.0,"key":"Orichalcum"},{"floor":26.0,"key":"Centennial Puzzle"},{"floor":26.0,"key":"Darkstone Periapt"},{"floor":40.0,"key":"Pen Nib"},{"floor":43.0,"key":"Ornamental Fan"},{"floor":43.0,"key":"Frozen Egg 2"},{"floor":47.0,"key":"Pantograph"}],"event_choices":[{"damage_healed":0.0,"max_hp_gain":0.0,"max_hp_loss":0.0,"gold_gain":0.0,"event_name":"Shining Light","player_choice":"Entered Light","floor":2.0,"gold_loss":0.0,"damage_taken":15.0,"cards_upgraded":["Zap","Defend_B"]},{"damage_healed":0.0,"max_hp_gain":0.0,"max_hp_loss":0.0,"gold_gain":0.0,"event_name":"Golden Idol","player_choice":"Take Damage","floor":3.0,"gold_loss":0.0,"damage_taken":18.0,"relics_obtained":["Golden Idol"]},{"damage_healed":0.0,"max_hp_gain":0.0,"max_hp_loss":0.0,"gold_gain":0.0,"event_name":"Lab","player_choice":"Got Potions","floor":5.0,"gold_loss":0.0,"damage_taken":0.0},{"damage_healed":0.0,"max_hp_gain":0.0,"max_hp_loss":0.0,"gold_gain":0.0,"event_name":"Big Fish","player_choice":"Box","floor":10.0,"gold_loss":0.0,"damage_taken":0.0,"relics_obtained":["Bird Faced Urn"],"cards_obtained":["Regret"]},{"damage_healed":0.0,"max_hp_gain":0.0,"max_hp_loss":0.0,"gold_gain":0.0,"event_name":"The Library","player_choice":"Read","floor":19.0,"gold_loss":0.0,"damage_taken":0.0,"cards_obtained":["Recycle"]},{"cards_removed":["Strike_B"],"damage_healed":0.0,"max_hp_gain":0.0,"max_hp_loss":0.0,"gold_gain":0.0,"event_name":"Back to Basics","player_choice":"Elegance","floor":28.0,"gold_loss":0.0,"damage_taken":0.0},{"damage_healed":0.0,"max_hp_gain":0.0,"max_hp_loss":0.0,"gold_gain":0.0,"event_name":"The Mausoleum","player_choice":"Opened","floor":31.0,"gold_loss":0.0,"damage_taken":0.0,"relics_obtained":["Thread and Needle"]},{"damage_healed":0.0,"max_hp_gain":0.0,"max_hp_loss":0.0,"gold_gain":0.0,"event_name":"SensoryStone","player_choice":"Memory 1","floor":37.0,"gold_loss":0.0,"damage_taken":0.0},{"damage_healed":0.0,"max_hp_gain":0.0,"max_hp_loss":0.0,"gold_gain":0.0,"event_name":"Upgrade Shrine","player_choice":"Upgraded","floor":38.0,"gold_loss":0.0,"damage_taken":0.0,"cards_upgraded":["Recycle"]},{"cards_removed":["Parasite"],"damage_healed":0.0,"max_hp_gain":0.0,"max_hp_loss":0.0,"gold_gain":0.0,"event_name":"Fountain of Cleansing","player_choice":"Removed Curses","floor":45.0,"gold_loss":0.0,"damage_taken":0.0}],"is_beta":false,"boss_relics":[{"not_picked":["Cursed Key","Coffee Dripper"],"picked":"Inserter"},{"not_picked":["Fusion Hammer","Black Star"],"picked":"Busted Crown"}],"items_purged_floors":[8,36],"is_endless":false,"potions_floor_spawned":[1,7,18,22,25,27,35,41,46,47],"ascension_level":5}