{"gold_per_floor":[118,118,118,132,132,166,166,178,257,289,304,331,41,56,56,151,151,164,164,178,178],"floor_reached":21,"playtime":1275,"items_purged":[],"score":221,"play_id":"fe6225d8-479d-4563-a583-bfa8a20c4b53","local_time":"20190214221450","is_ascension_mode":true,"campfire_choices":[{"data":"Bash","floor":7.0,"key":"SMITH"},{"data":"Heavy Blade","floor":15.0,"key":"SMITH"}],"neow_cost":"NONE","seed_source_timestamp":20026315199853,"circlet_count":0,"master_deck":["Strike_R","Strike_R","Strike_R","Strike_R","Defend_R","Defend_R","Defend_R","Defend_R","Bash+1","Whirlwind+1","Iron Wave","Intimidate","Heavy Blade+1","Battle Trance","Barricade","Sentinel","Evolve+1"],"special_seed":0,"relics":["Burning Blood","Vajra","Unceasing Top","Matryoshka","Lantern","Darkstone Periapt","Torii","Mark of Pain"],"potions_floor_usage":[16,16],"damage_taken":[{"damage":0.0,"enemies":"2 Louse","floor":1.0,"turns":2.0},{"damage":7.0,"enemies":"Small Slimes","floor":2.0,"turns":4.0},{"damage":8.0,"enemies":"Jaw Worm","floor":4.0,"turns":5.0},{"damage":17.0,"enemies":"3 Sentries","floor":6.0,"turns":5.0},{"damage":23.0,"enemies":"Exordium Wildlife","floor":8.0,"turns":5.0},{"damage":27.0,"enemies":"Lagavulin","floor":10.0,"turns":6.0},{"damage":0.0,"enemies":"3 Louse","floor":11.0,"turns":2.0},{"damage":22.0,"enemies":"Gremlin Nob","floor":12.0,"turns":4.0},{"damage":11.0,"enemies":"Looter","floor":14.0,"turns":2.0},{"damage":10,"enemies":"The Guardian","floor":16,"turns":9},{"damage":22,"enemies":"2 Thieves","floor":18,"turns":2},{"damage":25,"enemies":"Spheric Guardian","floor":20,"turns":6},{"damage":59,"enemies":"Centurion and Healer","floor":21,"turns":8}],"seed_played":"152115251487120842","potions_obtained":[{"floor":1.0,"key":"BloodPotion"},{"floor":10.0,"key":"Swift Potion"},{"floor":12.0,"key":"PowerPotion"},{"floor":14.0,"key":"SteroidPotion"},{"floor":16,"key":"FairyPotion"},{"floor":18,"key":"GamblersBrew"}],"is_trial":false,"path_per_floor":["M","M","?","M","?","E","R","M","T","E","M","E","$","M","R","B",null,"M","?","M","M"],"character_chosen":"IRONCLAD","items_purchased":["Torii"],"campfire_rested":0,"item_purchase_floors":[13],"current_hp_per_floor":[80,79,72,70,70,59,59,42,42,29,35,19,19,14,14,10,80,64,64,45,0],"gold":178,"neow_bonus":"RANDOM_COMMON_RELIC","is_prod":false,"is_daily":false,"chose_seed":false,"campfire_upgraded":2,"win_rate":0,"timestamp":1550153690,"path_taken":["M","M","?","M","?","E","R","M","T","E","M","E","$","M","R","BOSS","M","?","M","M"],"build_version":"2019-01-23","purchased_purges":0,"victory":false,"max_hp_per_floor":[80,80,80,80,80,80,80,80,80,80,80,80,80,80,80,80,80,80,80,80,80],"card_choices":[{"not_picked":["Corruption","Bloodletting","Rupture"],"picked":"SKIP","floor":1.0},{"not_picked":["Anger","Evolve","Thunderclap"],"picked":"SKIP","floor":2.0},{"not_picked":["Sword Boomerang","Heavy Blade"],"picked":"Whirlwind","floor":4.0},{"not_picked":["Carnage","Evolve","Combust"],"picked":"SKIP","floor":6.0},{"not_picked":["Cleave","Flex"],"picked":"Iron Wave","floor":8.0},{"not_picked":["Pommel Strike","Dual Wield"],"picked":"Intimidate","floor":10.0},{"not_picked":["Infernal Blade","Perfected Strike"],"picked":"Heavy Blade","floor":11.0},{"not_picked":["Havoc","Immolate","Body Slam"],"picked":"SKIP","floor":12.0},{"not_picked":["Twin Strike","Evolve"],"picked":"Battle Trance","floor":14.0},{"not_picked":["Juggernaut","Berserk"],"picked":"Barricade","floor":16},{"not_picked":["Wild Strike","Twin Strike"],"picked":"Sentinel","floor":18},{"not_picked":["Clash+1","Second Wind"],"picked":"Evolve+1","floor":20}],"player_experience":134437,"relics_obtained":[{"floor":6.0,"key":"Unceasing Top"},{"floor":9.0,"key":"Matryoshka"},{"floor":10.0,"key":"Lantern"},{"floor":12.0,"key":"Darkstone Periapt"}],"event_choices":[{"cards_removed":["Strike_R"],"damage_healed":0.0,"max_hp_gain":0.0,"max_hp_loss":0.0,"gold_gain":0.0,"event_name":"Golden Wing","player_choice":"Card Removal","floor":3.0,"gold_loss":0.0,"damage_taken":7.0},{"damage_healed":0.0,"max_hp_gain":0.0,"max_hp_loss":0.0,"gold_gain":0.0,"event_name":"Living Wall","player_choice":"Grow","floor":5.0,"gold_loss":0.0,"damage_taken":0.0,"cards_upgraded":["Whirlwind"]},{"damage_healed":0,"gold_gain":0,"player_choice":"Ignored","damage_taken":0,"max_hp_gain":0,"max_hp_loss":0,"event_name":"Vampires","floor":19,"gold_loss":0}],"is_beta":false,"boss_relics":[{"not_picked":["Lizard Tail","Philosopher\u0027s Stone"],"picked":"Mark of Pain"}],"items_purged_floors":[],"is_endless":false,"potions_floor_spawned":[1,10,12,14,16,18],"killed_by":"Centurion and Healer","ascension_level":2}