{"gold_per_floor":[117,117,134,134,147,147,175,185,210,210,226,243,243,318,318,418,418,435,451,451],"floor_reached":20,"playtime":677,"items_purged":[],"score":194,"play_id":"2741e651-9682-45cf-8010-9e3fbf5caa1b","local_time":"20181019002650","is_ascension_mode":true,"campfire_choices":[{"data":"Bash","floor":6,"key":"SMITH"},{"data":"True Grit","floor":13,"key":"SMITH"},{"data":"Inflame","floor":15,"key":"SMITH"}],"neow_cost":"NONE","seed_source_timestamp":343600194813949,"circlet_count":0,"master_deck":["Strike_R","Strike_R+1","Strike_R","Strike_R","Strike_R","Defend_R","Defend_R","Defend_R","Defend_R","Bash+1","Thunderclap+1","Inflame+1","True Grit+1","Shrug It Off","Clothesline","Rage","Offering","Iron Wave+1"],"relics":["Burning Blood","NeowsBlessing","Centennial Puzzle","Anchor","Black Star"],"potions_floor_usage":[7,16,16,16,20],"damage_taken":[{"damage":0,"enemies":"Small Slimes","floor":1,"turns":1},{"damage":0,"enemies":"Cultist","floor":3,"turns":1},{"damage":0,"enemies":"2 Louse","floor":5,"turns":1},{"damage":43,"enemies":"Lagavulin","floor":7,"turns":7},{"damage":0,"enemies":"Large Slime","floor":8,"turns":5},{"damage":4,"enemies":"Looter","floor":11,"turns":4},{"damage":10,"enemies":"Gremlin Gang","floor":12,"turns":5},{"damage":51,"enemies":"Slime Boss","floor":16,"turns":13},{"damage":31,"enemies":"Spheric Guardian","floor":18,"turns":6},{"damage":6,"enemies":"Chosen","floor":19,"turns":4},{"damage":60,"enemies":"Masked Bandits","floor":20,"turns":4}],"seed_played":"-702756248620761527","potions_obtained":[{"floor":1,"key":"Ancient Potion"},{"floor":2,"key":"LiquidBronze"},{"floor":2,"key":"FairyPotion"},{"floor":8,"key":"Dexterity Potion"},{"floor":11,"key":"PowerPotion"},{"floor":18,"key":"SkillPotion"}],"is_trial":false,"path_per_floor":["M","?","M","?","M","R","E","M","T","?","M","M","R","?","R","B",null,"M","M"],"character_chosen":"IRONCLAD","items_purchased":[],"campfire_rested":0,"item_purchase_floors":[],"current_hp_per_floor":[80,80,80,64,70,70,33,39,39,80,80,76,76,65,65,20,80,55,55,0],"gold":451,"neow_bonus":"THREE_ENEMY_KILL","is_prod":false,"is_daily":false,"chose_seed":false,"campfire_upgraded":3,"win_rate":0,"timestamp":1539926810,"path_taken":["M","?","?","?","M","R","E","M","T","?","M","M","R","?","R","BOSS","M","M","?"],"build_version":"2018-10-18","purchased_purges":0,"victory":false,"max_hp_per_floor":[80,80,80,80,80,80,80,80,80,80,80,80,80,80,80,80,80,80,80,80],"card_choices":[{"not_picked":["Hemokinesis","Second Wind"],"picked":"Thunderclap","floor":1},{"not_picked":["Clash","Cleave"],"picked":"Inflame","floor":3},{"not_picked":["Feel No Pain","Fire Breathing"],"picked":"True Grit","floor":5},{"not_picked":["Iron Wave","Seeing Red"],"picked":"Dropkick","floor":7},{"not_picked":["Carnage","Body Slam"],"picked":"Shrug It Off","floor":8},{"not_picked":["Rage","Pommel Strike"],"picked":"Clothesline","floor":11},{"not_picked":["Power Through","Second Wind"],"picked":"Rage","floor":12},{"not_picked":["Immolate","Demon Form"],"picked":"Offering","floor":16},{"not_picked":["Body Slam","True Grit","Anger"],"picked":"SKIP","floor":18},{"not_picked":["Warcry","Metallicize"],"picked":"Iron Wave+1","floor":19}],"player_experience":437535,"relics_obtained":[{"floor":7,"key":"Centennial Puzzle"},{"floor":9,"key":"Anchor"}],"event_choices":[{"damage_healed":0,"gold_gain":0,"player_choice":"Got Potions","damage_taken":0,"max_hp_gain":0,"max_hp_loss":0,"event_name":"The Lab","floor":2,"gold_loss":0},{"damage_healed":0,"gold_gain":0,"player_choice":"Entered Light","damage_taken":16,"max_hp_gain":0,"max_hp_loss":0,"event_name":"Shining Light","floor":4,"gold_loss":0,"cards_upgraded":["Thunderclap","Strike_R"]},{"cards_removed":["Dropkick"],"damage_healed":41,"gold_gain":0,"player_choice":"Offered Uncommon","damage_taken":0,"max_hp_gain":0,"max_hp_loss":0,"event_name":"Bonfire Elementals","floor":10,"gold_loss":0},{"damage_healed":0,"gold_gain":75,"player_choice":"Gather Gold","damage_taken":11,"max_hp_gain":0,"max_hp_loss":0,"event_name":"World of Goop","floor":14,"gold_loss":0},{"damage_healed":0,"gold_gain":0,"player_choice":"Fought Bandits","damage_taken":0,"max_hp_gain":0,"max_hp_loss":0,"event_name":"Masked Bandits","floor":20,"gold_loss":0}],"is_beta":true,"boss_relics":[{"not_picked":["Runic Cube","Calling Bell"],"picked":"Black Star"}],"items_purged_floors":[],"is_endless":false,"potions_floor_spawned":[1,5,8,11,18],"killed_by":"Masked Bandits","ascension_level":2}