{"path_per_floor":["M","$","T","M","M","E","R","?","T","?","R","M","$","M","R","B",null,"M","M","M","$","M","E","M","$","T","M","R","M","R","M","R"],"character_chosen":"DEFECT","items_purchased":["Defragment","Stack","FTL","Gash","Gash","Loop","Storm"],"gold_per_floor":[111,36,36,48,60,92,92,149,149,149,149,161,8,20,20,122,122,133,150,169,7,21,49,63,33,56,76,76,95,95,112,112,112],"floor_reached":33,"campfire_rested":4,"playtime":2499,"item_purchase_floors":[13,13,21,21,21,21,25],"current_hp_per_floor":[74,74,74,72,72,44,44,20,20,5,42,42,42,42,75,43,75,75,74,69,69,48,36,31,31,31,17,54,44,75,69,69,0],"items_purged":["Strike_B","Strike_B"],"gold":112,"score":296,"play_id":"e2fbad68-4087-4370-8bcf-5c75683cd7b3","local_time":"20180603173953","is_prod":false,"is_daily":false,"chose_seed":false,"is_ascension_mode":false,"campfire_upgraded":2,"win_rate":0,"timestamp":1528061993,"campfire_choices":[{"data":"Zap","floor":7,"key":"SMITH"},{"floor":11,"key":"REST"},{"floor":15,"key":"REST"},{"floor":28,"key":"REST"},{"floor":30,"key":"REST"},{"data":"Rainbow","floor":32,"key":"SMITH"}],"path_taken":["M","$","?","?","M","E","R","?","T","?","R","M","$","M","R","BOSS","M","M","M","$","M","E","M","$","T","M","R","M","R","M","R","BOSS"],"build_version":"2018-05-31","seed_source_timestamp":255598603123587,"purchased_purges":2,"victory":false,"master_deck":["Strike_B+1","Strike_B","Defend_B+1","Defend_B","Defend_B","Defend_B","Zap+1","Dualcast","Barrage","Steam","Sweeping Beam","Steam","Barrage","Chill","Defragment","Stack","Loop","Rainbow+1","Steam","Sweeping Beam+1","Static Discharge","FTL","Gash","Gash","Loop","Redo","Static Discharge","Defragment","Storm","Gash+1","Melter","Gash"],"max_hp_per_floor":[75,75,75,75,75,75,75,75,75,75,75,75,75,75,75,75,75,75,75,75,75,75,75,75,75,75,75,75,75,75,75,75,75],"relics":["Cracked Core","Anchor","Bronze Scales","Regal Pillow","Ornamental Fan","The Courier","Sozu","Question Card","Happy Flower"],"card_choices":[{"not_picked":["Compile Driver","Turbo"],"picked":"Barrage","floor":1},{"not_picked":["Turbo","Reinforced Body"],"picked":"Steam","floor":4},{"not_picked":["Heatsinks","Meteor Strike"],"picked":"Sweeping Beam","floor":5},{"not_picked":["Beam Cell","Aggregate"],"picked":"Steam","floor":6},{"not_picked":["Aggregate","Compile Driver"],"picked":"Barrage","floor":8},{"not_picked":["Sweeping Beam","Rebound"],"picked":"Chill","floor":12},{"not_picked":["Sweeping Beam","Gash"],"picked":"Loop","floor":14},{"not_picked":["Thunder Strike","Reboot"],"picked":"Rainbow","floor":16},{"not_picked":["Go for the Eyes","Turbo+1"],"picked":"Steam","floor":18},{"not_picked":["Scrape+1","Coolheaded"],"picked":"Sweeping Beam+1","floor":19},{"not_picked":["Cold Snap+1","Double Energy+1"],"picked":"Static Discharge","floor":20},{"not_picked":["Ball Lightning","Beam Cell"],"picked":"Redo","floor":22},{"not_picked":["Barrage","Force Field"],"picked":"Static Discharge","floor":23},{"not_picked":["Barrage","Streamline","Redo"],"picked":"Defragment","floor":24},{"not_picked":["Reprogram+1","Seek","Chill"],"picked":"Gash+1","floor":27},{"not_picked":["Coolheaded","Chaos","Sweeping Beam"],"picked":"Melter","floor":29},{"not_picked":["Rebound","Blizzard+1","Storm"],"picked":"Gash","floor":31}],"player_experience":292985,"potions_floor_usage":[8,16,16],"damage_taken":[{"damage":1,"enemies":"Cultist","floor":1,"turns":3},{"damage":2,"enemies":"2 Louse","floor":4,"turns":3},{"damage":0,"enemies":"Jaw Worm","floor":5,"turns":3},{"damage":28,"enemies":"Gremlin Nob","floor":6,"turns":4},{"damage":24,"enemies":"Gremlin Nob","floor":8,"turns":4},{"damage":0,"enemies":"Gremlin Gang","floor":12,"turns":3},{"damage":0,"enemies":"2 Fungi Beasts","floor":14,"turns":3},{"damage":32,"enemies":"Hexaghost","floor":16,"turns":9},{"damage":0,"enemies":"3 Byrds","floor":18,"turns":3},{"damage":1,"enemies":"Shell Parasite","floor":19,"turns":4},{"damage":5,"enemies":"3 Cultists","floor":20,"turns":5},{"damage":21,"enemies":"Slaver and Parasite","floor":22,"turns":5},{"damage":12,"enemies":"Book of Stabbing","floor":23,"turns":5},{"damage":5,"enemies":"Centurion and Healer","floor":24,"turns":7},{"damage":14,"enemies":"Snake Plant","floor":27,"turns":2},{"damage":10,"enemies":"Cultist and Chosen","floor":29,"turns":5},{"damage":6,"enemies":"Snecko","floor":31,"turns":4},{"damage":72,"enemies":"Collector","floor":33,"turns":7}],"relics_obtained":[{"floor":3,"key":"Bronze Scales"},{"floor":6,"key":"Regal Pillow"},{"floor":8,"key":"Ornamental Fan"},{"floor":9,"key":"The Courier"},{"floor":23,"key":"Question Card"},{"floor":26,"key":"Happy Flower"}],"event_choices":[{"event_name":"Dead Adventurer","player_choice":"Searched \u00273\u0027 times","floor":8,"damage_taken":0},{"event_name":"Shining Light","player_choice":"Entered Light","floor":10,"damage_taken":0}],"boss_relics":[{"not_picked":["Tiny House","Velvet Choker"],"picked":"Sozu"}],"items_purged_floors":[2,13],"potions_floor_spawned":[6,8,12,20,23,29],"seed_played":"-3333218649101094876","killed_by":"Collector","ascension_level":0,"potions_obtained":[{"floor":6,"key":"FearPotion"},{"floor":8,"key":"Weak Potion"},{"floor":12,"key":"Dexterity Potion"}],"is_trial":false}