{"gold_per_floor":[114,114,179,229,244,274,24,54,129,129,144,209,229,294,294,394,444,459,185,235,250,265,295,345,345,370,370,400,451,501,96,96,196,196,211,261,276,291,91,121,136,286,286,336,36,66,141,156,156,156],"floor_reached":51,"playtime":1522,"items_purged":[],"score":1103,"play_id":"afe2ad2e-6d27-4b7f-9523-8e13bdf7346b","local_time":"20190116124907","daily_mods":["Cursed Run","Time Dilation","Lethality"],"is_ascension_mode":false,"campfire_choices":[{"data":"Bash","floor":10,"key":"SMITH"},{"data":"Thunderclap","floor":15,"key":"SMITH"},{"data":"Flame Barrier","floor":25,"key":"SMITH"},{"data":"Clothesline","floor":27,"key":"SMITH"},{"data":"Whirlwind","floor":32,"key":"SMITH"},{"floor":49,"key":"REST"}],"neow_cost":"","seed_source_timestamp":0,"circlet_count":0,"master_deck":["Strike_R","Strike_R","Strike_R","Strike_R","Strike_R","Defend_R","Defend_R","Defend_R","Defend_R","Bash+1","Flame Barrier+1","Shrug It Off","Impervious","Thunderclap+1","Clothesline+1","Thunderclap","Decay","Exhume+1","Warcry+1","Evolve+1","Shame","Feed+1","True Grit+1","Havoc+1","Armaments+1","Dual Wield+1","Anger+1","Warcry+1","Doubt","Limit Break+1","Reaper","Whirlwind+1","Infernal Blade+1","Parasite","Offering+1","Armaments+1","Apotheosis+1","Good Instincts+1","Thinking Ahead+1","Burning Pact+1","Body Slam","Flame Barrier+1","Infernal Blade+1","Corruption+1","Parasite","Writhe","Shrug It Off+1","Parasite","Entrench+1","Regret"],"special_seed":17912,"relics":["Cursed Key","Darkstone Periapt","Du-Vu Doll","SsserpentHead","Pear","Shuriken","PreservedInsect","Toxic Egg 2","Tiny House","Bag of Preparation","Boot","Strawberry","WingedGreaves","Red Mask","MutagenicStrength","Matryoshka","Fusion Hammer","Chemical X","Question Card","Bird Faced Urn","Ancient Tea Set","Pen Nib","Calipers","Mummified Hand","Letter Opener","Oddly Smooth Stone"],"potions_floor_usage":[16,16,16,40,50,50,50,50],"damage_taken":[{"damage":0.0,"enemies":"Small Slimes","floor":1.0,"turns":2.0},{"damage":0.0,"enemies":"Cultist","floor":3.0,"turns":2.0},{"damage":0.0,"enemies":"2 Louse","floor":5.0,"turns":2.0},{"damage":9.0,"enemies":"Gremlin Nob","floor":6.0,"turns":3.0},{"damage":12,"enemies":"3 Sentries","floor":8,"turns":4},{"damage":0,"enemies":"2 Fungi Beasts","floor":11,"turns":3},{"damage":1,"enemies":"Looter","floor":12,"turns":2},{"damage":0,"enemies":"Blue Slaver","floor":14,"turns":2},{"damage":2,"enemies":"Slime Boss","floor":16,"turns":3},{"damage":5,"enemies":"2 Thieves","floor":18,"turns":2},{"damage":14,"enemies":"Spheric Guardian","floor":21,"turns":5},{"damage":0,"enemies":"Snake Plant","floor":22,"turns":2},{"damage":11,"enemies":"Slavers","floor":23,"turns":3},{"damage":0,"enemies":"Gremlin Leader","floor":28,"turns":3},{"damage":0,"enemies":"Masked Bandits","floor":29,"turns":2},{"damage":14,"enemies":"Champ","floor":33,"turns":5},{"damage":0,"enemies":"Orb Walker","floor":35,"turns":1},{"damage":13,"enemies":"3 Shapes","floor":37,"turns":5},{"damage":6,"enemies":"Sphere and 2 Shapes","floor":38,"turns":3},{"damage":0,"enemies":"Nemesis","floor":40,"turns":1},{"damage":2,"enemies":"4 Shapes","floor":41,"turns":1},{"damage":18,"enemies":"Mind Bloom Boss Battle","floor":42,"turns":3},{"damage":8,"enemies":"Reptomancer","floor":46,"turns":2},{"damage":0,"enemies":"Transient","floor":48,"turns":5},{"damage":20,"enemies":"Time Eater","floor":50,"turns":4}],"seed_played":"-4273612193647818048","potions_obtained":[{"floor":3.0,"key":"Swift Potion"},{"floor":11,"key":"AttackPotion"},{"floor":13,"key":"SteroidPotion"},{"floor":13,"key":"EntropicBrew"},{"floor":21,"key":"EntropicBrew"},{"floor":40,"key":"Weak Potion"}],"is_trial":false,"path_per_floor":["M","?","M","?","M","E","$","E","T","R","M","M","?","M","R","B",null,"M","$","?","M","M","E","$","R","T","R","E","?","?","$","R","B",null,"M","?","M","M","$","E","M","?","T","?","$","E","T","M","R","B",null],"character_chosen":"IRONCLAD","items_purchased":["Shuriken","Bag of Preparation","Armaments+1","Dual Wield+1","Whirlwind","Matryoshka","Infernal Blade+1","Chemical X","Calipers"],"campfire_rested":1,"item_purchase_floors":[7,19,19,19,31,31,31,39,45],"current_hp_per_floor":[80,80,80,80,80,81,81,69,75,75,75,74,74,74,74,78,107,106,106,106,96,96,89,89,89,102,102,102,102,102,102,102,124,138,138,128,134,136,136,136,134,120,126,166,166,162,168,176,176,164],"gold":156,"neow_bonus":"","is_prod":false,"is_daily":true,"chose_seed":false,"campfire_upgraded":5,"win_rate":0,"timestamp":1547639347,"path_taken":["M","?","?","?","M","E","$","E","T","R","M","?","?","?","R","BOSS","M","$","?","M","M","E","?","R","T","R","E","?","?","$","R","BOSS","M","?","M","M","$","E","M","?","T","?","$","E","?","M","R","BOSS"],"build_version":"2019-01-10","purchased_purges":0,"victory":true,"max_hp_per_floor":[80,80,80,80,80,90,90,90,96,96,96,96,96,96,96,102,107,111,111,111,115,115,119,119,119,132,132,132,132,132,132,132,138,138,138,138,142,150,150,150,150,154,160,166,166,170,176,176,176,182],"card_choices":[{"not_picked":["Flex","Spot Weakness"],"picked":"Flame Barrier","floor":1.0},{"not_picked":["Warcry","Body Slam"],"picked":"Shrug It Off","floor":3.0},{"not_picked":["Perfected Strike","True Grit"],"picked":"Thunderclap","floor":5.0},{"not_picked":["Warcry","Perfected Strike"],"picked":"Clothesline","floor":6.0},{"not_picked":["Dual Wield","Wild Strike"],"picked":"Thunderclap","floor":8},{"not_picked":["Headbutt","Searing Blow"],"picked":"Exhume+1","floor":11},{"not_picked":["Clothesline","Iron Wave"],"picked":"Warcry+1","floor":12},{"not_picked":["Twin Strike","Warcry+1"],"picked":"Evolve","floor":14},{"not_picked":["Bludgeon","Immolate"],"picked":"Feed","floor":16},{"not_picked":["Searing Blow","Warcry+1"],"picked":"True Grit+1","floor":17},{"not_picked":["Flex+1","Pummel"],"picked":"Havoc+1","floor":18},{"not_picked":["Pommel Strike","Rampage"],"picked":"Anger+1","floor":21},{"not_picked":["Perfected Strike","Dual Wield+1","Inflame"],"picked":"SKIP","floor":22},{"not_picked":["Dropkick","Hemokinesis"],"picked":"Warcry+1","floor":23},{"not_picked":["Twin Strike+1","Clothesline"],"picked":"Limit Break+1","floor":28},{"not_picked":["Pommel Strike","Iron Wave+1"],"picked":"Reaper","floor":29},{"not_picked":["Dark Embrace","Bludgeon"],"picked":"Offering+1","floor":33},{"not_picked":["Pommel Strike","Headbutt"],"picked":"Armaments+1","floor":35},{"not_picked":["Dark Shackles+1","Mind Blast"],"picked":"Apotheosis+1","floor":36},{"not_picked":["Metamorphosis+1","The Bomb+1"],"picked":"Good Instincts+1","floor":36},{"not_picked":["Panache","Impatience+1"],"picked":"Thinking Ahead+1","floor":36},{"not_picked":["Dropkick+1","Armaments+1"],"picked":"Burning Pact+1","floor":37},{"not_picked":["Hemokinesis+1","Armaments+1"],"picked":"Body Slam","floor":38},{"not_picked":["Pummel","Pommel Strike+1"],"picked":"Flame Barrier+1","floor":40},{"not_picked":["Bludgeon","Sentinel+1","Blood for Blood+1"],"picked":"Infernal Blade+1","floor":41},{"not_picked":["Anger+1","Havoc+1","Pummel"],"picked":"Corruption+1","floor":42},{"not_picked":["Iron Wave+1","Thunderclap+1","Perfected Strike"],"picked":"Shrug It Off+1","floor":46},{"not_picked":["Twin Strike+1","Reckless Charge","Iron Wave+1"],"picked":"Entrench+1","floor":48}],"player_experience":1894587,"relics_obtained":[{"floor":6.0,"key":"Pear"},{"floor":8,"key":"PreservedInsect"},{"floor":9,"key":"Toxic Egg 2"},{"floor":23,"key":"Boot"},{"floor":26,"key":"Strawberry"},{"floor":28,"key":"WingedGreaves"},{"floor":29,"key":"Red Mask"},{"floor":40,"key":"Question Card"},{"floor":42,"key":"Bird Faced Urn"},{"floor":43,"key":"Ancient Tea Set"},{"floor":43,"key":"Pen Nib"},{"floor":46,"key":"Mummified Hand"},{"floor":47,"key":"Letter Opener"},{"floor":47,"key":"Oddly Smooth Stone"}],"event_choices":[{"damage_healed":0.0,"max_hp_gain":0.0,"max_hp_loss":0.0,"gold_gain":0.0,"event_name":"FaceTrader","player_choice":"Trade","floor":2.0,"gold_loss":0.0,"damage_taken":0.0,"relics_obtained":["SsserpentHead"]},{"damage_healed":0.0,"max_hp_gain":0.0,"max_hp_loss":0.0,"gold_gain":0.0,"event_name":"Match and Keep!","player_choice":"1 cards matched","floor":4.0,"gold_loss":0.0,"damage_taken":0.0,"cards_obtained":["Impervious"]},{"damage_healed":0,"gold_gain":0,"player_choice":"Bought 2 Potions","damage_taken":0,"max_hp_gain":0,"max_hp_loss":0,"event_name":"The Woman in Blue","floor":13,"gold_loss":0},{"damage_healed":0,"gold_gain":0,"player_choice":"Upgraded","damage_taken":0,"max_hp_gain":0,"max_hp_loss":0,"event_name":"Upgrade Shrine","floor":20,"gold_loss":0,"cards_upgraded":["Evolve"]},{"damage_healed":0,"gold_gain":0,"player_choice":"Fought Bandits","damage_taken":0,"max_hp_gain":0,"max_hp_loss":0,"event_name":"Masked Bandits","floor":29,"gold_loss":0},{"damage_healed":0,"gold_gain":0,"player_choice":"Inject Mutagens","damage_taken":0,"relics_obtained":["MutagenicStrength"],"max_hp_gain":0,"max_hp_loss":0,"event_name":"Drug Dealer","floor":30,"gold_loss":0},{"damage_healed":0,"gold_gain":0,"player_choice":"Memory 3","damage_taken":10,"max_hp_gain":0,"max_hp_loss":0,"event_name":"SensoryStone","floor":36,"gold_loss":0},{"damage_healed":0,"gold_gain":0,"player_choice":"Fight","damage_taken":0,"max_hp_gain":0,"max_hp_loss":0,"event_name":"MindBloom","floor":42,"gold_loss":0},{"damage_healed":40,"gold_gain":0,"player_choice":"Writhe","damage_taken":0,"max_hp_gain":0,"max_hp_loss":0,"event_name":"Winding Halls","floor":44,"gold_loss":0,"cards_obtained":["Writhe"]}],"is_beta":false,"boss_relics":[{"not_picked":["Lizard Tail","Eternal Feather"],"picked":"Tiny House"},{"not_picked":["Runic Dome","Velvet Choker"],"picked":"Fusion Hammer"}],"items_purged_floors":[],"is_endless":false,"potions_floor_spawned":[3,11,14,21,23,29,37,38,40,46],"ascension_level":0}