{"gold_per_floor":[112,131,141,24,44,44,78,95,95,115,115,115,125,155,155,257,257,271,282,167,183,194,194,194],"floor_reached":24,"playtime":1635,"items_purged":["Regret"],"score":314,"play_id":"2ac235f4-5356-46b0-9321-d0de543ceea1","local_time":"20180714020857","is_ascension_mode":true,"campfire_choices":[{"data":"Infinite Blades","floor":6,"key":"SMITH"},{"data":"Adrenaline","floor":11,"key":"SMITH"},{"floor":15,"key":"REST"},{"data":"Acrobatics","floor":23,"key":"SMITH"}],"neow_cost":"NONE","seed_source_timestamp":186874143770039,"circlet_count":0,"master_deck":["Defend_G","Defend_G","Defend_G","Defend_G","Defend_G","Strike_G","Strike_G","Survivor","Neutralize","Finisher","Dagger Spray","Leg Sweep","Backstab","Infinite Blades+1","Masterful Stab","Well Laid Plans","Adrenaline+1","Outmaneuver","Terror","All Out Attack","Dodge and Roll","Grand Finale","Dagger Throw+1","Bane+1","Slice+1","Riddle With Holes+1","Deflect+1","Deadly Poison","Blade Dance","Infinite Blades","Bullet Time","Infinite Blades+1","Poisoned Stab","Acrobatics+1"],"relics":["Ring of the Snake","Gremlin Horn","Ornamental Fan","Ancient Tea Set","Prayer Wheel","Astrolabe"],"potions_floor_usage":[7,16,16,21,24,24,24],"damage_taken":[{"damage":0,"enemies":"Jaw Worm","floor":1,"turns":4},{"damage":0,"enemies":"2 Louse","floor":2,"turns":2},{"damage":0,"enemies":"Cultist","floor":3,"turns":4},{"damage":1,"enemies":"Large Slime","floor":5,"turns":6},{"damage":14,"enemies":"Gremlin Nob","floor":7,"turns":4},{"damage":8,"enemies":"3 Louse","floor":8,"turns":2},{"damage":0,"enemies":"Lots of Slimes","floor":10,"turns":2},{"damage":21,"enemies":"Exordium Thugs","floor":13,"turns":5},{"damage":5,"enemies":"3 Sentries","floor":14,"turns":5},{"damage":1,"enemies":"Slime Boss","floor":16,"turns":5},{"damage":16,"enemies":"Shell Parasite","floor":18,"turns":6},{"damage":15,"enemies":"3 Byrds","floor":19,"turns":7},{"damage":4,"enemies":"Snake Plant","floor":21,"turns":4},{"damage":5,"enemies":"3 Cultists","floor":22,"turns":4},{"damage":33,"enemies":"Slavers","floor":24,"turns":3}],"seed_played":"3984727021414182640","potions_obtained":[{"floor":3,"key":"SkillPotion"},{"floor":13,"key":"SteroidPotion"},{"floor":14,"key":"Strength Potion"},{"floor":16,"key":"LiquidBronze"},{"floor":19,"key":"Block Potion"},{"floor":21,"key":"Block Potion"},{"floor":22,"key":"PowerPotion"}],"is_trial":false,"path_per_floor":["M","M","M","$","M","R","E","M","T","M","R","?","M","E","R","B",null,"M","M","$","M","M","R"],"character_chosen":"THE_SILENT","items_purchased":["Infinite Blades","Masterful Stab","Infinite Blades"],"campfire_rested":1,"item_purchase_floors":[4,4,20],"current_hp_per_floor":[70,70,70,70,69,69,55,47,47,47,47,47,26,21,42,41,70,54,39,39,35,30,30,0],"gold":194,"neow_bonus":"THREE_CARDS","is_prod":false,"is_daily":false,"chose_seed":false,"campfire_upgraded":3,"win_rate":0,"timestamp":1531499937,"path_taken":["M","M","M","$","M","R","E","M","T","M","R","?","M","E","R","BOSS","M","?","$","M","M","R","E"],"build_version":"2018-07-12","purchased_purges":1,"victory":false,"max_hp_per_floor":[70,70,70,70,70,70,70,70,70,70,70,70,70,70,70,70,70,70,70,70,70,70,70,70],"card_choices":[{"not_picked":["Acrobatics","Reflex"],"picked":"Finisher","floor":0},{"not_picked":["Backflip","Sucker Punch"],"picked":"Dagger Spray","floor":1},{"not_picked":["Underhanded Strike","Quick Slash"],"picked":"Leg Sweep","floor":2},{"not_picked":["Dodge and Roll","PiercingWail"],"picked":"Backstab","floor":3},{"not_picked":["Slice","Poisoned Stab"],"picked":"Well Laid Plans","floor":5},{"not_picked":["Slice","Underhanded Strike"],"picked":"Adrenaline","floor":7},{"not_picked":["Blur","Slice"],"picked":"Outmaneuver","floor":8},{"not_picked":["Eviscerate","Setup"],"picked":"Terror","floor":10},{"not_picked":["Poisoned Stab","Flying Knee"],"picked":"All Out Attack","floor":13},{"not_picked":["Blur","Tactician"],"picked":"Dodge and Roll","floor":14},{"not_picked":["After Image","Glass Knife"],"picked":"Grand Finale","floor":16},{"not_picked":["Sucker Punch+1","Cloak And Dagger"],"picked":"Riddle With Holes+1","floor":18},{"not_picked":["Catalyst","Poisoned Stab+1"],"picked":"Deflect+1","floor":18},{"not_picked":["Eviscerate+1","Dodge and Roll"],"picked":"Deadly Poison","floor":19},{"not_picked":["Deflect","Poisoned Stab"],"picked":"Blade Dance","floor":19},{"not_picked":["Poisoned Stab","All Out Attack+1"],"picked":"Bullet Time","floor":21},{"not_picked":["Acrobatics","Dagger Spray"],"picked":"Infinite Blades+1","floor":21},{"not_picked":["Cloak And Dagger","Blur"],"picked":"Poisoned Stab","floor":22},{"not_picked":["Slice","Flying Knee+1"],"picked":"Acrobatics","floor":22}],"player_experience":122367,"relics_obtained":[{"floor":7,"key":"Gremlin Horn"},{"floor":9,"key":"Ornamental Fan"},{"floor":14,"key":"Prayer Wheel"}],"event_choices":[{"event_name":"Big Fish","player_choice":"Box","floor":12,"damage_taken":0}],"boss_relics":[{"not_picked":["Ectoplasm","Orrery"],"picked":"Astrolabe"}],"items_purged_floors":[20],"is_endless":false,"potions_floor_spawned":[3,13,14,16,19,21,22],"killed_by":"Slavers","ascension_level":4}