{"gold_per_floor":[115,132,132,147,163,163,124,154,154,154,186,197,31,31,31,130,130,145,145,158,30,30,30,30],"floor_reached":24,"playtime":702,"items_purged":[],"score":255,"play_id":"e6f29f44-70fa-40c1-9cda-3a1a2bf8e715","local_time":"20181118203023","is_ascension_mode":true,"campfire_choices":[{"floor":6,"key":"REST"},{"data":"Ball Lightning","floor":10,"key":"SMITH"},{"floor":15,"key":"REST"},{"floor":23,"key":"REST"}],"neow_cost":"NONE","seed_source_timestamp":437099995894108,"circlet_count":0,"master_deck":["Strike_B","Strike_B","Strike_B","Strike_B","Defend_B","Defend_B","Defend_B","Defend_B","Zap","Dualcast","Blind","Defragment","Cold Snap","Ball Lightning+1","Defragment","Leap","Buffer","Master of Strategy","Biased Cognition","Melter","Trip","Stack","Undo","Ball Lightning"],"relics":["Cracked Core","Pen Nib","Incense Burner","Shuriken","Anchor","Philosopher\u0027s Stone","Bottled Lightning"],"potions_floor_usage":[5,8,8,24],"damage_taken":[{"damage":0,"enemies":"2 Louse","floor":1,"turns":1},{"damage":5,"enemies":"Small Slimes","floor":2,"turns":3},{"damage":14,"enemies":"Jaw Worm","floor":4,"turns":4},{"damage":0,"enemies":"2 Fungi Beasts","floor":5,"turns":3},{"damage":18,"enemies":"3 Sentries","floor":8,"turns":7},{"damage":21,"enemies":"Gremlin Nob","floor":11,"turns":4},{"damage":0,"enemies":"Looter","floor":12,"turns":2},{"damage":18,"enemies":"Hexaghost","floor":16,"turns":10},{"damage":12,"enemies":"Spheric Guardian","floor":18,"turns":4},{"damage":25,"enemies":"2 Thieves","floor":20,"turns":4},{"damage":51,"enemies":"Slavers","floor":24,"turns":4}],"seed_played":"6321432128404199929","potions_obtained":[{"floor":1,"key":"SteroidPotion"},{"floor":4,"key":"PowerPotion"},{"floor":5,"key":"Dexterity Potion"},{"floor":20,"key":"SpeedPotion"}],"is_trial":false,"path_per_floor":["M","M","?","M","M","R","?","E","T","R","E","M","$","?","R","B",null,"M","?","M","$","T","R","E"],"character_chosen":"DEFECT","items_purchased":["Master of Strategy","Undo","Ball Lightning"],"campfire_rested":3,"item_purchase_floors":[13,21,21],"current_hp_per_floor":[75,70,63,49,49,71,71,53,53,53,32,32,32,32,54,36,65,53,53,28,28,28,50,0],"gold":30,"neow_bonus":"RANDOM_COLORLESS","is_prod":false,"is_daily":false,"chose_seed":false,"campfire_upgraded":1,"win_rate":0,"timestamp":1542594623,"path_taken":["M","M","?","M","M","R","?","E","T","R","E","M","?","?","R","BOSS","M","?","?","?","?","R","E"],"build_version":"2018-11-15","purchased_purges":0,"victory":false,"max_hp_per_floor":[75,75,75,75,75,75,75,75,75,75,75,75,75,75,75,75,75,75,75,75,75,75,75,75],"card_choices":[{"not_picked":["Turbo","Steam"],"picked":"Defragment","floor":1},{"not_picked":["Defragment","Redo"],"picked":"Cold Snap","floor":2},{"not_picked":["Barrage","Force Field"],"picked":"Ball Lightning","floor":4},{"not_picked":["Tempest","Turbo","Coolheaded"],"picked":"SKIP","floor":5},{"not_picked":["Rebound","Cold Snap"],"picked":"Defragment","floor":8},{"not_picked":["Self Repair","Steam"],"picked":"Leap","floor":11},{"not_picked":["Conserve Battery","Coolheaded"],"picked":"Buffer","floor":12},{"not_picked":["Rainbow","Hyperbeam"],"picked":"Biased Cognition","floor":16},{"not_picked":["Hologram","Heatsinks","Leap"],"picked":"SKIP","floor":18},{"not_picked":["Storm","Hello World"],"picked":"Stack","floor":20}],"player_experience":538535,"relics_obtained":[{"floor":8,"key":"Incense Burner"},{"floor":9,"key":"Shuriken"},{"floor":11,"key":"Anchor"},{"floor":22,"key":"Bottled Lightning"}],"event_choices":[{"damage_healed":0,"gold_gain":0,"player_choice":"Success","damage_taken":7,"relics_obtained":["Pen Nib"],"max_hp_gain":0,"max_hp_loss":0,"event_name":"Scrap Ooze","floor":3,"gold_loss":0},{"damage_healed":0,"gold_gain":0,"player_choice":"Left Gold","damage_taken":0,"max_hp_gain":0,"max_hp_loss":0,"event_name":"World of Goop","floor":7,"gold_loss":39},{"damage_healed":0,"gold_gain":0,"player_choice":"Ignored","damage_taken":0,"max_hp_gain":0,"max_hp_loss":0,"event_name":"Golden Idol","floor":14,"gold_loss":0},{"damage_healed":0,"gold_gain":0,"player_choice":"2 cards matched","damage_taken":0,"max_hp_gain":0,"max_hp_loss":0,"event_name":"Match and Keep!","floor":19,"gold_loss":0,"cards_obtained":["Melter","Trip"]}],"is_beta":true,"boss_relics":[{"not_picked":["Snecko Eye","Pandora\u0027s Box"],"picked":"Philosopher\u0027s Stone"}],"items_purged_floors":[],"is_endless":false,"potions_floor_spawned":[1,4,5,20],"killed_by":"Slavers","ascension_level":5}