{"gold_per_floor":[110,110,0,14,14,14,27,27,27,56,56,83,101,120,120,194,194,212,231,85,100,110,110,173,25,25,38,52,69,69,69,69,143,143,159,241,252,174,174,174,174,202,202,202],"floor_reached":44,"playtime":1837,"items_purged":["Strike_G","Strike_G"],"score":844,"play_id":"126d9f10-d79e-403b-8790-faf9178d32ca","local_time":"20180806163351","is_ascension_mode":true,"campfire_choices":[{"data":"Dash","floor":6,"key":"SMITH"},{"data":"Poisoned Stab","floor":8,"key":"SMITH"},{"data":"Survivor","floor":11,"key":"SMITH"},{"data":"Cloak And Dagger","floor":15,"key":"SMITH"},{"data":"Leg Sweep","floor":23,"key":"SMITH"},{"floor":30,"key":"REST"},{"floor":32,"key":"REST"},{"floor":40,"key":"REST"}],"neow_cost":"NONE","seed_source_timestamp":367113696754687,"circlet_count":0,"master_deck":["Defend_G+1","Defend_G+1","Defend_G+1","Defend_G+1","Defend_G+1","Strike_G+1","Strike_G+1","Strike_G+1","Survivor+1","Neutralize+1","AscendersBane","Well Laid Plans","Dash+1","Poisoned Stab+1","Slice+1","Leg Sweep+1","Glass Knife+1","Cloak And Dagger+1","Adrenaline+1","Choke+1","Slice+1","Sucker Punch+1","Dodge and Roll","Malaise","Dagger Spray+1","Quick Slash+1","Escape Plan","Madness"],"relics":["Ring of the Snake","Molten Egg 2","Letter Opener","Strawberry","Busted Crown","Tiny Chest","War Paint","Prayer Wheel","Fusion Hammer","Pear","Pen Nib","Smiling Mask"],"potions_floor_usage":[13,16,27,33,33,44],"damage_taken":[{"damage":0,"enemies":"Jaw Worm","floor":1,"turns":8},{"damage":0,"enemies":"Cultist","floor":4,"turns":4},{"damage":0,"enemies":"2 Louse","floor":7,"turns":2},{"damage":3,"enemies":"3 Sentries","floor":10,"turns":8},{"damage":17,"enemies":"Gremlin Nob","floor":12,"turns":4},{"damage":0,"enemies":"Large Slime","floor":13,"turns":3},{"damage":10,"enemies":"Gremlin Gang","floor":14,"turns":4},{"damage":14,"enemies":"Slime Boss","floor":16,"turns":10},{"damage":0,"enemies":"3 Byrds","floor":18,"turns":6},{"damage":1,"enemies":"2 Thieves","floor":19,"turns":4},{"damage":0,"enemies":"3 Cultists","floor":21,"turns":4},{"damage":12,"enemies":"Chosen and Byrds","floor":22,"turns":6},{"damage":8,"enemies":"Book of Stabbing","floor":24,"turns":5},{"damage":1,"enemies":"Snake Plant","floor":27,"turns":4},{"damage":9,"enemies":"Slaver and Parasite","floor":28,"turns":6},{"damage":3,"enemies":"Snecko","floor":29,"turns":4},{"damage":76,"enemies":"Collector","floor":33,"turns":15},{"damage":11,"enemies":"Flame Bruiser 1 Orb","floor":35,"turns":6},{"damage":0,"enemies":"3 Darklings","floor":37,"turns":3},{"damage":22,"enemies":"Nemesis","floor":42,"turns":6},{"damage":75,"enemies":"Giant Head","floor":44,"turns":8}],"seed_played":"-5945021456189827982","potions_obtained":[{"floor":4,"key":"Fire Potion"},{"floor":12,"key":"Strength Potion"},{"floor":14,"key":"Energy Potion"},{"floor":16,"key":"Explosive Potion"},{"floor":29,"key":"FearPotion"},{"floor":33,"key":"Poison Potion"},{"floor":35,"key":"AttackPotion"}],"is_trial":false,"path_per_floor":["M","?","$","M","?","R","M","R","T","E","R","E","M","M","R","B",null,"M","M","$","M","M","R","E","$","T","M","M","M","R","?","R","B",null,"M","T","M","$","?","R","?","E","T"],"character_chosen":"THE_SILENT","items_purchased":["Dash","Sucker Punch+1","War Paint","Escape Plan"],"campfire_rested":3,"item_purchase_floors":[3,20,25,38],"current_hp_per_floor":[65,65,65,65,65,65,65,65,65,62,62,52,52,42,42,28,66,66,65,65,65,53,53,45,45,45,44,35,32,55,55,78,2,60,49,59,59,59,43,69,89,67,67,0],"gold":202,"neow_bonus":"TEN_PERCENT_HP_BONUS","is_prod":false,"is_daily":false,"chose_seed":false,"campfire_upgraded":5,"win_rate":0,"timestamp":1533566031,"path_taken":["M","?","$","M","?","R","M","R","T","E","R","E","M","M","R","BOSS","M","M","$","M","M","R","E","?","T","M","M","M","R","?","R","BOSS","M","?","M","$","?","R","?","E","T","E"],"build_version":"2018-08-02","purchased_purges":2,"victory":false,"max_hp_per_floor":[72,72,72,72,72,72,72,72,72,72,72,79,79,79,79,79,79,79,79,79,79,79,79,79,79,79,79,79,79,79,79,79,79,79,79,89,89,89,89,89,89,89,89,89],"card_choices":[{"not_picked":["Bane","Quick Slash"],"picked":"Well Laid Plans","floor":1},{"not_picked":["Accuracy","Prepared","Blade Dance"],"picked":"SKIP","floor":4},{"not_picked":["Slice","Underhanded Strike"],"picked":"Poisoned Stab","floor":7},{"not_picked":["Cloak And Dagger","Unload+1"],"picked":"Slice+1","floor":10},{"not_picked":["Blade Dance","Dodge and Roll"],"picked":"Leg Sweep","floor":12},{"not_picked":["Outmaneuver","Dodge and Roll"],"picked":"Glass Knife+1","floor":13},{"not_picked":["Underhanded Strike+1","Outmaneuver"],"picked":"Cloak And Dagger","floor":14},{"not_picked":["Grand Finale+1","Tools of the Trade"],"picked":"Adrenaline","floor":16},{"not_picked":[],"picked":"Choke+1","floor":18},{"not_picked":[],"picked":"Slice+1","floor":19},{"not_picked":["Choke+1"],"picked":"SKIP","floor":21},{"not_picked":["Quick Slash+1"],"picked":"SKIP","floor":22},{"not_picked":[],"picked":"Dodge and Roll","floor":24},{"not_picked":["Quick Slash+1"],"picked":"SKIP","floor":27},{"not_picked":["Bouncing Flask"],"picked":"SKIP","floor":27},{"not_picked":[],"picked":"Malaise","floor":28},{"not_picked":["Heel Hook+1"],"picked":"SKIP","floor":28},{"not_picked":[],"picked":"Dagger Spray+1","floor":29},{"not_picked":["Eviscerate+1"],"picked":"SKIP","floor":29},{"not_picked":[],"picked":"Quick Slash+1","floor":35},{"not_picked":["Outmaneuver"],"picked":"SKIP","floor":35},{"not_picked":["Bouncing Flask"],"picked":"SKIP","floor":37},{"not_picked":["Slice+1"],"picked":"SKIP","floor":37},{"not_picked":["Blade Dance"],"picked":"SKIP","floor":42}],"player_experience":1278637,"relics_obtained":[{"floor":9,"key":"Molten Egg 2"},{"floor":10,"key":"Letter Opener"},{"floor":12,"key":"Strawberry"},{"floor":24,"key":"Tiny Chest"},{"floor":26,"key":"Prayer Wheel"},{"floor":36,"key":"Pear"},{"floor":42,"key":"Pen Nib"},{"floor":43,"key":"Smiling Mask"}],"event_choices":[{"event_name":"Upgrade Shrine","player_choice":"Upgraded","floor":2,"damage_taken":0},{"event_name":"Liars Game","player_choice":"disagreed","floor":5,"damage_taken":0},{"event_name":"Back to Basics","player_choice":"Simplicity","floor":31,"damage_taken":0},{"event_name":"Winding Halls","player_choice":"Embrace Madness","floor":39,"damage_taken":0},{"event_name":"Bonfire Elementals","player_choice":"UNCOMMON","floor":41,"damage_taken":0}],"is_beta":false,"boss_relics":[{"not_picked":["Orrery","Empty Cage"],"picked":"Busted Crown"},{"not_picked":["Calling Bell","Philosopher\u0027s Stone"],"picked":"Fusion Hammer"}],"items_purged_floors":[3,20],"is_endless":false,"potions_floor_spawned":[4,12,14,16,22,24,29,33,35,42],"killed_by":"Giant Head","ascension_level":15}