{"gold_per_floor":[114,133,146,158,171,201,219,219,219,219,43,57,91,91,91,91],"floor_reached":16,"playtime":1279,"items_purged":[],"score":114,"play_id":"be53de7e-15dc-47f7-a150-f1429423f9f4","local_time":"20190125112751","is_ascension_mode":false,"campfire_choices":[{"data":"Dualcast","floor":8,"key":"SMITH"},{"floor":15,"key":"REST"}],"neow_cost":"NONE","seed_source_timestamp":345680258538079,"circlet_count":0,"master_deck":["Strike_B","Strike_B","Strike_B","Defend_B","Defend_B","Defend_B","Defend_B","Zap+1","Dualcast+1","Skim","Ball Lightning","Reboot","Coolheaded","Leap","Ball Lightning","Recycle","Core Surge","Injury"],"relics":["Cracked Core","Mango","Dodecahedron","Oddly Smooth Stone","Vajra","Golden Idol"],"potions_floor_usage":[4,13,13,13,16],"damage_taken":[{"damage":2,"enemies":"2 Louse","floor":1,"turns":3},{"damage":0,"enemies":"Cultist","floor":2,"turns":3},{"damage":5,"enemies":"Jaw Worm","floor":3,"turns":4},{"damage":2,"enemies":"Blue Slaver","floor":4,"turns":3},{"damage":0,"enemies":"2 Fungi Beasts","floor":5,"turns":3},{"damage":48,"enemies":"Gremlin Nob","floor":6,"turns":5},{"damage":10,"enemies":"Looter","floor":7,"turns":3},{"damage":4,"enemies":"Large Slime","floor":12,"turns":3},{"damage":13,"enemies":"3 Sentries","floor":13,"turns":5},{"damage":38,"enemies":"Slime Boss","floor":16,"turns":8}],"seed_played":"4410218101808208862","potions_obtained":[{"floor":1,"key":"Energy Potion"},{"floor":2,"key":"PowerPotion"},{"floor":3,"key":"AttackPotion"},{"floor":12,"key":"Ancient Potion"},{"floor":13,"key":"Weak Potion"}],"is_trial":false,"path_per_floor":["M","M","M","M","M","E","M","R","T","?","$","M","E","?","R","B"],"character_chosen":"DEFECT","items_purchased":["Oddly Smooth Stone","Ball Lightning"],"campfire_rested":1,"item_purchase_floors":[11,11],"current_hp_per_floor":[73,73,68,66,66,32,22,22,22,22,22,18,5,5,31,0],"gold":91,"neow_bonus":"UPGRADE_CARD","is_prod":false,"is_daily":false,"chose_seed":false,"campfire_upgraded":1,"win_rate":0,"timestamp":1548444471,"path_taken":["M","M","M","M","M","E","M","R","T","?","$","?","E","?","R","BOSS"],"build_version":"2019-01-23","purchased_purges":0,"victory":false,"max_hp_per_floor":[75,75,75,75,75,89,89,89,89,89,89,89,89,89,89,89],"card_choices":[{"not_picked":["Stack","Beam Cell"],"picked":"Skim","floor":1},{"not_picked":["Force Field","Stack"],"picked":"Ball Lightning","floor":2},{"not_picked":["Storm","Turbo"],"picked":"Reboot","floor":3},{"not_picked":["Tempest","Beam Cell","Streamline"],"picked":"SKIP","floor":4},{"not_picked":["Sweeping Beam","Go for the Eyes"],"picked":"Coolheaded","floor":5},{"not_picked":["Scrape","Storm"],"picked":"Leap","floor":6},{"not_picked":["Turbo","Tempest","Heatsinks"],"picked":"SKIP","floor":7},{"not_picked":["Rebound","Reprogram"],"picked":"Recycle","floor":12},{"not_picked":["Barrage","Gash"],"picked":"Core Surge","floor":13}],"player_experience":134274,"relics_obtained":[{"floor":6,"key":"Mango"},{"floor":9,"key":"Dodecahedron"},{"floor":13,"key":"Vajra"}],"event_choices":[{"cards_removed":["Strike_B"],"damage_healed":0,"gold_gain":0,"player_choice":"Purged","damage_taken":0,"max_hp_gain":0,"max_hp_loss":0,"event_name":"Purifier","floor":10,"gold_loss":0},{"damage_healed":0,"gold_gain":0,"player_choice":"Take Wound","damage_taken":0,"relics_obtained":["Golden Idol"],"max_hp_gain":0,"max_hp_loss":0,"event_name":"Golden Idol","floor":14,"gold_loss":0,"cards_obtained":["Injury"]}],"is_beta":false,"boss_relics":[],"items_purged_floors":[],"is_endless":false,"potions_floor_spawned":[1,2,3,12,13],"killed_by":"Slime Boss","ascension_level":0}