{"gold_per_floor":[117,117,117,117,131,131,161,179,179,29,46,46,62,62,62,165,165,183,19,38,49,49,49,62,62,62,62],"floor_reached":27,"playtime":1089,"items_purged":["Acrobatics"],"score":346,"play_id":"3604fd0c-014c-434e-95e2-83bc432c56e3","local_time":"20181002230128","is_ascension_mode":true,"campfire_choices":[{"data":"Neutralize","floor":6,"key":"SMITH"},{"data":"Infinite Blades","floor":12,"key":"SMITH"},{"data":"Finisher","floor":15,"key":"SMITH"},{"floor":23,"key":"REST"},{"floor":25,"key":"REST"}],"neow_cost":"NONE","seed_source_timestamp":211405993189827,"circlet_count":0,"master_deck":["Defend_G+1","Defend_G+1","Defend_G+1","Defend_G+1","Strike_G+1","Strike_G+1","Strike_G+1","Survivor","Neutralize+1","Quick Slash","Deadly Poison","Flying Knee","Crippling Poison","Infinite Blades+1","Finisher+1","Bullet Time","Prepared+1","Well Laid Plans+1","Outmaneuver+1","Backflip+1","Accuracy","Dodge and Roll","Catalyst"],"relics":["Ring of the Snake","NeowsBlessing","The Courier","Strawberry","Singing Bowl","Vajra","Astrolabe","Happy Flower"],"potions_floor_usage":[13,16,16,18,21,24],"damage_taken":[{"damage":0,"enemies":"2 Louse","floor":1,"turns":1},{"damage":0,"enemies":"Jaw Worm","floor":5,"turns":1},{"damage":0,"enemies":"Gremlin Nob","floor":7,"turns":1},{"damage":0,"enemies":"Small Slimes","floor":8,"turns":3},{"damage":3,"enemies":"Blue Slaver","floor":11,"turns":5},{"damage":1,"enemies":"2 Fungi Beasts","floor":13,"turns":3},{"damage":11,"enemies":"The Guardian","floor":16,"turns":14},{"damage":17,"enemies":"2 Thieves","floor":18,"turns":4},{"damage":19,"enemies":"Shell Parasite","floor":20,"turns":6},{"damage":34,"enemies":"Cultist and Chosen","floor":21,"turns":7},{"damage":24,"enemies":"Snecko","floor":24,"turns":6},{"damage":41,"enemies":"3 Cultists","floor":27,"turns":4}],"seed_played":"-6712299599657408826","potions_obtained":[{"floor":5,"key":"Energy Potion"},{"floor":11,"key":"GhostInAJar"},{"floor":13,"key":"Energy Potion"},{"floor":16,"key":"Weak Potion"},{"floor":20,"key":"Explosive Potion"},{"floor":21,"key":"Swift Potion"}],"is_trial":false,"path_per_floor":["M","?","?","?","M","R","E","M","T","$","M","R","M","?","R","B",null,"M","$","M","M","?","R","M","R","T"],"character_chosen":"THE_SILENT","items_purchased":["Vajra","Crippling Poison","Accuracy","Dodge and Roll"],"campfire_rested":2,"item_purchase_floors":[10,10,19,19],"current_hp_per_floor":[63,63,68,61,61,61,68,68,68,68,65,65,64,64,64,53,75,58,58,39,7,7,32,10,35,35,0],"gold":62,"neow_bonus":"THREE_ENEMY_KILL","is_prod":false,"is_daily":false,"chose_seed":false,"campfire_upgraded":3,"win_rate":0,"timestamp":1538539288,"path_taken":["M","?","?","?","M","R","E","M","T","$","M","R","?","?","R","BOSS","M","$","M","?","?","R","M","R","T","M"],"build_version":"2018-09-27","purchased_purges":1,"victory":false,"max_hp_per_floor":[70,70,75,75,75,75,82,82,82,82,82,82,82,82,82,82,82,82,82,82,84,84,84,86,86,86,86],"card_choices":[{"not_picked":["Setup","Flying Knee"],"picked":"Quick Slash","floor":1},{"not_picked":["Underhanded Strike","Poisoned Stab"],"picked":"Acrobatics","floor":5},{"not_picked":["Tactician","Sucker Punch"],"picked":"Deadly Poison","floor":7},{"not_picked":["Quick Slash","Terror"],"picked":"Flying Knee","floor":8},{"not_picked":["Tactician","Finisher"],"picked":"Infinite Blades","floor":11},{"not_picked":["Flying Knee","Blur"],"picked":"Finisher","floor":13},{"not_picked":["Unload","A Thousand Cuts"],"picked":"Bullet Time","floor":16},{"not_picked":["Infinite Blades+1","Underhanded Strike"],"picked":"Backflip+1","floor":18},{"not_picked":["Dagger Spray+1","Dodge and Roll"],"picked":"Catalyst","floor":20},{"not_picked":["Finisher","Slice","Concentrate"],"picked":"Singing Bowl","floor":21},{"not_picked":["Quick Slash","Prepared","Eviscerate"],"picked":"Singing Bowl","floor":24}],"player_experience":707832,"relics_obtained":[{"floor":7,"key":"Strawberry"},{"floor":9,"key":"Singing Bowl"},{"floor":26,"key":"Happy Flower"}],"event_choices":[{"event_name":"Golden Wing","player_choice":"Ignored","floor":2,"damage_taken":0},{"event_name":"Big Fish","player_choice":"Donut","floor":3,"damage_taken":0},{"event_name":"Scrap Ooze","player_choice":"success","floor":4,"damage_taken":7},{"event_name":"Liars Game","player_choice":"disagreed","floor":14,"damage_taken":0},{"event_name":"Back to Basics","player_choice":"Simplicity","floor":22,"damage_taken":0}],"is_beta":false,"boss_relics":[{"not_picked":["Runic Dome","Pandora\u0027s Box"],"picked":"Astrolabe"}],"items_purged_floors":[19],"is_endless":false,"potions_floor_spawned":[5,11,13,16,20,21],"killed_by":"3 Cultists","ascension_level":7}