{"gold_per_floor":[110,128,143,160,177,177,210,210,210,210,165,73,84,110,110,206,206,220,220,2,16,16,16,16,28,54,71,71,71,71,19,19,116,116,136,136,153,153,170,199,199,199,199,199,211,211,237,189,189,189],"floor_reached":51,"playtime":1858,"items_purged":[],"score":1074,"play_id":"6a073cbf-97ad-4f8d-b1b8-e8ff9c6c07f9","local_time":"20190124210223","is_ascension_mode":true,"campfire_choices":[{"data":"Perfected Strike","floor":6,"key":"SMITH"},{"data":"Shrug It Off","floor":8,"key":"SMITH"},{"data":"Pommel Strike","floor":10,"key":"SMITH"},{"data":"Inflame","floor":15,"key":"SMITH"},{"data":"Shrug It Off","floor":23,"key":"SMITH"},{"data":"Immolate","floor":28,"key":"SMITH"},{"data":"Perfected Strike","floor":30,"key":"SMITH"},{"data":"Ghostly Armor","floor":32,"key":"SMITH"},{"data":"Defend_R","floor":42,"key":"SMITH"},{"data":"Clothesline","floor":44,"key":"SMITH"},{"data":"Defend_R","floor":49,"key":"SMITH"}],"neow_cost":"NONE","seed_source_timestamp":418739059295031,"circlet_count":0,"master_deck":["Strike_R","Strike_R","Strike_R","Strike_R","Strike_R","Defend_R","Defend_R","Defend_R+1","Defend_R+1","Bash","Wild Strike","Pommel Strike+1","Shrug It Off+1","Ghostly Armor+1","Perfected Strike+1","Impervious","Evolve","Wild Strike","Inflame+1","Immolate+1","Necronomicurse","Battle Trance","Shrug It Off+1","Clothesline+1","Inflame+1","Perfected Strike+1","Thunderclap+1","Shrug It Off+1","Entrench+1","Heavy Blade"],"relics":["Burning Blood","Bag of Preparation","Vajra","Ornamental Fan","Strawberry","Cursed Key","Necronomicon","PreservedInsect","MutagenicStrength","Orichalcum","Lizard Tail","Ginger","Mango","Pantograph"],"potions_floor_usage":[7,14,24,27,33,33,40,45,50,50,50],"damage_taken":[{"damage":4,"enemies":"Small Slimes","floor":1,"turns":4},{"damage":9,"enemies":"2 Louse","floor":2,"turns":3},{"damage":0,"enemies":"Cultist","floor":3,"turns":2},{"damage":9,"enemies":"2 Fungi Beasts","floor":4,"turns":3},{"damage":3,"enemies":"Blue Slaver","floor":5,"turns":4},{"damage":16,"enemies":"Lagavulin","floor":7,"turns":6},{"damage":2,"enemies":"Large Slime","floor":13,"turns":5},{"damage":4,"enemies":"3 Sentries","floor":14,"turns":6},{"damage":44,"enemies":"The Guardian","floor":16,"turns":11},{"damage":12,"enemies":"2 Thieves","floor":18,"turns":3},{"damage":0,"enemies":"Spheric Guardian","floor":21,"turns":1},{"damage":0,"enemies":"Snake Plant","floor":24,"turns":2},{"damage":0,"enemies":"Cultist and Chosen","floor":25,"turns":3},{"damage":3,"enemies":"Chosen and Byrds","floor":27,"turns":4},{"damage":0,"enemies":"Collector","floor":33,"turns":6},{"damage":0,"enemies":"3 Darklings","floor":35,"turns":1},{"damage":4,"enemies":"3 Shapes","floor":37,"turns":2},{"damage":0,"enemies":"Jaw Worm Horde","floor":39,"turns":1},{"damage":2,"enemies":"Nemesis","floor":40,"turns":3},{"damage":0,"enemies":"Spire Growth","floor":45,"turns":2},{"damage":0,"enemies":"Giant Head","floor":47,"turns":4},{"damage":69,"enemies":"Donu and Deca","floor":50,"turns":7}],"seed_played":"2600777492787531262","potions_obtained":[{"floor":3,"key":"SteroidPotion"},{"floor":4,"key":"Explosive Potion"},{"floor":13,"key":"SmokeBomb"},{"floor":21,"key":"Fire Potion"},{"floor":25,"key":"Regen Potion"},{"floor":27,"key":"EssenceOfSteel"},{"floor":35,"key":"Fire Potion"},{"floor":37,"key":"Ancient Potion"},{"floor":39,"key":"Swift Potion"},{"floor":40,"key":"AttackPotion"},{"floor":47,"key":"Weak Potion"}],"is_trial":false,"path_per_floor":["M","M","M","M","M","R","E","R","T","R","?","$","M","E","R","B",null,"M","?","$","M","?","R","M","M","T","M","R","?","R","$","R","B",null,"M","?","M","?","M","E","?","R","T","R","M","?","E","$","R","B",null],"character_chosen":"IRONCLAD","items_purchased":["Evolve","Wild Strike","PreservedInsect","Battle Trance","SkillPotion","Heavy Blade"],"campfire_rested":0,"item_purchase_floors":[12,12,20,20,31,48],"current_hp_per_floor":[74,71,77,74,77,77,67,67,67,67,67,67,71,80,80,42,76,70,54,54,60,60,60,66,72,72,87,87,87,87,87,87,87,87,87,87,87,87,87,87,87,87,101,101,101,101,101,101,101,38],"gold":189,"neow_bonus":"RANDOM_COMMON_RELIC","is_prod":false,"is_daily":false,"chose_seed":false,"campfire_upgraded":11,"win_rate":0,"timestamp":1548385343,"path_taken":["M","M","M","M","M","R","E","R","T","R","?","$","M","E","R","BOSS","M","?","$","M","?","R","M","M","T","M","R","?","R","$","R","BOSS","M","?","?","?","M","E","?","R","T","R","M","?","E","$","R","BOSS"],"build_version":"2019-01-23","purchased_purges":0,"victory":true,"max_hp_per_floor":[80,80,80,80,80,80,80,80,80,80,80,80,80,87,87,87,87,87,87,87,87,87,87,87,87,87,87,87,87,87,87,87,87,87,87,87,87,87,87,87,87,87,101,101,101,101,101,101,101,101],"card_choices":[{"not_picked":["Second Wind","Dropkick"],"picked":"Wild Strike","floor":1},{"not_picked":["Armaments","Clash"],"picked":"Pommel Strike","floor":2},{"not_picked":["Carnage","Pommel Strike"],"picked":"Shrug It Off","floor":3},{"not_picked":["Metallicize","Reckless Charge"],"picked":"Ghostly Armor","floor":4},{"not_picked":["Heavy Blade","Headbutt"],"picked":"Perfected Strike","floor":5},{"not_picked":["Dual Wield","Disarm"],"picked":"Impervious","floor":7},{"not_picked":["Sever Soul","Shrug It Off","Armaments"],"picked":"SKIP","floor":13},{"not_picked":["Armaments","Anger"],"picked":"Inflame","floor":14},{"not_picked":["Bludgeon","Reaper"],"picked":"Immolate","floor":16},{"not_picked":["Twin Strike","Cleave","Combust"],"picked":"SKIP","floor":18},{"not_picked":["Pommel Strike","Power Through"],"picked":"Shrug It Off","floor":21},{"not_picked":["True Grit","Twin Strike+1"],"picked":"Clothesline","floor":25},{"not_picked":["Clothesline+1","Spot Weakness"],"picked":"Inflame+1","floor":27},{"not_picked":["Berserk","Demon Form"],"picked":"Juggernaut","floor":33},{"not_picked":["Cleave+1","Wild Strike","Thunderclap"],"picked":"SKIP","floor":35},{"not_picked":["Metallicize","True Grit"],"picked":"Thunderclap+1","floor":37},{"not_picked":["Pummel+1","Rampage","Warcry"],"picked":"SKIP","floor":39},{"not_picked":["Bloodletting","Body Slam+1"],"picked":"Shrug It Off+1","floor":40},{"not_picked":["Havoc","Warcry+1"],"picked":"Entrench+1","floor":45},{"not_picked":["Body Slam+1","Feel No Pain","Offering"],"picked":"SKIP","floor":47}],"player_experience":636951,"relics_obtained":[{"floor":7,"key":"Vajra"},{"floor":9,"key":"Ornamental Fan"},{"floor":14,"key":"Strawberry"},{"floor":19,"key":"Necronomicon"},{"floor":26,"key":"Orichalcum"},{"floor":40,"key":"Ginger"},{"floor":43,"key":"Mango"},{"floor":47,"key":"Pantograph"}],"event_choices":[{"damage_healed":0,"gold_gain":0,"player_choice":"Left Gold","damage_taken":0,"max_hp_gain":0,"max_hp_loss":0,"event_name":"World of Goop","floor":11,"gold_loss":45},{"damage_healed":0,"gold_gain":0,"player_choice":"Obtained Book","damage_taken":16,"max_hp_gain":0,"max_hp_loss":0,"event_name":"Cursed Tome","floor":19,"gold_loss":0},{"damage_healed":0,"gold_gain":0,"player_choice":"Inject Mutagens","damage_taken":0,"relics_obtained":["MutagenicStrength"],"max_hp_gain":0,"max_hp_loss":0,"event_name":"Drug Dealer","floor":22,"gold_loss":0},{"damage_healed":0,"gold_gain":0,"player_choice":"Read","damage_taken":0,"max_hp_gain":0,"max_hp_loss":0,"event_name":"The Library","floor":29,"gold_loss":0,"cards_obtained":["Perfected Strike"]},{"damage_healed":0,"gold_gain":0,"player_choice":"0 cards matched","damage_taken":0,"max_hp_gain":0,"max_hp_loss":0,"event_name":"Match and Keep!","floor":36,"gold_loss":0,"cards_obtained":[]},{"damage_healed":0,"gold_gain":0,"player_choice":"Ignored","damage_taken":0,"max_hp_gain":0,"max_hp_loss":0,"event_name":"Mysterious Sphere","floor":38,"gold_loss":0},{"cards_removed":["Juggernaut"],"damage_healed":0,"gold_gain":0,"player_choice":"Removed Power","damage_taken":0,"max_hp_gain":0,"max_hp_loss":0,"event_name":"Falling","floor":41,"gold_loss":0},{"cards_removed":["Regret","Writhe"],"damage_healed":0,"gold_gain":0,"player_choice":"Removed Curses","damage_taken":0,"max_hp_gain":0,"max_hp_loss":0,"event_name":"Fountain of Cleansing","floor":46,"gold_loss":0}],"is_beta":true,"boss_relics":[{"not_picked":["Mark of Pain","Black Blood"],"picked":"Cursed Key"},{"not_picked":["Busted Crown","Black Star"],"picked":"Lizard Tail"}],"items_purged_floors":[],"is_endless":false,"potions_floor_spawned":[3,4,13,21,25,27,35,37,39,40,47],"ascension_level":7}