{"gold_per_floor":[112,112,131,81,98,125,125,139,209,4,32,50,80,5,5,109,109,122,62,62,62,62,62,62,74,98,30,30],"floor_reached":28,"playtime":1139,"items_purged":["Strike_R"],"score":358,"play_id":"eaf4f709-c809-414a-80ae-de468c59cec9","local_time":"20180907101440","is_ascension_mode":true,"campfire_choices":[{"data":"Juggernaut","floor":7,"key":"SMITH"},{"floor":15,"key":"REST"},{"data":"Armaments","floor":23,"key":"SMITH"}],"neow_cost":"","seed_source_timestamp":1504741280443139,"circlet_count":0,"master_deck":["Strike_R","Strike_R","Strike_R","Defend_R","Defend_R","Defend_R","Defend_R","Bash","AscendersBane","Battle Trance","Clothesline","Shrug It Off","Juggernaut+1","Body Slam","Reaper","Body Slam","Reaper","Armaments","Juggernaut","Armaments+1","Evolve","Spot Weakness","Feel No Pain"],"relics":["Burning Blood","Ginger","Bottled Flame","Blood Vial","Sozu","Enchiridion","Gremlin Horn","Happy Flower"],"potions_floor_usage":[6,11,16],"damage_taken":[{"damage":13,"enemies":"Jaw Worm","floor":1,"turns":4},{"damage":8,"enemies":"Small Slimes","floor":3,"turns":4},{"damage":0,"enemies":"Cultist","floor":5,"turns":3},{"damage":29,"enemies":"Lagavulin","floor":6,"turns":6},{"damage":8,"enemies":"Looter","floor":8,"turns":4},{"damage":45,"enemies":"3 Sentries","floor":11,"turns":8},{"damage":20,"enemies":"3 Louse","floor":12,"turns":5},{"damage":30,"enemies":"Slime Boss","floor":16,"turns":9},{"damage":34,"enemies":"3 Byrds","floor":18,"turns":5},{"damage":28,"enemies":"2 Thieves","floor":19,"turns":4},{"damage":39,"enemies":"Snake Plant","floor":25,"turns":4},{"damage":70,"enemies":"Masked Bandits","floor":28,"turns":3}],"seed_played":"-7050133998157178884","potions_obtained":[{"floor":5,"key":"Strength Potion"},{"floor":8,"key":"SkillPotion"},{"floor":11,"key":"PowerPotion"}],"is_trial":false,"path_per_floor":["M","?","M","?","M","E","R","M","T","$","E","M","?","$","R","B",null,"M","M","?","T","$","R","$","M","T","$"],"character_chosen":"IRONCLAD","items_purchased":["Reaper","Body Slam","Feel No Pain"],"campfire_rested":1,"item_purchase_floors":[10,10,27],"current_hp_per_floor":[65,70,68,68,74,51,51,49,49,49,22,34,34,34,59,85,85,71,67,51,51,51,51,51,31,31,31,0],"gold":30,"neow_bonus":"","is_prod":false,"is_daily":false,"chose_seed":false,"campfire_upgraded":2,"win_rate":0,"timestamp":1536329680,"path_taken":["M","?","M","?","M","E","R","?","T","?","E","M","?","$","R","BOSS","M","M","?","?","$","R","$","M","T","?","?"],"build_version":"2018-09-06","purchased_purges":1,"victory":false,"max_hp_per_floor":[80,85,85,85,85,85,85,85,85,85,85,85,85,85,85,85,85,85,85,85,85,85,85,85,85,85,85,85],"card_choices":[{"not_picked":["Heavy Blade","Iron Wave"],"picked":"Battle Trance","floor":1},{"not_picked":["Sword Boomerang","Armaments"],"picked":"Clothesline","floor":3},{"not_picked":["Bloodletting","Sword Boomerang"],"picked":"Shrug It Off","floor":5},{"not_picked":["Disarm","Havoc"],"picked":"Juggernaut","floor":6},{"not_picked":["Twin Strike","Wild Strike"],"picked":"Body Slam","floor":8},{"not_picked":["Flex","Pommel Strike"],"picked":"Reaper","floor":11},{"not_picked":["Headbutt","Sword Boomerang"],"picked":"Armaments","floor":12},{"not_picked":["Double Tap","Bludgeon"],"picked":"Juggernaut","floor":16},{"not_picked":["Flex","Headbutt"],"picked":"Armaments","floor":18},{"not_picked":["Warcry","Havoc"],"picked":"Evolve","floor":19},{"not_picked":["Warcry","Headbutt+1"],"picked":"Spot Weakness","floor":25}],"player_experience":1518695,"relics_obtained":[{"floor":6,"key":"Ginger"},{"floor":9,"key":"Bottled Flame"},{"floor":11,"key":"Blood Vial"},{"floor":20,"key":"Enchiridion"},{"floor":21,"key":"Gremlin Horn"},{"floor":26,"key":"Happy Flower"}],"event_choices":[{"event_name":"Big Fish","player_choice":"Donut","floor":2,"damage_taken":0},{"event_name":"The Cleric","player_choice":"Card Removal","floor":4,"damage_taken":0},{"event_name":"Dead Adventurer","player_choice":"Searched \u00271\u0027 times","floor":13,"damage_taken":0},{"event_name":"Cursed Tome","player_choice":"Obtained Book","floor":20,"damage_taken":0},{"event_name":"Masked Bandits","player_choice":"Fought Bandits","floor":28,"damage_taken":0}],"is_beta":false,"boss_relics":[{"not_picked":["Lizard Tail","Runic Pyramid"],"picked":"Sozu"}],"items_purged_floors":[14],"is_endless":false,"potions_floor_spawned":[5,8,11],"killed_by":"Masked Bandits","ascension_level":12}