{"gold_per_floor":[111,124,138,153,153,153,171,199,252,265,265,275,306,318,318,413,413,428,428,103,115,45,45,61,95,121,133,149,168,118,136,136,241,241,255,255,265,18,38,68,68,93,93,447,447,467,467,486,486,486],"floor_reached":51,"playtime":4691,"items_purged":["Strike_R","Strike_R"],"score":795,"play_id":"50eb0b26-4853-453c-94e7-6bdbfc1d3d64","local_time":"20190212204225","is_ascension_mode":false,"campfire_choices":[{"data":"Metallicize","floor":6,"key":"SMITH"},{"data":"Rampage","floor":11,"key":"SMITH"},{"floor":15,"key":"REST"},{"floor":23,"key":"REST"},{"floor":32,"key":"REST"},{"floor":41,"key":"REST"},{"floor":45,"key":"REST"},{"floor":49,"key":"REST"}],"neow_cost":"TEN_PERCENT_HP_LOSS","seed_source_timestamp":2702507342836710,"circlet_count":0,"master_deck":["Strike_R","Defend_R","Defend_R","Defend_R","Defend_R","Bash","Feed","Metallicize+1","Headbutt","Rampage+1","Headbutt","Dark Embrace","Headbutt","Shockwave","Shockwave","Barricade","Inflame","Feed","Uppercut","Inflame","Combust+1","Flame Barrier","Clothesline","Warcry+1","Shrug It Off+1","Demon Form","True Grit","Flame Barrier+1","Flash of Steel","Blind","Good Instincts","Parasite","Flame Barrier+1"],"relics":["Burning Blood","Pantograph","Bag of Preparation","Paper Frog","Busted Crown","Smiling Mask","Pen Nib","Fusion Hammer","Bottled Tornado","Gremlin Horn","PreservedInsect","Question Card","Old Coin"],"potions_floor_usage":[13,25,25,29,33,39,40,42,44,50],"damage_taken":[{"damage":3,"enemies":"Jaw Worm","floor":1,"turns":3},{"damage":1,"enemies":"Cultist","floor":2,"turns":4},{"damage":2,"enemies":"Small Slimes","floor":3,"turns":4},{"damage":32,"enemies":"Gremlin Gang","floor":4,"turns":7},{"damage":12,"enemies":"Lots of Slimes","floor":7,"turns":5},{"damage":22,"enemies":"Gremlin Nob","floor":8,"turns":5},{"damage":6,"enemies":"Large Slime","floor":10,"turns":5},{"damage":9,"enemies":"2 Fungi Beasts","floor":12,"turns":5},{"damage":18,"enemies":"3 Sentries","floor":13,"turns":6},{"damage":10,"enemies":"3 Louse","floor":14,"turns":3},{"damage":56,"enemies":"The Guardian","floor":16,"turns":12},{"damage":43,"enemies":"Spheric Guardian","floor":18,"turns":6},{"damage":20,"enemies":"3 Byrds","floor":21,"turns":7},{"damage":16,"enemies":"Cultist and Chosen","floor":24,"turns":6},{"damage":31,"enemies":"Book of Stabbing","floor":25,"turns":7},{"damage":19,"enemies":"Snecko","floor":27,"turns":5},{"damage":15,"enemies":"Snake Plant","floor":28,"turns":3},{"damage":24,"enemies":"Cultist and Chosen","floor":29,"turns":5},{"damage":0,"enemies":"Centurion and Healer","floor":31,"turns":10},{"damage":84,"enemies":"Champ","floor":33,"turns":11},{"damage":18,"enemies":"Orb Walker","floor":35,"turns":5},{"damage":4,"enemies":"3 Shapes","floor":37,"turns":3},{"damage":29,"enemies":"Spire Growth","floor":39,"turns":5},{"damage":32,"enemies":"Giant Head","floor":40,"turns":9},{"damage":22,"enemies":"Nemesis","floor":42,"turns":11},{"damage":59,"enemies":"2 Orb Walkers","floor":44,"turns":6},{"damage":32,"enemies":"Transient","floor":46,"turns":5},{"damage":51,"enemies":"Writhing Mass","floor":48,"turns":8},{"damage":67,"enemies":"Awakened One","floor":50,"turns":13}],"seed_played":"-7138154693966099341","potions_obtained":[{"floor":3,"key":"SpeedPotion"},{"floor":7,"key":"Poison Potion"},{"floor":8,"key":"Dexterity Potion"},{"floor":25,"key":"Dexterity Potion"},{"floor":27,"key":"Dexterity Potion"},{"floor":28,"key":"Explosive Potion"},{"floor":29,"key":"PowerPotion"},{"floor":33,"key":"Regen Potion"},{"floor":40,"key":"Weak Potion"},{"floor":44,"key":"Strength Potion"},{"floor":48,"key":"SteroidPotion"}],"is_trial":false,"path_per_floor":["M","M","M","M","?","R","M","E","T","M","R","M","E","M","R","B",null,"M","?","$","M","$","R","M","E","T","M","M","M","$","M","R","B",null,"M","?","M","$","M","E","R","E","T","?","R","M","?","M","R","B",null],"character_chosen":"IRONCLAD","items_purchased":["Inflame","Feed","Uppercut","Inflame","Bottled Tornado"],"campfire_rested":6,"item_purchase_floors":[20,20,20,22,38],"current_hp_per_floor":[75,75,78,55,55,55,52,39,39,42,42,42,33,32,61,39,102,65,65,65,57,57,89,85,60,60,50,44,32,32,44,83,33,135,123,123,131,131,116,93,137,121,121,71,116,90,80,35,80,44],"gold":486,"neow_bonus":"THREE_RARE_CARDS","is_prod":false,"is_daily":false,"chose_seed":false,"campfire_upgraded":2,"win_rate":0.0,"timestamp":1549975345,"path_taken":["M","M","M","M","?","R","M","E","T","M","R","M","E","?","R","BOSS","M","?","$","M","$","R","M","E","T","M","?","M","?","M","R","BOSS","M","?","M","$","M","E","R","E","T","?","R","M","?","M","R","BOSS"],"build_version":"2019-01-23","purchased_purges":2,"victory":true,"max_hp_per_floor":[75,75,78,81,81,81,84,87,87,90,90,93,96,99,99,102,102,102,102,102,108,108,108,114,114,114,117,120,126,126,132,132,135,135,135,135,141,141,144,147,147,147,147,150,150,150,150,150,150,150],"card_choices":[{"not_picked":["Offering","Barricade"],"picked":"Feed","floor":0},{"not_picked":["Warcry","Clash"],"picked":"Metallicize","floor":1},{"not_picked":["Rampage","Carnage"],"picked":"Headbutt","floor":2},{"not_picked":["Pommel Strike","Cleave"],"picked":"Rampage","floor":3},{"not_picked":["Heavy Blade","Thunderclap"],"picked":"Headbutt","floor":4},{"not_picked":["Cleave","Sword Boomerang","Anger"],"picked":"SKIP","floor":7},{"not_picked":["Perfected Strike","Warcry"],"picked":"Dark Embrace","floor":8},{"not_picked":["Searing Blow","Dropkick"],"picked":"Headbutt","floor":10},{"not_picked":["Entrench","Carnage"],"picked":"Shockwave","floor":12},{"not_picked":["Blood for Blood","Warcry","Heavy Blade"],"picked":"SKIP","floor":13},{"not_picked":["Heavy Blade","Thunderclap"],"picked":"Shockwave","floor":14},{"not_picked":["Feed","Fiend Fire"],"picked":"Barricade","floor":16},{"not_picked":["Body Slam"],"picked":"SKIP","floor":18},{"not_picked":["Sever Soul+1"],"picked":"SKIP","floor":21},{"not_picked":[],"picked":"Combust+1","floor":24},{"not_picked":[],"picked":"Flame Barrier","floor":25},{"not_picked":[],"picked":"Clothesline","floor":27},{"not_picked":[],"picked":"Warcry+1","floor":28},{"not_picked":[],"picked":"Shrug It Off+1","floor":29},{"not_picked":["Clash"],"picked":"SKIP","floor":31},{"not_picked":[],"picked":"Demon Form","floor":33},{"not_picked":["Clash+1"],"picked":"SKIP","floor":35},{"not_picked":["Corruption+1"],"picked":"SKIP","floor":37},{"not_picked":[],"picked":"True Grit","floor":39},{"not_picked":["Reckless Charge+1"],"picked":"SKIP","floor":40},{"not_picked":[],"picked":"Flame Barrier+1","floor":42},{"not_picked":["Heavy Blade","Warcry"],"picked":"SKIP","floor":46},{"not_picked":["Enlightenment"],"picked":"Flash of Steel","floor":47},{"not_picked":["Good Instincts"],"picked":"Blind","floor":47},{"not_picked":["Mind Blast"],"picked":"Good Instincts","floor":47},{"not_picked":["Warcry"],"picked":"Flame Barrier+1","floor":48}],"player_experience":93752,"relics_obtained":[{"floor":8,"key":"Pantograph"},{"floor":9,"key":"Bag of Preparation"},{"floor":13,"key":"Paper Frog"},{"floor":25,"key":"Smiling Mask"},{"floor":26,"key":"Pen Nib"},{"floor":40,"key":"Gremlin Horn"},{"floor":42,"key":"PreservedInsect"},{"floor":43,"key":"Question Card"},{"floor":44,"key":"Old Coin"}],"event_choices":[{"cards_removed":["Strike_R"],"damage_healed":0,"gold_gain":0,"player_choice":"Offered Basic","damage_taken":0,"max_hp_gain":0,"max_hp_loss":0,"event_name":"Bonfire Elementals","floor":5,"gold_loss":0},{"cards_removed":["Strike_R"],"damage_healed":0,"gold_gain":0,"player_choice":"Purged","damage_taken":0,"max_hp_gain":0,"max_hp_loss":0,"event_name":"Purifier","floor":19,"gold_loss":0},{"damage_healed":0,"gold_gain":0,"player_choice":"Ignored","damage_taken":0,"max_hp_gain":0,"max_hp_loss":0,"event_name":"Tomb of Lord Red Mask","floor":36,"gold_loss":0},{"damage_healed":0,"gold_gain":0,"player_choice":"Fight","damage_taken":0,"max_hp_gain":0,"max_hp_loss":0,"event_name":"Mysterious Sphere","floor":44,"gold_loss":0},{"damage_healed":0,"gold_gain":0,"player_choice":"Memory 3","damage_taken":10,"max_hp_gain":0,"max_hp_loss":0,"event_name":"SensoryStone","floor":47,"gold_loss":0}],"is_beta":false,"boss_relics":[{"not_picked":["Empty Cage","White Beast Statue"],"picked":"Busted Crown"},{"not_picked":["Snecko Eye","Coffee Dripper"],"picked":"Fusion Hammer"}],"items_purged_floors":[20,30],"is_endless":false,"potions_floor_spawned":[3,7,8,12,25,27,28,29,33,37,40,44,48],"ascension_level":0}