{"gold_per_floor":[116,116,191,191,35,35,56,56,56,70,70,84,84,109,109,109],"floor_reached":16,"playtime":365,"items_purged":[],"score":90,"play_id":"58e7fe92-1207-4343-b7cb-d3535f210431","local_time":"20190207214339","is_ascension_mode":false,"campfire_choices":[{"data":"Zap","floor":6,"key":"SMITH"},{"data":"Go for the Eyes","floor":8,"key":"SMITH"},{"data":"White Noise","floor":15,"key":"SMITH"}],"neow_cost":"TEN_PERCENT_HP_LOSS","seed_source_timestamp":1339434125490300,"circlet_count":0,"master_deck":["Strike_B","Strike_B","Strike_B","Strike_B","Defend_B","Defend_B","Defend_B","Defend_B","Zap+1","Dualcast+1","Biased Cognition","Double Energy+1","Capacitor","FTL","Go for the Eyes+1","Amplify","White Noise+1"],"relics":["Cracked Core","Golden Idol","Meat on the Bone","Bottled Tornado"],"potions_floor_usage":[14,16],"damage_taken":[{"damage":7,"enemies":"Small Slimes","floor":1,"turns":3},{"damage":1,"enemies":"Jaw Worm","floor":7,"turns":2},{"damage":6,"enemies":"2 Louse","floor":10,"turns":3},{"damage":7,"enemies":"Blue Slaver","floor":12,"turns":3},{"damage":11,"enemies":"Gremlin Gang","floor":14,"turns":3},{"damage":11,"enemies":"Slime Boss","floor":16,"turns":8}],"seed_played":"1195806069291725073","potions_obtained":[{"floor":1,"key":"AttackPotion"},{"floor":12,"key":"Weak Potion"}],"is_trial":false,"path_per_floor":["M","?","?","?","$","R","M","R","T","M","?","M","T","M","R","B"],"character_chosen":"DEFECT","items_purchased":["Capacitor","FTL"],"campfire_rested":0,"item_purchase_floors":[5,5],"current_hp_per_floor":[61,47,36,36,36,36,35,35,35,41,46,39,39,40,40,29],"gold":109,"neow_bonus":"THREE_RARE_CARDS","is_prod":false,"is_daily":false,"chose_seed":false,"campfire_upgraded":3,"win_rate":0,"timestamp":1549543419,"path_taken":["M","?","?","?","$","R","?","R","T","M","?","M","?","?","R","BOSS"],"build_version":"2019-01-23","purchased_purges":0,"victory":false,"max_hp_per_floor":[68,68,68,63,63,63,63,63,63,63,68,68,68,68,68,68],"card_choices":[{"not_picked":["Hyperbeam","All For One"],"picked":"Biased Cognition","floor":0},{"not_picked":["Consume","Gash"],"picked":"Double Energy","floor":1},{"not_picked":["Turbo","Compile Driver"],"picked":"Go for the Eyes","floor":7},{"not_picked":["Go for the Eyes","Steam Power","Beam Cell"],"picked":"SKIP","floor":10},{"not_picked":["Rip and Tear","Lockon"],"picked":"Amplify","floor":12},{"not_picked":["Gash","Loop"],"picked":"White Noise","floor":14}],"player_experience":484363,"relics_obtained":[{"floor":9,"key":"Meat on the Bone"},{"floor":13,"key":"Bottled Tornado"}],"event_choices":[{"damage_healed":0,"gold_gain":0,"player_choice":"Entered Light","damage_taken":14,"max_hp_gain":0,"max_hp_loss":0,"event_name":"Shining Light","floor":2,"gold_loss":0,"cards_upgraded":["Double Energy","Dualcast"]},{"damage_healed":0,"gold_gain":75,"player_choice":"Gather Gold","damage_taken":11,"max_hp_gain":0,"max_hp_loss":0,"event_name":"World of Goop","floor":3,"gold_loss":0},{"damage_healed":0,"gold_gain":0,"player_choice":"Lose Max HP","damage_taken":0,"relics_obtained":["Golden Idol"],"max_hp_gain":0,"max_hp_loss":5,"event_name":"Golden Idol","floor":4,"gold_loss":0},{"damage_healed":0,"gold_gain":0,"player_choice":"Donut","damage_taken":0,"max_hp_gain":5,"max_hp_loss":0,"event_name":"Big Fish","floor":11,"gold_loss":0}],"is_beta":false,"boss_relics":[],"items_purged_floors":[],"is_endless":false,"potions_floor_spawned":[1,12],"killed_by":"Slime Boss","ascension_level":0}