{"gold_per_floor":[116,116,126,126,13,13,46,46,94,123,52,52,75,100,100,221,221,239,263,62,62,28,69,69,69,92,117,131,131,131,169,169,297,297,316,330,251,271,296,296,629,629,652,652,677,3,28,45,45,45],"floor_reached":51,"playtime":1910,"items_purged":["Defend_R"],"score":951,"play_id":"4f16f8a4-abbe-4d43-812d-c80f39c5386d","local_time":"20190214210643","is_ascension_mode":false,"campfire_choices":[{"data":"Metallicize","floor":6.0,"key":"SMITH"},{"data":"Bash","floor":8.0,"key":"SMITH"},{"data":"Burning Pact","floor":15.0,"key":"SMITH"},{"data":"Rampage","floor":24,"key":"SMITH"},{"data":"Rampage","floor":30,"key":"SMITH"},{"data":"Corruption","floor":32,"key":"SMITH"},{"data":"Uppercut","floor":40,"key":"SMITH"},{"data":"Feel No Pain","floor":42,"key":"SMITH"},{"data":"Feel No Pain","floor":49,"key":"SMITH"}],"neow_cost":"PERCENT_DAMAGE","seed_source_timestamp":0,"circlet_count":0,"master_deck":["Defend_R","Defend_R","Bash+1","Shrug It Off","Bloodletting+1","Flex+1","Metallicize+1","Battle Trance","Shrug It Off","Rampage+1","Twin Strike","Burning Pact+1","Feed","Corruption+1","Clash+1","Ghostly","Ghostly","Ghostly","Ghostly","Ghostly","Rampage+1","Carnage+1","Headbutt","Rage+1","Bite","Bite","Bite","Bite","Bite","Flex+1","Immolate","Feel No Pain+1","Uppercut+1","Burning Pact","Shrug It Off","Ghostly Armor","Feel No Pain+1","Burning Pact+1"],"special_seed":0,"relics":["Burning Blood","Dodecahedron","PreservedInsect","Coffee Dripper","Medical Kit","Whetstone","Regal Pillow","Lantern","Busted Crown","Potion Belt","Juzu Bracelet","Bronze Scales","Toy Ornithopter","Self Forming Clay","Ancient Tea Set"],"potions_floor_usage":[16,16,23,33,33,33,47,50,50,50],"damage_taken":[{"damage":7.0,"enemies":"2 Louse","floor":1.0,"turns":4.0},{"damage":0.0,"enemies":"Jaw Worm","floor":3.0,"turns":5.0},{"damage":16.0,"enemies":"Lagavulin","floor":7.0,"turns":6.0},{"damage":8.0,"enemies":"3 Sentries","floor":10.0,"turns":8.0},{"damage":0.0,"enemies":"Small Slimes","floor":13.0,"turns":4.0},{"damage":4.0,"enemies":"Looter","floor":14.0,"turns":3.0},{"damage":0,"enemies":"The Guardian","floor":16,"turns":14},{"damage":6,"enemies":"Spheric Guardian","floor":18,"turns":4},{"damage":16,"enemies":"2 Thieves","floor":19,"turns":4},{"damage":1,"enemies":"Gremlin Leader","floor":23,"turns":8},{"damage":2,"enemies":"Centurion and Healer","floor":27,"turns":5},{"damage":5,"enemies":"3 Cultists","floor":28,"turns":6},{"damage":0,"enemies":"Book of Stabbing","floor":31,"turns":3},{"damage":35,"enemies":"Collector","floor":33,"turns":12},{"damage":35,"enemies":"3 Shapes","floor":35,"turns":7},{"damage":6,"enemies":"3 Darklings","floor":36,"turns":6},{"damage":0,"enemies":"Sphere and 2 Shapes","floor":38,"turns":4},{"damage":5,"enemies":"Jaw Worm Horde","floor":39,"turns":2},{"damage":0,"enemies":"Giant Head","floor":45,"turns":6},{"damage":20,"enemies":"Nemesis","floor":47,"turns":7},{"damage":0,"enemies":"3 Darklings","floor":48,"turns":4},{"damage":60,"enemies":"Awakened One","floor":50,"turns":12}],"seed_played":"5841298002850112477","potions_obtained":[{"floor":3.0,"key":"BloodPotion"},{"floor":7.0,"key":"PowerPotion"},{"floor":13.0,"key":"Strength Potion"},{"floor":14.0,"key":"Weak Potion"},{"floor":16,"key":"EssenceOfSteel"},{"floor":18,"key":"SteroidPotion"},{"floor":19,"key":"Regen Potion"},{"floor":27,"key":"Weak Potion"},{"floor":36,"key":"Fire Potion"},{"floor":38,"key":"Swift Potion"},{"floor":39,"key":"Weak Potion"},{"floor":45,"key":"Swift Potion"}],"is_trial":false,"path_per_floor":["M","?","M","?","$","R","E","R","T","E","$","?","M","M","R","B",null,"M","M","$","?","$","E","R","?","T","M","M","?","R","E","R","B",null,"M","M","$","M","M","R","?","R","T","?","E","$","E","M","R","B",null],"character_chosen":"IRONCLAD","items_purchased":["Metallicize","Rampage","Medical Kit","Rampage","Feel No Pain","Bronze Scales","Shrug It Off","Toy Ornithopter","Self Forming Clay","Ghostly Armor"],"campfire_rested":0,"item_purchase_floors":[5,11,20,22,37,46,46,46,46,46],"current_hp_per_floor":[55,55,61,45,45,45,43,43,43,41,41,21,29,33,33,41,80,83,76,76,43,43,43,43,43,43,46,49,49,49,49,49,40,49,32,47,47,55,58,58,58,58,58,58,58,58,58,58,58,25],"gold":45,"neow_bonus":"REMOVE_TWO","is_prod":false,"is_daily":false,"chose_seed":false,"campfire_upgraded":9,"win_rate":0,"timestamp":1550200003,"path_taken":["M","?","M","?","$","R","E","R","T","E","$","?","M","M","R","BOSS","M","M","$","?","$","E","R","?","T","M","?","?","R","E","R","BOSS","M","M","$","M","M","R","?","R","T","?","E","$","E","M","R","BOSS"],"build_version":"2019-01-23","purchased_purges":1,"victory":true,"max_hp_per_floor":[80,80,80,80,80,80,80,80,80,80,80,80,80,80,80,80,80,83,86,86,43,43,43,43,43,43,46,49,49,49,49,49,49,49,49,52,52,55,58,58,58,58,58,58,58,58,58,58,58,61],"card_choices":[{"not_picked":["Clash","True Grit"],"picked":"Shrug It Off","floor":1.0},{"not_picked":["Twin Strike","Body Slam"],"picked":"Flex","floor":3.0},{"not_picked":["Body Slam","Clothesline"],"picked":"Battle Trance","floor":7.0},{"not_picked":["Iron Wave","Exhume"],"picked":"Shrug It Off","floor":10.0},{"not_picked":["Anger","Pommel Strike"],"picked":"Twin Strike","floor":13.0},{"not_picked":["Rupture","Headbutt"],"picked":"Burning Pact","floor":14.0},{"not_picked":["Barricade","Brutality"],"picked":"Feed","floor":16},{"not_picked":["Pommel Strike","Thunderclap"],"picked":"Corruption","floor":18},{"not_picked":["Perfected Strike","Clothesline"],"picked":"Clash+1","floor":19},{"not_picked":["Thunderclap","Body Slam"],"picked":"Carnage+1","floor":23},{"not_picked":["Anger+1","Clothesline"],"picked":"Headbutt","floor":27},{"not_picked":["Iron Wave","Seeing Red"],"picked":"Rage+1","floor":28},{"not_picked":["Impervious","Headbutt"],"picked":"Flex+1","floor":31},{"not_picked":["Berserk","Dark Embrace"],"picked":"Immolate","floor":33},{"not_picked":["Pommel Strike"],"picked":"SKIP","floor":35},{"not_picked":["Warcry+1"],"picked":"SKIP","floor":36},{"not_picked":["Uppercut"],"picked":"SKIP","floor":38},{"not_picked":[],"picked":"Uppercut","floor":38},{"not_picked":["Anger+1"],"picked":"SKIP","floor":39},{"not_picked":[],"picked":"Burning Pact","floor":45},{"not_picked":[],"picked":"Feel No Pain","floor":47},{"not_picked":[],"picked":"Burning Pact+1","floor":48}],"player_experience":804964,"relics_obtained":[{"floor":7.0,"key":"Dodecahedron"},{"floor":9.0,"key":"PreservedInsect"},{"floor":10.0,"key":"Blood Vial"},{"floor":23,"key":"Whetstone"},{"floor":26,"key":"Regal Pillow"},{"floor":31,"key":"Lantern"},{"floor":43,"key":"Potion Belt"},{"floor":45,"key":"Juzu Bracelet"},{"floor":47,"key":"Ancient Tea Set"}],"event_choices":[{"damage_healed":0.0,"max_hp_gain":0.0,"max_hp_loss":0.0,"gold_gain":0.0,"cards_transformed":["Strike_R"],"event_name":"Living Wall","player_choice":"Change","floor":2.0,"gold_loss":0.0,"damage_taken":0.0,"cards_obtained":["Bloodletting"]},{"damage_healed":0.0,"max_hp_gain":0.0,"max_hp_loss":0.0,"gold_gain":0.0,"event_name":"Shining Light","player_choice":"Entered Light","floor":4.0,"gold_loss":0.0,"damage_taken":16.0,"cards_upgraded":["Bloodletting","Flex"]},{"damage_healed":0.0,"max_hp_gain":0.0,"max_hp_loss":0.0,"gold_gain":0.0,"event_name":"Golden Idol","player_choice":"Take Damage","floor":12.0,"gold_loss":0.0,"damage_taken":20.0,"relics_obtained":["Golden Idol"]},{"damage_healed":0,"gold_gain":0,"player_choice":"Became a Ghost","damage_taken":0,"max_hp_gain":0,"max_hp_loss":43,"event_name":"Ghosts","floor":21,"gold_loss":0,"cards_obtained":["Ghostly","Ghostly","Ghostly","Ghostly","Ghostly"]},{"damage_healed":0,"gold_gain":0,"player_choice":"Ignored","damage_taken":0,"max_hp_gain":0,"max_hp_loss":0,"event_name":"Beggar","floor":25,"gold_loss":0},{"damage_healed":0,"gold_gain":0,"player_choice":"Became a vampire (Vial)","damage_taken":0,"max_hp_gain":0,"max_hp_loss":0,"event_name":"Vampires","floor":29,"relics_lost":["Blood Vial"],"gold_loss":0,"cards_obtained":["Bite","Bite","Bite","Bite","Bite"]},{"damage_healed":0,"gold_gain":333,"player_choice":"Gave Idol","damage_taken":0,"max_hp_gain":0,"max_hp_loss":0,"event_name":"The Moai Head","floor":41,"relics_lost":["Golden Idol"],"gold_loss":0},{"damage_healed":0,"gold_gain":0,"player_choice":"Memory 1","damage_taken":0,"max_hp_gain":0,"max_hp_loss":0,"event_name":"SensoryStone","floor":44,"gold_loss":0}],"is_beta":false,"boss_relics":[{"not_picked":["Orrery","Mark of Pain"],"picked":"Coffee Dripper"},{"not_picked":["Tiny House","Cursed Key"],"picked":"Busted Crown"}],"items_purged_floors":[5],"is_endless":false,"potions_floor_spawned":[3,7,13,14,16,18,19,27,28,36,38,39,45],"ascension_level":0}