{"gold_per_floor":[416,86,105,122,122,147,161,186,186,186,286,299,314,345,345,445,445,430,430,444,463,93,125,125,157,157,157,30,30,45,58,58,155,155,174,187,198,198,208,237,250,268,268,268,368,368,393,199,199,199,199,199,13,38,38],"floor_reached":55,"playtime":4600,"items_purged":["Strike_G","Strike_G","Strike_G","Terror"],"score":932,"play_id":"ab8bca31-e657-47ee-ada0-28d49c62d817","local_time":"20190213173153","is_ascension_mode":true,"campfire_choices":[{"floor":10.0,"key":"REST"},{"data":"Cloak And Dagger","floor":15.0,"key":"SMITH"},{"data":"Envenom","floor":24,"key":"SMITH"},{"data":"Cloak And Dagger","floor":27,"key":"SMITH"},{"floor":29,"key":"REST"},{"data":"Burst","floor":32,"key":"SMITH"},{"data":"Sucker Punch","floor":44,"key":"SMITH"},{"floor":46,"key":"REST"},{"floor":49,"key":"RECALL"},{"data":"Caltrops","floor":52,"key":"SMITH"}],"neow_cost":"TEN_PERCENT_HP_LOSS","seed_source_timestamp":2776938395498947,"circlet_count":0,"master_deck":["Defend_G","Defend_G","Defend_G","Defend_G","Defend_G","Survivor","Neutralize+1","Poisoned Stab","Cloak And Dagger+1","Slice","Dash+1","Dagger Spray+1","Burst+1","Blur","Bullet Time","Envenom+1","Cloak And Dagger+1","Blade Dance","Dodge and Roll","Infinite Blades+1","Sucker Punch+1","Night Terror","Caltrops+1","Blur+1","Crippling Poison","Corpse Explosion+1","Terror+1","Well Laid Plans+1","Leg Sweep+1","Crippling Poison+1","Backflip+1","Footwork","Crippling Poison+1"],"special_seed":0,"relics":["Ring of the Serpent","Old Coin","TheAbacus","Matryoshka","Kunai","Mummified Hand","Boot","Shuriken","Happy Flower","WristBlade","Membership Card","Blood Vial","Pantograph","Ninja Scroll","Toxic Egg 2","Ornamental Fan","Juzu Bracelet","Ancient Tea Set","Bottled Lightning","Anchor","Whetstone"],"potions_floor_usage":[23,40,54,55,55,55],"damage_taken":[{"damage":0.0,"enemies":"Cultist","floor":1.0,"turns":4.0},{"damage":1.0,"enemies":"Small Slimes","floor":3.0,"turns":4.0},{"damage":0.0,"enemies":"2 Louse","floor":4.0,"turns":2.0},{"damage":18.0,"enemies":"Lagavulin","floor":6.0,"turns":8.0},{"damage":2.0,"enemies":"Exordium Wildlife","floor":7.0,"turns":5.0},{"damage":13.0,"enemies":"3 Sentries","floor":8.0,"turns":8.0},{"damage":7.0,"enemies":"Gremlin Gang","floor":12.0,"turns":3.0},{"damage":1.0,"enemies":"Large Slime","floor":13.0,"turns":7.0},{"damage":1.0,"enemies":"Gremlin Nob","floor":14.0,"turns":3.0},{"damage":15.0,"enemies":"The Guardian","floor":16.0,"turns":10.0},{"damage":7.0,"enemies":"2 Thieves","floor":18.0,"turns":4.0},{"damage":3.0,"enemies":"Chosen","floor":20.0,"turns":4.0},{"damage":11.0,"enemies":"Centurion and Healer","floor":21.0,"turns":7.0},{"damage":0,"enemies":"Gremlin Leader","floor":23,"turns":6},{"damage":26,"enemies":"Slavers","floor":25,"turns":7},{"damage":6,"enemies":"Shelled Parasite and Fungi","floor":30,"turns":3},{"damage":0,"enemies":"Snecko","floor":31,"turns":3},{"damage":8,"enemies":"Automaton","floor":33,"turns":9},{"damage":0,"enemies":"Orb Walker","floor":35,"turns":2},{"damage":9,"enemies":"3 Shapes","floor":36,"turns":5},{"damage":4,"enemies":"Spire Growth","floor":37,"turns":4},{"damage":5,"enemies":"Writhing Mass","floor":39,"turns":6},{"damage":18,"enemies":"Nemesis","floor":40,"turns":5},{"damage":0,"enemies":"Transient","floor":41,"turns":5},{"damage":0,"enemies":"Spire Growth","floor":42,"turns":4},{"damage":8,"enemies":"Reptomancer","floor":47,"turns":4},{"damage":5,"enemies":"Donu and Deca","floor":50,"turns":6},{"damage":48,"enemies":"Shield and Spear","floor":54,"turns":5},{"damage":45,"enemies":"The Heart","floor":55,"turns":5}],"seed_played":"8216837383738084407","potions_obtained":[{"floor":3.0,"key":"Block Potion"},{"floor":6.0,"key":"PowerPotion"},{"floor":8.0,"key":"Weak Potion"},{"floor":16.0,"key":"FearPotion"},{"floor":25,"key":"Strength Potion"},{"floor":30,"key":"SpeedPotion"},{"floor":40,"key":"Dexterity Potion"},{"floor":42,"key":"LiquidBronze"},{"floor":54,"key":"SkillPotion"}],"is_trial":false,"path_per_floor":["M","$","M","M","?","E","M","E","T","R","?","M","M","E","R","B",null,"M","?","M","M","$","E","R","E","T","R","$","R","M","M","R","B",null,"M","M","M","?","M","E","M","M","T","R","?","R","E","$","R","B",null,"R","$","E","B"],"character_chosen":"THE_SILENT","items_purchased":["Cloak And Dagger","TheAbacus","Membership Card","Night Terror","Caltrops","GhostInAJar","Ornamental Fan","Bottled Lightning","Footwork","Anchor"],"campfire_rested":3,"item_purchase_floors":[2,2,22,22,22,22,28,48,53,53],"current_hp_per_floor":[63,63,62,62,50,32,30,17,17,35,35,28,27,26,26,11,63,56,56,53,42,42,42,42,18,18,18,18,36,32,34,34,53,63,63,54,52,52,49,33,35,37,37,37,37,55,49,49,49,58,63,63,63,15,0],"gold":38,"neow_bonus":"ONE_RARE_RELIC","is_prod":false,"is_daily":false,"chose_seed":false,"campfire_upgraded":6,"win_rate":0,"timestamp":1550050313,"path_taken":["M","$","M","?","?","E","M","E","T","R","?","M","?","E","R","BOSS","M","?","M","M","$","E","R","E","T","R","$","R","M","M","R","BOSS","M","M","M","?","?","E","M","M","T","R","?","R","E","$","R","BOSS","R","$","E","BOSS"],"build_version":"2019-01-23","purchased_purges":4,"victory":false,"max_hp_per_floor":[63,63,63,63,63,63,63,63,63,63,63,63,63,63,63,63,63,63,63,63,63,63,63,63,63,63,63,63,63,63,63,63,63,63,63,63,63,63,63,63,63,63,63,63,63,63,63,63,63,63,63,63,63,63,63],"card_choices":[{"not_picked":["Outmaneuver","Acrobatics"],"picked":"Poisoned Stab","floor":1.0},{"not_picked":["Outmaneuver","Distraction"],"picked":"Slice","floor":3.0},{"not_picked":["Deflect","All Out Attack"],"picked":"Terror","floor":4.0},{"not_picked":["Terror","Choke"],"picked":"Dash","floor":6.0},{"not_picked":["Poisoned Stab","Terror"],"picked":"Dagger Spray","floor":7.0},{"not_picked":["Underhanded Strike","Dagger Throw"],"picked":"Burst","floor":8.0},{"not_picked":["Distraction","Prepared","Poisoned Stab"],"picked":"SKIP","floor":12.0},{"not_picked":["Choke","Bane"],"picked":"Blur","floor":13.0},{"not_picked":["Backstab","Flying Knee"],"picked":"Bullet Time","floor":14.0},{"not_picked":["Burst","Bullet Time"],"picked":"Envenom","floor":16.0},{"not_picked":["Prepared","Outmaneuver"],"picked":"Cloak And Dagger","floor":18.0},{"not_picked":["Deadly Poison","Bullet Time"],"picked":"Infinite Blades+1","floor":20.0},{"not_picked":["Heel Hook+1","Slice"],"picked":"Sucker Punch","floor":21.0},{"not_picked":["Outmaneuver","Accuracy"],"picked":"Blur+1","floor":23},{"not_picked":["Backstab+1","Poisoned Stab"],"picked":"Crippling Poison","floor":25},{"not_picked":["Concentrate+1","Bane+1","Quick Slash"],"picked":"SKIP","floor":30},{"not_picked":["Flying Knee","Quick Slash","Bane"],"picked":"SKIP","floor":31},{"not_picked":["Storm of Steel+1","Phantasmal Killer+1"],"picked":"Corpse Explosion+1","floor":33},{"not_picked":["Distraction+1","Accuracy","Quick Slash"],"picked":"SKIP","floor":35},{"not_picked":["Blade Dance+1","Underhanded Strike+1"],"picked":"Terror+1","floor":36},{"not_picked":["Prepared+1","Blade Dance+1","Dagger Throw"],"picked":"SKIP","floor":37},{"not_picked":["Acrobatics+1","Dagger Throw+1"],"picked":"Well Laid Plans+1","floor":39},{"not_picked":["Cloak And Dagger+1","Flying Knee"],"picked":"Leg Sweep+1","floor":40},{"not_picked":["Wraith Form v2","Deadly Poison+1"],"picked":"Crippling Poison+1","floor":41},{"not_picked":["Distraction+1","Deflect+1","Endless Agony+1"],"picked":"SKIP","floor":42},{"not_picked":["Sucker Punch","Flying Knee+1"],"picked":"Backflip+1","floor":47},{"not_picked":["Dagger Throw","Night Terror+1"],"picked":"Crippling Poison+1","floor":54}],"player_experience":109357,"relics_obtained":[{"floor":6.0,"key":"Kunai"},{"floor":8.0,"key":"Mummified Hand"},{"floor":9.0,"key":"Boot"},{"floor":9.0,"key":"Shuriken"},{"floor":14.0,"key":"Happy Flower"},{"floor":23,"key":"Blood Vial"},{"floor":25,"key":"Pantograph"},{"floor":26,"key":"Ninja Scroll"},{"floor":26,"key":"Toxic Egg 2"},{"floor":40,"key":"Juzu Bracelet"},{"floor":47,"key":"Ancient Tea Set"},{"floor":54,"key":"Whetstone"}],"event_choices":[{"damage_healed":0.0,"max_hp_gain":0.0,"max_hp_loss":0.0,"gold_gain":0.0,"event_name":"Scrap Ooze","player_choice":"Success","floor":5.0,"gold_loss":0.0,"damage_taken":12.0,"relics_obtained":["Matryoshka"]},{"damage_healed":0.0,"max_hp_gain":0.0,"max_hp_loss":0.0,"gold_gain":100.0,"event_name":"Wheel of Change","player_choice":"Gold","floor":11.0,"gold_loss":0.0,"damage_taken":0.0},{"damage_healed":0.0,"max_hp_gain":0.0,"max_hp_loss":0.0,"gold_gain":0.0,"cards_transformed":["Strike_G","Strike_G"],"event_name":"Drug Dealer","player_choice":"Became Test Subject","floor":19.0,"gold_loss":0.0,"damage_taken":0.0,"cards_obtained":["Blade Dance","Dodge and Roll"]},{"damage_healed":0,"gold_gain":0,"player_choice":"Upgraded","damage_taken":0,"max_hp_gain":0,"max_hp_loss":0,"event_name":"Upgrade Shrine","floor":38,"gold_loss":0,"cards_upgraded":["Neutralize"]},{"damage_healed":0,"gold_gain":100,"player_choice":"Pray","damage_taken":0,"max_hp_gain":0,"max_hp_loss":0,"event_name":"Golden Shrine","floor":45,"gold_loss":0}],"is_beta":false,"boss_relics":[{"not_picked":["White Beast Statue","Runic Dome"],"picked":"WristBlade"},{"not_picked":["Pandora\u0027s Box","Lizard Tail"],"picked":"Ring of the Serpent"}],"items_purged_floors":[2,22,48,53],"is_endless":false,"potions_floor_spawned":[3,6,8,16,25,30,31,33,35,36,40,42,54],"killed_by":"The Heart","ascension_level":3}