{"gold_per_floor":[20,40,53,72,90,122,122,47,47,61,71,105,105,133,133,232,232,247,257,157,169,186,186,186],"floor_reached":24,"playtime":1752,"items_purged":["Strike_R","Strike_R"],"score":266,"play_id":"46d7ec96-5cb9-4072-837a-88ddbcfb9fee","local_time":"20180628153150","is_ascension_mode":true,"campfire_choices":[{"floor":7,"key":"REST"},{"floor":13,"key":"REST"},{"floor":15,"key":"REST"},{"floor":23,"key":"REST"}],"neow_cost":"NO_GOLD","seed_source_timestamp":151142071482996,"circlet_count":0,"master_deck":["Strike_R","Strike_R","Defend_R","Defend_R","Defend_R","Bash","Inflame","Shockwave","Warcry","Armaments","Iron Wave+1","Metallicize","Barricade","Disarm","Exhume","Iron Wave+1","Iron Wave+1"],"relics":["Burning Blood","Pantograph","Molten Egg 2","Pear","Mercury Hourglass","Empty Cage"],"potions_floor_usage":[6,10,12,22,24,24],"damage_taken":[{"damage":1,"enemies":"Cultist","floor":1,"turns":3},{"damage":2,"enemies":"Jaw Worm","floor":2,"turns":3},{"damage":3,"enemies":"2 Louse","floor":3,"turns":4},{"damage":23,"enemies":"Red Slaver","floor":4,"turns":5},{"damage":7,"enemies":"Exordium Wildlife","floor":5,"turns":4},{"damage":30,"enemies":"Lagavulin","floor":6,"turns":5},{"damage":28,"enemies":"Exordium Thugs","floor":10,"turns":5},{"damage":8,"enemies":"2 Fungi Beasts","floor":11,"turns":4},{"damage":9,"enemies":"Gremlin Nob","floor":12,"turns":5},{"damage":40,"enemies":"Lagavulin","floor":14,"turns":8},{"damage":18,"enemies":"The Guardian","floor":16,"turns":15},{"damage":8,"enemies":"Chosen","floor":18,"turns":6},{"damage":49,"enemies":"Spheric Guardian","floor":19,"turns":8},{"damage":36,"enemies":"Snake Plant","floor":21,"turns":8},{"damage":24,"enemies":"Snecko","floor":22,"turns":8},{"damage":42,"enemies":"Slavers","floor":24,"turns":2}],"seed_played":"-6962150514239027694","potions_obtained":[{"floor":2,"key":"Strength Potion"},{"floor":6,"key":"Explosive Potion"},{"floor":11,"key":"Block Potion"},{"floor":12,"key":"Explosive Potion"},{"floor":21,"key":"Regen Potion"},{"floor":22,"key":"SkillPotion"}],"is_trial":false,"path_per_floor":["M","M","M","M","M","E","R","$","T","M","M","E","R","E","R","B",null,"M","M","$","M","M","R"],"character_chosen":"IRONCLAD","items_purchased":[],"campfire_rested":4,"item_purchase_floors":[],"current_hp_per_floor":[80,80,80,63,62,38,62,62,62,40,38,45,72,38,65,78,90,88,45,45,15,12,39,0],"gold":186,"neow_bonus":"REMOVE_TWO","is_prod":false,"is_daily":false,"chose_seed":false,"campfire_upgraded":0,"win_rate":0,"timestamp":1530217910,"path_taken":["M","M","M","M","M","E","R","$","T","M","M","E","R","E","R","BOSS","M","M","$","M","M","R","E"],"build_version":"2018-06-27","purchased_purges":2,"victory":false,"max_hp_per_floor":[80,80,80,80,80,80,80,80,80,80,80,90,90,90,90,90,90,90,90,90,90,90,90,90],"card_choices":[{"not_picked":["Thunderclap","Anger"],"picked":"Inflame","floor":1},{"not_picked":["Rupture","Blood for Blood"],"picked":"Shockwave","floor":2},{"not_picked":["Wild Strike","Rage"],"picked":"Heavy Blade","floor":3},{"not_picked":["Anger","Clothesline"],"picked":"Warcry","floor":4},{"not_picked":["Wild Strike","Warcry"],"picked":"Clothesline","floor":5},{"not_picked":["Clash","Dual Wield"],"picked":"Armaments","floor":6},{"not_picked":["Intimidate","Armaments"],"picked":"Iron Wave+1","floor":10},{"not_picked":["Combust","Perfected Strike+1"],"picked":"Metallicize","floor":11},{"not_picked":["Reckless Charge+1","Disarm"],"picked":"Barricade","floor":12},{"not_picked":["Fiend Fire+1","Entrench"],"picked":"Disarm","floor":14},{"not_picked":["Fiend Fire+1","Bludgeon+1"],"picked":"Exhume","floor":16},{"not_picked":["Warcry","Sword Boomerang+1","Second Wind"],"picked":"SKIP","floor":18},{"not_picked":["Clothesline+1","Impervious"],"picked":"Iron Wave+1","floor":19},{"not_picked":["Thunderclap+1","Clothesline+1","Warcry"],"picked":"SKIP","floor":21},{"not_picked":["Perfected Strike+1","Pommel Strike+1"],"picked":"Iron Wave+1","floor":22}],"player_experience":160376,"relics_obtained":[{"floor":6,"key":"Pantograph"},{"floor":9,"key":"Molten Egg 2"},{"floor":12,"key":"Pear"},{"floor":14,"key":"Mercury Hourglass"}],"event_choices":[],"boss_relics":[{"not_picked":["Fusion Hammer","Busted Crown"],"picked":"Empty Cage"}],"items_purged_floors":[8,20],"is_endless":false,"potions_floor_spawned":[2,6,11,12,21,22],"killed_by":"Slavers","ascension_level":4}