{"path_per_floor":["M","M","M","$","M","E","R","E","T","E","R","M","R","M","R"],"character_chosen":"DEFECT","items_purchased":["Omamori"],"gold_per_floor":[209,222,233,14,28,56,56,87,87,114,114,127,127,141,141,141],"floor_reached":16,"campfire_rested":2,"playtime":1221,"item_purchase_floors":[],"current_hp_per_floor":[74,69,62,62,55,43,43,11,11,1,23,15,37,37,37,0],"items_purged":["Strike_B"],"gold":141,"score":128,"play_id":"224af3b9-4810-4286-af23-98a6acb70963","local_time":"20180601131250","is_prod":false,"is_daily":false,"chose_seed":false,"is_ascension_mode":true,"campfire_upgraded":2,"win_rate":0,"timestamp":1527851570,"campfire_choices":[{"data":"Genetic Algorithm","floor":7.0,"key":"SMITH"},{"floor":11.0,"key":"REST"},{"floor":13,"key":"REST"},{"data":"Consume","floor":15,"key":"SMITH"}],"path_taken":["M","M","M","$","M","E","R","E","T","E","R","?","R","M","R","BOSS"],"build_version":"2018-05-28","seed_source_timestamp":174967979859864,"purchased_purges":1,"victory":false,"master_deck":["Strike_B","Strike_B","Strike_B","Defend_B","Defend_B","Defend_B","Defend_B","Zap","Dualcast","Double Energy","Conserve Battery","Genetic Algorithm+1","Auto Shields","Echo Form","Streamline","Auto Shields","Consume+1","Redo"],"max_hp_per_floor":[75,75,75,75,75,75,75,75,75,75,75,75,75,75,75,75],"relics":["Cracked Core","Omamori","Mercury Hourglass","Frozen Egg 2","Matryoshka","Smiling Mask"],"card_choices":[{"not_picked":["Chaos","Stack"],"picked":"Double Energy","floor":1.0},{"not_picked":["Stack","Beam Cell"],"picked":"Conserve Battery","floor":2.0},{"not_picked":["Stack","Rebound"],"picked":"Genetic Algorithm","floor":3.0},{"not_picked":["Aggregate","Beam Cell"],"picked":"Auto Shields","floor":5.0},{"not_picked":["Cold Snap","Compile Driver"],"picked":"Echo Form","floor":6.0},{"not_picked":["Doom and Gloom","Undo"],"picked":"Streamline","floor":8.0},{"not_picked":["Stack","Leap"],"picked":"Auto Shields","floor":10.0},{"not_picked":["Streamline","Reinforced Body"],"picked":"Consume","floor":12},{"not_picked":["Beam Cell","Rip and Tear"],"picked":"Redo","floor":14}],"player_experience":25421,"potions_floor_usage":[12,16,16],"damage_taken":[{"damage":1.0,"enemies":"Cultist","floor":1.0,"turns":3.0},{"damage":5.0,"enemies":"Small Slimes","floor":2.0,"turns":3.0},{"damage":7.0,"enemies":"2 Louse","floor":3.0,"turns":3.0},{"damage":7.0,"enemies":"Lots of Slimes","floor":5.0,"turns":7.0},{"damage":12.0,"enemies":"Lagavulin","floor":6.0,"turns":8.0},{"damage":32.0,"enemies":"Gremlin Nob","floor":8.0,"turns":5.0},{"damage":10.0,"enemies":"Lagavulin","floor":10.0,"turns":4.0},{"damage":8,"enemies":"Large Slime","floor":12,"turns":6},{"damage":0,"enemies":"2 Fungi Beasts","floor":14,"turns":3},{"damage":41,"enemies":"Hexaghost","floor":16,"turns":9}],"relics_obtained":[{"floor":6.0,"key":"Mercury Hourglass"},{"floor":8.0,"key":"Frozen Egg 2"},{"floor":9.0,"key":"Matryoshka"},{"floor":10.0,"key":"Smiling Mask"}],"event_choices":[],"boss_relics":[],"items_purged_floors":[],"potions_floor_spawned":[1,2,8,12,14],"seed_played":"384791127624218442","killed_by":"Hexaghost","ascension_level":1,"potions_obtained":[{"floor":1.0,"key":"Poison Potion"},{"floor":2.0,"key":"SpeedPotion"},{"floor":8.0,"key":"EntropicBrew"},{"floor":12,"key":"PowerPotion"},{"floor":14,"key":"Fire Potion"}],"is_trial":false}