{"gold_per_floor":[117,292,292,309,326,326,340,375,449,460,476,506,506,90,90,189,189,200,219,27,40,55,55,87,2,26,45,45,78,78,88,88,88],"floor_reached":33,"playtime":1842,"items_purged":["Parasite","Doubt"],"score":373,"play_id":"1be716c4-86df-4a91-a471-8ebe66464d12","local_time":"20190212193341","is_ascension_mode":true,"campfire_choices":[{"data":"Go for the Eyes","floor":6,"key":"SMITH"},{"data":"Zap","floor":15,"key":"SMITH"},{"data":"Dualcast","floor":23,"key":"SMITH"},{"data":"Deep Breath","floor":28,"key":"SMITH"},{"floor":30,"key":"REST"},{"data":"Reprogram","floor":32,"key":"SMITH"}],"neow_cost":"NONE","seed_source_timestamp":22116930986022,"circlet_count":0,"master_deck":["Strike_B","Strike_B","Strike_B","Strike_B","Defend_B","Defend_B","Defend_B","Defend_B","Zap+1","Dualcast+1","Go for the Eyes+1","Sweeping Beam","Cold Snap","Chill","Streamline","Steam Power","Deep Breath+1","FTL","Steam","Flash of Steel","Reprogram+1","BootSequence","Redo+1"],"relics":["Cracked Core","DataDisk","NlothsMask","Unceasing Top","Centennial Puzzle","Matryoshka","Nuclear Battery","Omamori","Orichalcum","Regal Pillow","Lantern"],"potions_floor_usage":[8,11,16,19,22,24,27,29,33],"damage_taken":[{"damage":2,"enemies":"Jaw Worm","floor":1,"turns":3},{"damage":0,"enemies":"Cultist","floor":4,"turns":3},{"damage":0,"enemies":"2 Louse","floor":5,"turns":2},{"damage":2,"enemies":"Blue Slaver","floor":7,"turns":4},{"damage":27,"enemies":"Lagavulin","floor":8,"turns":9},{"damage":13,"enemies":"Exordium Thugs","floor":10,"turns":4},{"damage":6,"enemies":"Lots of Slimes","floor":11,"turns":3},{"damage":4,"enemies":"3 Sentries","floor":12,"turns":7},{"damage":16,"enemies":"Hexaghost","floor":16,"turns":10},{"damage":8,"enemies":"Chosen","floor":18,"turns":5},{"damage":1,"enemies":"2 Thieves","floor":19,"turns":4},{"damage":4,"enemies":"Snake Plant","floor":21,"turns":4},{"damage":3,"enemies":"3 Cultists","floor":22,"turns":5},{"damage":31,"enemies":"Gremlin Leader","floor":24,"turns":6},{"damage":0,"enemies":"Snecko","floor":27,"turns":3},{"damage":30,"enemies":"Slavers","floor":29,"turns":6},{"damage":11,"enemies":"Cultist and Chosen","floor":31,"turns":5},{"damage":32,"enemies":"Champ","floor":33,"turns":12}],"seed_played":"1993704979939844057","potions_obtained":[{"floor":5,"key":"Weak Potion"},{"floor":8,"key":"Energy Potion"},{"floor":10,"key":"SkillPotion"},{"floor":11,"key":"Strength Potion"},{"floor":16,"key":"Regen Potion"},{"floor":18,"key":"FocusPotion"},{"floor":22,"key":"SkillPotion"},{"floor":24,"key":"SkillPotion"},{"floor":29,"key":"Swift Potion"}],"is_trial":false,"path_per_floor":["M","?","?","M","M","R","M","E","T","M","M","E","?","$","R","B",null,"M","M","$","M","M","R","E","?","T","M","R","E","R","M","R","B"],"character_chosen":"DEFECT","items_purchased":["Deep Breath","Matryoshka","Flash of Steel"],"campfire_rested":1,"item_purchase_floors":[14,14,20],"current_hp_per_floor":[73,73,73,73,73,73,71,44,44,31,25,21,39,39,39,23,72,64,63,63,59,68,68,37,37,37,37,37,7,43,32,32,0],"gold":88,"neow_bonus":"RANDOM_COMMON_RELIC","is_prod":false,"is_daily":false,"chose_seed":false,"campfire_upgraded":5,"win_rate":0,"timestamp":1549996421,"path_taken":["M","?","?","M","M","R","?","E","T","M","M","E","?","$","R","BOSS","M","M","$","M","M","R","E","?","T","M","R","E","R","M","R","BOSS"],"build_version":"2019-01-23","purchased_purges":2,"victory":false,"max_hp_per_floor":[75,75,75,75,75,75,75,75,75,75,75,75,75,72,72,72,72,72,72,72,72,72,72,72,72,72,72,72,72,72,72,72,72],"card_choices":[{"not_picked":["Glacier","Hologram"],"picked":"Go for the Eyes","floor":1},{"not_picked":["Redo","Leap","Sunder"],"picked":"SKIP","floor":4},{"not_picked":["Gash","Conserve Battery"],"picked":"Sweeping Beam","floor":5},{"not_picked":["Go for the Eyes","Turbo"],"picked":"Cold Snap","floor":7},{"not_picked":["Hyperbeam","Compile Driver"],"picked":"Chill","floor":8},{"not_picked":["Chill","Storm"],"picked":"Streamline","floor":10},{"not_picked":["Cold Snap","Hologram"],"picked":"Steam Power","floor":11},{"not_picked":["Hello World","Coolheaded","Sweeping Beam"],"picked":"SKIP","floor":12},{"not_picked":["Hello World","Self Repair"],"picked":"FTL","floor":18},{"not_picked":["Hologram","White Noise"],"picked":"Steam","floor":19},{"not_picked":["Fusion","Hello World+1","Genetic Algorithm"],"picked":"SKIP","floor":21},{"not_picked":["Cold Snap","Melter+1","Ball Lightning+1"],"picked":"SKIP","floor":22},{"not_picked":["Buffer","Cold Snap","Echo Form"],"picked":"SKIP","floor":24},{"not_picked":["Genetic Algorithm","Chaos"],"picked":"Reprogram","floor":27},{"not_picked":["Rebound","Melter"],"picked":"BootSequence","floor":29},{"not_picked":["Ball Lightning","Barrage+1"],"picked":"Redo+1","floor":31}],"player_experience":68712,"relics_obtained":[{"floor":8,"key":"Unceasing Top"},{"floor":12,"key":"Centennial Puzzle"},{"floor":24,"key":"Omamori"},{"floor":26,"key":"Regal Pillow"},{"floor":29,"key":"Lantern"}],"event_choices":[{"damage_healed":0,"gold_gain":175,"player_choice":"AGREE","damage_taken":0,"max_hp_gain":0,"max_hp_loss":0,"event_name":"Liars Game","floor":2,"gold_loss":0,"cards_obtained":["Doubt"]},{"damage_healed":0,"gold_gain":0,"player_choice":"Trade","damage_taken":0,"relics_obtained":["NlothsMask"],"max_hp_gain":0,"max_hp_loss":0,"event_name":"FaceTrader","floor":3,"gold_loss":0},{"damage_healed":18,"gold_gain":0,"player_choice":"Healed and dodged fight","damage_taken":0,"max_hp_gain":0,"max_hp_loss":0,"event_name":"Mushrooms","floor":13,"gold_loss":0,"cards_obtained":["Parasite"]},{"damage_healed":0,"gold_gain":0,"player_choice":"Obtained Relic","damage_taken":0,"relics_obtained":["Orichalcum"],"max_hp_gain":0,"max_hp_loss":0,"event_name":"Addict","floor":25,"gold_loss":85}],"is_beta":false,"boss_relics":[{"not_picked":["Astrolabe","Cursed Key"],"picked":"Nuclear Battery"}],"items_purged_floors":[14,20],"is_endless":false,"potions_floor_spawned":[5,8,10,11,16,18,22,24,29],"killed_by":"Champ","ascension_level":3}