{"gold_per_floor":[118,1,1,16,116,146,21,21,21,40,52,72,72,84,84,181,181,191,205,145,162,162,162,191,111,111,128,128,128],"floor_reached":29,"playtime":1812,"items_purged":["Defend_R","Defend_R"],"score":245,"play_id":"49e31e01-03f2-4736-918a-4b44097974f6","local_time":"20190111195056","is_ascension_mode":false,"campfire_choices":[{"data":"Rampage","floor":8,"key":"SMITH"},{"data":"Dual Wield","floor":15,"key":"SMITH"},{"data":"Feed","floor":23,"key":"SMITH"},{"data":"Demon Form","floor":28,"key":"SMITH"}],"neow_cost":"TEN_PERCENT_HP_LOSS","seed_source_timestamp":29044817975685,"circlet_count":0,"master_deck":["Strike_R","Strike_R","Strike_R","Strike_R","Defend_R","Defend_R","Bash","Reaper","Rampage+1","Dual Wield+1","Rampage","Feed+1","Spot Weakness","Inflame","Demon Form+1"],"relics":["Burning Blood","Mercury Hourglass","The Courier","Vajra","Orichalcum","Runic Cube","MutagenicStrength","Charon\u0027s Ashes","Bottled Tornado"],"potions_floor_usage":[24,24,24,29,29],"damage_taken":[{"damage":11,"enemies":"Jaw Worm","floor":1,"turns":3},{"damage":1,"enemies":"Cultist","floor":4,"turns":4},{"damage":35,"enemies":"3 Sentries","floor":6,"turns":6},{"damage":0,"enemies":"Small Slimes","floor":10,"turns":3},{"damage":6,"enemies":"Blue Slaver","floor":11,"turns":2},{"damage":17,"enemies":"3 Louse","floor":12,"turns":3},{"damage":5,"enemies":"Red Slaver","floor":14,"turns":3},{"damage":29,"enemies":"Slime Boss","floor":16,"turns":7},{"damage":18,"enemies":"Spheric Guardian","floor":18,"turns":4},{"damage":16,"enemies":"Chosen","floor":19,"turns":6},{"damage":26,"enemies":"Centurion and Healer","floor":21,"turns":5},{"damage":36,"enemies":"Slavers","floor":24,"turns":4},{"damage":42,"enemies":"Shelled Parasite and Fungi","floor":27,"turns":6},{"damage":90,"enemies":"Book of Stabbing","floor":29,"turns":6}],"seed_played":"1186592424703491318","potions_obtained":[{"floor":4,"key":"LiquidBronze"},{"floor":11,"key":"PowerPotion"},{"floor":12,"key":"Regen Potion"},{"floor":24,"key":"SteroidPotion"},{"floor":27,"key":"Regen Potion"}],"is_trial":false,"path_per_floor":["M","?","$","M","?","E","$","R","T","M","M","M","?","M","R","B",null,"M","M","$","M","?","R","E","$","T","M","R","E"],"character_chosen":"IRONCLAD","items_purchased":["Vajra"],"campfire_rested":0,"item_purchase_floors":[7],"current_hp_per_floor":[72,72,72,72,72,55,55,55,55,61,61,56,56,62,62,39,72,63,66,66,46,46,46,50,50,50,38,38,0],"gold":128,"neow_bonus":"THREE_RARE_CARDS","is_prod":false,"is_daily":false,"chose_seed":false,"campfire_upgraded":4,"win_rate":0,"timestamp":1547198456,"path_taken":["M","?","?","M","?","E","$","R","T","?","M","M","?","M","R","BOSS","M","M","$","?","?","R","E","$","T","M","R","E"],"build_version":"2019-01-10","purchased_purges":2,"victory":false,"max_hp_per_floor":[72,72,72,72,72,72,72,72,72,72,72,72,72,72,72,72,72,75,78,78,78,78,78,78,78,78,82,82,82],"card_choices":[{"not_picked":["Barricade","Fiend Fire"],"picked":"Reaper","floor":0},{"not_picked":["Shrug It Off","Heavy Blade"],"picked":"Rampage","floor":1},{"not_picked":["Flex","Armaments"],"picked":"Dual Wield","floor":4},{"not_picked":["Dark Embrace","Heavy Blade","Body Slam"],"picked":"SKIP","floor":6},{"not_picked":["True Grit","Disarm"],"picked":"Rampage","floor":10},{"not_picked":["Intimidate","Whirlwind","Heavy Blade"],"picked":"SKIP","floor":11},{"not_picked":["Uppercut","Second Wind","Body Slam"],"picked":"SKIP","floor":12},{"not_picked":["Headbutt","Iron Wave","Warcry"],"picked":"SKIP","floor":14},{"not_picked":["Fiend Fire","Reaper"],"picked":"Feed","floor":16},{"not_picked":["Carnage+1","Thunderclap"],"picked":"Spot Weakness","floor":18},{"not_picked":["Shrug It Off","Rupture","Battle Trance"],"picked":"SKIP","floor":19},{"not_picked":["Shrug It Off","Clash","Perfected Strike+1"],"picked":"SKIP","floor":21},{"not_picked":["Shrug It Off","Sword Boomerang"],"picked":"Inflame","floor":24},{"not_picked":["Carnage","Perfected Strike"],"picked":"Demon Form","floor":27}],"player_experience":408716,"relics_obtained":[{"floor":6,"key":"The Courier"},{"floor":9,"key":"Orichalcum"},{"floor":24,"key":"Charon\u0027s Ashes"},{"floor":26,"key":"Bottled Tornado"}],"event_choices":[{"damage_healed":0,"gold_gain":0,"player_choice":"Paid Gold","damage_taken":0,"relics_obtained":["Mercury Hourglass"],"max_hp_gain":0,"max_hp_loss":0,"event_name":"WeMeetAgain","floor":2,"gold_loss":117},{"damage_healed":0,"gold_gain":100,"player_choice":"Pray","damage_taken":0,"max_hp_gain":0,"max_hp_loss":0,"event_name":"Golden Shrine","floor":5,"gold_loss":0},{"cards_removed":["Strike_R"],"damage_healed":0,"gold_gain":0,"player_choice":"Purged","damage_taken":0,"max_hp_gain":0,"max_hp_loss":0,"event_name":"Purifier","floor":13,"gold_loss":0},{"damage_healed":0,"gold_gain":0,"player_choice":"Inject Mutagens","damage_taken":0,"relics_obtained":["MutagenicStrength"],"max_hp_gain":0,"max_hp_loss":0,"event_name":"Drug Dealer","floor":22,"gold_loss":0}],"is_beta":false,"boss_relics":[{"not_picked":["Lizard Tail","Mark of Pain"],"picked":"Runic Cube"}],"items_purged_floors":[20,25],"is_endless":false,"potions_floor_spawned":[4,11,12,14,21,24,27],"killed_by":"Book of Stabbing","ascension_level":0}