{"gold_per_floor":[114,189,207,220,237,271,271,282,282,282,294,308,308,318,318,422,422,434,444,62,82,94,94,105,105,105,105,115,125,125,125,125,221,271,282,13,27,27,27,0,11,11,11,27,27,58,78,7,7,7,7,7,7,34,34],"floor_reached":55,"playtime":3268,"items_purged":["Shame"],"score":655,"play_id":"be766702-e0cf-4e47-8948-1576b8c9a0a5","local_time":"20190107075850","is_ascension_mode":false,"campfire_choices":[{"data":"Pommel Strike","floor":7.0,"key":"SMITH"},{"data":"Rampage","floor":10.0,"key":"SMITH"},{"data":"Uppercut","floor":15.0,"key":"SMITH"},{"data":"Offering","floor":23.0,"key":"SMITH"},{"data":"Metallicize","floor":25.0,"key":"SMITH"},{"floor":32.0,"key":"REST"},{"floor":42,"key":"RECALL"},{"floor":49,"key":"REST"},{"data":"Feel No Pain","floor":52,"key":"SMITH"}],"neow_cost":"NONE","seed_source_timestamp":0,"circlet_count":0,"master_deck":["Strike_R","Strike_R","Strike_R","Defend_R+1","Defend_R","Defend_R","Defend_R","Bash+1","Uppercut+1","Pommel Strike+1","Cleave","Rampage+1","Headbutt","Thunderclap","Ghostly Armor","Fiend Fire","Battle Trance+1","Offering+1","Metallicize+1","Clumsy","Disarm","Exhume","Shrug It Off+1","True Grit+1","Writhe","Impervious+1","True Grit+1","Feel No Pain+1","Shrug It Off+1"],"special_seed":0,"relics":["Burning Blood","Meat on the Bone","Cursed Key","Self Forming Clay","Regal Pillow","Singing Bowl","Tiny House","Bronze Scales","Red Mask","Toxic Egg 2","Torii","Mercury Hourglass"],"potions_floor_usage":[44,46,50,55],"damage_taken":[{"damage":6.0,"enemies":"2 Louse","floor":1.0,"turns":3.0},{"damage":1.0,"enemies":"Cultist","floor":3.0,"turns":3.0},{"damage":8.0,"enemies":"Jaw Worm","floor":4.0,"turns":2.0},{"damage":12.0,"enemies":"Red Slaver","floor":5.0,"turns":3.0},{"damage":44.0,"enemies":"3 Sentries","floor":6.0,"turns":8.0},{"damage":28.0,"enemies":"Exordium Thugs","floor":8.0,"turns":4.0},{"damage":10.0,"enemies":"3 Louse","floor":11.0,"turns":2.0},{"damage":13.0,"enemies":"Exordium Wildlife","floor":12.0,"turns":2.0},{"damage":12.0,"enemies":"Looter","floor":14.0,"turns":3.0},{"damage":28.0,"enemies":"Hexaghost","floor":16.0,"turns":6.0},{"damage":0.0,"enemies":"Chosen","floor":18.0,"turns":4.0},{"damage":15.0,"enemies":"Shell Parasite","floor":19.0,"turns":4.0},{"damage":6.0,"enemies":"Cultist and Chosen","floor":21.0,"turns":3.0},{"damage":18.0,"enemies":"Snecko","floor":22.0,"turns":3.0},{"damage":18.0,"enemies":"Shelled Parasite and Fungi","floor":24.0,"turns":3.0},{"damage":18.0,"enemies":"Snake Plant","floor":28.0,"turns":3.0},{"damage":16.0,"enemies":"Sentry and Sphere","floor":29.0,"turns":4.0},{"damage":25.0,"enemies":"Colosseum Slavers","floor":31.0,"turns":4.0},{"damage":73.0,"enemies":"Collector","floor":33.0,"turns":9.0},{"damage":14,"enemies":"Orb Walker","floor":35,"turns":3},{"damage":52,"enemies":"3 Darklings","floor":37,"turns":5},{"damage":21,"enemies":"Sphere and 2 Shapes","floor":41,"turns":5},{"damage":6,"enemies":"4 Shapes","floor":44,"turns":7},{"damage":48,"enemies":"Giant Head","floor":46,"turns":9},{"damage":6,"enemies":"3 Darklings","floor":47,"turns":7},{"damage":51,"enemies":"Time Eater","floor":50,"turns":13},{"damage":61,"enemies":"Shield and Spear","floor":54,"turns":8},{"damage":48,"enemies":"The Heart","floor":55,"turns":9}],"seed_played":"757425303402090133","potions_obtained":[{"floor":1.0,"key":"Regen Potion"},{"floor":8.0,"key":"Swift Potion"},{"floor":12.0,"key":"Strength Potion"},{"floor":14.0,"key":"Fire Potion"},{"floor":16.0,"key":"Energy Potion"},{"floor":18.0,"key":"Ancient Potion"},{"floor":22.0,"key":"Weak Potion"},{"floor":24.0,"key":"Swift Potion"},{"floor":28.0,"key":"SteroidPotion"},{"floor":34.0,"key":"EssenceOfSteel"},{"floor":35,"key":"SpeedPotion"},{"floor":44,"key":"Regen Potion"},{"floor":46,"key":"Energy Potion"}],"is_trial":false,"path_per_floor":["M","?","M","M","M","E","R","M","T","R","M","M","?","M","R","B",null,"M","M","$","M","M","R","M","R","T","?","M","M","T","?","R","B",null,"M","$","M","?","?","?","M","R","T","M","$","E","M","$","R","B",null,"R","$","E","B"],"character_chosen":"IRONCLAD","items_purchased":["Self Forming Clay","Offering","Bronze Scales","Strength Potion","Feel No Pain"],"campfire_rested":2,"item_purchase_floors":[20,20,36,36,48],"current_hp_per_floor":[80,69,74,72,66,43,43,33,33,33,41,46,46,52,52,42,80,80,71,71,71,59,59,47,47,47,47,47,49,49,42,80,25,85,79,79,45,45,45,45,44,44,44,58,58,40,52,52,87,54,87,87,87,44,0],"gold":34,"neow_bonus":"UPGRADE_CARD","is_prod":false,"is_daily":false,"chose_seed":false,"campfire_upgraded":6,"win_rate":0,"timestamp":1546865930,"path_taken":["M","?","M","M","M","E","R","M","T","R","M","M","?","?","R","BOSS","M","M","$","M","M","R","M","R","T","?","M","?","?","?","R","BOSS","M","$","M","?","?","?","M","R","T","?","?","E","?","?","R","BOSS","R","$","E","BOSS"],"build_version":"2019-01-03v4","purchased_purges":1,"victory":false,"max_hp_per_floor":[80,80,80,80,80,80,80,80,80,80,80,80,80,80,80,80,80,80,80,80,80,80,80,80,80,80,80,80,80,80,80,80,80,85,87,87,87,83,83,83,85,85,85,87,87,87,87,87,87,87,87,87,87,87,87],"card_choices":[{"not_picked":["Heavy Blade","Wild Strike"],"picked":"Uppercut","floor":1.0},{"not_picked":["Havoc","Flex"],"picked":"Pommel Strike","floor":3.0},{"not_picked":["Dual Wield","Evolve"],"picked":"Cleave","floor":4.0},{"not_picked":["Ghostly Armor","Limit Break"],"picked":"Rampage","floor":5.0},{"not_picked":["Clothesline","Wild Strike"],"picked":"Headbutt","floor":6.0},{"not_picked":["Perfected Strike","Sword Boomerang","Bloodletting"],"picked":"SKIP","floor":8.0},{"not_picked":["Warcry","Sword Boomerang","Limit Break"],"picked":"SKIP","floor":11.0},{"not_picked":["Cleave","Twin Strike"],"picked":"Thunderclap","floor":12.0},{"not_picked":["Perfected Strike","Clothesline"],"picked":"Ghostly Armor","floor":14.0},{"not_picked":["Juggernaut","Bludgeon"],"picked":"Fiend Fire","floor":16.0},{"not_picked":["Whirlwind","Thunderclap"],"picked":"Battle Trance","floor":18.0},{"not_picked":["Flex","Perfected Strike","Ghostly Armor+1"],"picked":"SKIP","floor":19.0},{"not_picked":["Dual Wield","Infernal Blade","Hemokinesis"],"picked":"SKIP","floor":21.0},{"not_picked":["Iron Wave","Rampage"],"picked":"Metallicize","floor":22.0},{"not_picked":["Seeing Red+1","Carnage","Ghostly Armor"],"picked":"SKIP","floor":24.0},{"not_picked":["Clothesline+1","Clash+1","Havoc"],"picked":"SKIP","floor":28.0},{"not_picked":["Searing Blow","Infernal Blade"],"picked":"Disarm","floor":29.0},{"not_picked":["Berserk","Brutality"],"picked":"Exhume","floor":33.0},{"not_picked":["Intimidate","Anger"],"picked":"Shrug It Off+1","floor":34.0},{"not_picked":["Sword Boomerang","Havoc","Rampage"],"picked":"Singing Bowl","floor":35},{"not_picked":["Disarm+1","Thunderclap"],"picked":"True Grit+1","floor":37},{"not_picked":["Headbutt+1","Armaments+1","Pommel Strike"],"picked":"Singing Bowl","floor":41},{"not_picked":["Reckless Charge","Perfected Strike","Anger"],"picked":"Singing Bowl","floor":44},{"not_picked":["Armaments+1","Perfected Strike+1"],"picked":"Impervious+1","floor":46},{"not_picked":["Entrench+1","Corruption+1"],"picked":"True Grit+1","floor":47},{"not_picked":["Pommel Strike+1","Iron Wave+1"],"picked":"Shrug It Off+1","floor":54}],"player_experience":2025672,"relics_obtained":[{"floor":6.0,"key":"Meat on the Bone"},{"floor":26.0,"key":"Regal Pillow"},{"floor":30.0,"key":"Singing Bowl"},{"floor":43,"key":"Toxic Egg 2"},{"floor":46,"key":"Torii"},{"floor":54,"key":"Mercury Hourglass"}],"event_choices":[{"damage_healed":0.0,"max_hp_gain":0.0,"max_hp_loss":0.0,"gold_gain":75.0,"event_name":"World of Goop","player_choice":"Gather Gold","floor":2.0,"gold_loss":0.0,"damage_taken":11.0},{"cards_removed":["Strike_R"],"damage_healed":0.0,"max_hp_gain":0.0,"max_hp_loss":0.0,"gold_gain":0.0,"event_name":"Wheel of Change","player_choice":"Card Removal","floor":13.0,"gold_loss":0.0,"damage_taken":0.0},{"damage_healed":0.0,"max_hp_gain":0.0,"max_hp_loss":0.0,"gold_gain":0.0,"event_name":"Upgrade Shrine","player_choice":"Upgraded","floor":27.0,"gold_loss":0.0,"damage_taken":0.0,"cards_upgraded":["Battle Trance"]},{"damage_healed":0.0,"max_hp_gain":0.0,"max_hp_loss":0.0,"gold_gain":0.0,"event_name":"Colosseum","player_choice":"Fight","floor":31.0,"gold_loss":0.0,"damage_taken":0.0},{"damage_healed":0.0,"max_hp_gain":0.0,"max_hp_loss":0.0,"gold_gain":0.0,"event_name":"Colosseum","player_choice":"Fled From Nobs","floor":31.0,"gold_loss":0.0,"damage_taken":0.0},{"damage_healed":0,"gold_gain":0,"player_choice":"Max HP","damage_taken":0,"max_hp_gain":0,"max_hp_loss":4,"event_name":"Winding Halls","floor":38,"gold_loss":0},{"cards_removed":["Strike_R"],"damage_healed":0,"gold_gain":0,"player_choice":"Removed Attack","damage_taken":0,"max_hp_gain":0,"max_hp_loss":0,"event_name":"Falling","floor":39,"gold_loss":0},{"damage_healed":0,"gold_gain":0,"player_choice":"Paid","damage_taken":0,"relics_obtained":["Red Mask"],"max_hp_gain":0,"max_hp_loss":0,"event_name":"Tomb of Lord Red Mask","floor":40,"gold_loss":27}],"is_beta":false,"boss_relics":[{"not_picked":["Velvet Choker","Pandora\u0027s Box"],"picked":"Cursed Key"},{"not_picked":["Coffee Dripper","Snecko Eye"],"picked":"Tiny House"}],"items_purged_floors":[36],"is_endless":false,"potions_floor_spawned":[1,8,12,14,16,18,22,24,28,35,37,44,46],"killed_by":"The Heart","ascension_level":0}