{"path_per_floor":["M","M","M","$","?","R","M","R","T","M","M","$","M","$","R","B",null,"M","?","?","M","M","R","M","?","T","M","M","M","?","M","R"],"character_chosen":"IRONCLAD","items_purchased":["Vajra"],"gold_per_floor":[117,133,146,71,71,71,85,85,135,145,158,6,19,19,19,118,118,138,63,13,33,49,49,65,65,65,80,100,118,33,45,45],"floor_reached":33,"campfire_rested":1,"playtime":2144,"current_hp_per_floor":[80,80,79,79,79,79,79,79,79,80,80,80,78,78,78,75,80,80,80,80,62,57,80,79,56,56,52,55,56,56,56,56],"items_purged":["Defend_R"],"gold":45,"score":272,"play_id":"a099eefa-2f2d-4829-943f-cbb497bc9558","local_time":"20180314214311","is_prod":false,"is_daily":false,"is_ascension_mode":false,"campfire_upgraded":4,"timestamp":1521056591,"path_taken":["M","M","M","$","?","R","M","R","T","M","M","$","?","$","R","BOSS","M","?","?","?","M","R","M","?","T","M","M","M","?","M","R","BOSS"],"build_version":"2018-03-09","purchased_purges":2,"victory":false,"master_deck":["Defend_R","Defend_R","Bash+1","Perfected Strike","Clash","Iron Wave+1","Clash","Uppercut+1","Clash","Cleave","Heavy Blade","Clash","Demon Form+1","Dropkick","Shrug It Off","Dual Wield+1","Headbutt","Bite","Bite","Bite","Bite","Bite","Fire Breathing+1","Clash+1","Anger","Sword Boomerang"],"max_hp_per_floor":[80,80,80,80,80,80,80,80,80,80,80,80,80,80,80,80,80,80,80,80,80,80,80,80,56,56,56,56,56,56,56,56],"relics":["Black Blood","Happy Flower","Vajra","Thread and Needle","Bag of Marbles"],"card_choices":[{"not_picked":["Flex","Seeing Red"],"picked":"Clash"},{"not_picked":["Pummel","Shrug It Off"],"picked":"Iron Wave"},{"not_picked":["Bloodletting","Iron Wave"],"picked":"Clash"},{"not_picked":["Berserk","Perfected Strike"],"picked":"Clash"},{"not_picked":["Searing Blow","Pommel Strike"],"picked":"Cleave"},{"not_picked":["True Grit","Battle Trance"],"picked":"Heavy Blade"},{"not_picked":["Armaments","Fire Breathing"],"picked":"Clash"},{"not_picked":["Brutality","Berserk"],"picked":"Demon Form"},{"not_picked":["True Grit","Hemokinesis"],"picked":"Dropkick"},{"not_picked":["True Grit","Body Slam"],"picked":"Shrug It Off"},{"not_picked":["Warcry","Blood for Blood"],"picked":"Dual Wield"},{"not_picked":["Bloodletting","Corruption"],"picked":"Headbutt"},{"not_picked":["Clash","Heavy Blade"],"picked":"Fire Breathing"},{"not_picked":["Carnage","Perfected Strike"],"picked":"Clash"},{"not_picked":["Second Wind","Armaments"],"picked":"Anger"},{"not_picked":["Body Slam","Flame Barrier"],"picked":"Sword Boomerang"}],"player_experience":94510,"potions_floor_usage":[33],"damage_taken":[{"damage":3,"enemies":"Small Slimes","floor":1,"turns":3},{"damage":0,"enemies":"Cultist","floor":2,"turns":2},{"damage":7,"enemies":"2 Louse","floor":3,"turns":2},{"damage":6,"enemies":"Exordium Wildlife","floor":7,"turns":2},{"damage":5,"enemies":"Lots of Slimes","floor":10,"turns":3},{"damage":4,"enemies":"2 Fungi Beasts","floor":11,"turns":2},{"damage":8,"enemies":"Red Slaver","floor":13,"turns":2},{"damage":9,"enemies":"Slime Boss","floor":16,"turns":4},{"damage":10,"enemies":"Shell Parasite","floor":18,"turns":2},{"damage":28,"enemies":"3 Byrds","floor":21,"turns":4},{"damage":15,"enemies":"Cultist and Chosen","floor":22,"turns":4},{"damage":11,"enemies":"Snecko","floor":24,"turns":3},{"damage":16,"enemies":"Snake Plant","floor":27,"turns":2},{"damage":11,"enemies":"Cultist and Chosen","floor":28,"turns":4},{"damage":7,"enemies":"Centurion and Healer","floor":29,"turns":3},{"damage":10,"enemies":"Snecko","floor":31,"turns":4},{"damage":73,"enemies":"Automaton","floor":33,"turns":6}],"event_choices":[{"event_name":"Match and Keep!","player_choice":"2 cards matched","floor":5,"damage_taken":0},{"event_name":"Beggar","player_choice":"Gave Gold","floor":19,"damage_taken":0},{"event_name":"The Joust","player_choice":"Bet on Murderer","floor":20,"damage_taken":0},{"event_name":"Vampires","player_choice":"Became a vampire","floor":25,"damage_taken":0},{"event_name":"Addict","player_choice":"Obtained Relic","floor":30,"damage_taken":0}],"boss_relics":[{"not_picked":["Eternal Feather","Calling Bell"],"picked":"Black Blood"}],"potions_floor_spawned":[2,11,13,16,21,27,28],"seed_played":"8609585390051719482","killed_by":"Automaton","ascension_level":0,"is_trial":false}