{"gold_per_floor":[115,35,35,35,35,35,74,74,74,108,132,132,152,175,175,266,329,345,73,30,30,38,38,38,57,125,143,162,162,175,199,199,295,295,308,91,116,139,139],"floor_reached":39,"playtime":1842,"items_purged":["Strike_G","Strike_G"],"score":886,"play_id":"ddb76c15-f118-41e6-9643-5097e2281ac8","local_time":"20181029214400","is_ascension_mode":true,"campfire_choices":[{"data":"Skewer","floor":6,"key":"SMITH"},{"data":"Concentrate","floor":8,"key":"SMITH"},{"data":"Neutralize","floor":12,"key":"SMITH"},{"data":"Infinite Blades","floor":15,"key":"SMITH"},{"data":"Accuracy","floor":23,"key":"SMITH"},{"floor":29,"key":"REST"},{"floor":32,"key":"REST"}],"neow_cost":"NONE","seed_source_timestamp":236689219946042,"circlet_count":0,"master_deck":["Defend_G","Defend_G","Defend_G","Defend_G","Defend_G","Strike_G","Strike_G","Strike_G+1","Survivor","Neutralize+1","AscendersBane","Skewer+1","Infinite Blades+1","Concentrate+1","Blur+1","Backflip+1","Phantasmal Killer+1","Blade Dance+1","Dodge and Roll+1","Cloak And Dagger+1","Escape Plan+1","Dodge and Roll+1","Neutralize","Accuracy+1","Blade Dance+1","Terror+1","Escape Plan+1","A Thousand Cuts","Finisher+1","Dodge and Roll+1","Cloak And Dagger+1"],"relics":["Ring of the Snake","NeowsBlessing","The Courier","Turnip","Golden Idol","Bag of Preparation","Omamori","Toxic Egg 2","Tiny House","Oddly Smooth Stone","Question Card","Sozu","Lantern"],"potions_floor_usage":[16,27,33,33,37],"damage_taken":[{"damage":0,"enemies":"Cultist","floor":1,"turns":1},{"damage":0,"enemies":"3 Sentries","floor":7,"turns":1},{"damage":0,"enemies":"Lagavulin","floor":10,"turns":1},{"damage":0,"enemies":"Small Slimes","floor":11,"turns":1},{"damage":0,"enemies":"Jaw Worm","floor":13,"turns":2},{"damage":0,"enemies":"3 Louse","floor":14,"turns":5},{"damage":16,"enemies":"The Guardian","floor":16,"turns":13},{"damage":12,"enemies":"Shell Parasite","floor":18,"turns":5},{"damage":0,"enemies":"2 Thieves","floor":22,"turns":4},{"damage":1,"enemies":"Centurion and Healer","floor":25,"turns":6},{"damage":6,"enemies":"3 Cultists","floor":27,"turns":6},{"damage":15,"enemies":"Sentry and Sphere","floor":28,"turns":6},{"damage":0,"enemies":"Centurion and Healer","floor":30,"turns":5},{"damage":8,"enemies":"Shelled Parasite and Fungi","floor":31,"turns":4},{"damage":28,"enemies":"Collector","floor":33,"turns":8},{"damage":30,"enemies":"Orb Walker","floor":35,"turns":4},{"damage":4,"enemies":"3 Darklings","floor":37,"turns":5},{"damage":12,"enemies":"Jaw Worm Horde","floor":38,"turns":5},{"damage":16,"enemies":"Spire Growth","floor":39,"turns":4}],"seed_played":"8006841536201619328","potions_obtained":[{"floor":1,"key":"Strength Potion"},{"floor":7,"key":"LiquidBronze"},{"floor":16,"key":"Energy Potion"},{"floor":27,"key":"Energy Potion"},{"floor":33,"key":"FearPotion"}],"is_trial":false,"path_per_floor":["M","$","?","T","?","R","E","R","T","E","M","R","M","M","R","B",null,"M","$","$","?","M","R","$","M","T","M","M","R","M","M","R","B",null,"M","$","M","M"],"character_chosen":"THE_SILENT","items_purchased":["Infinite Blades","Cloak And Dagger+1","Oddly Smooth Stone","Escape Plan+1","Dodge and Roll+1","Lantern"],"campfire_rested":2,"item_purchase_floors":[2,19,19,19,20,36],"current_hp_per_floor":[59,59,33,33,33,33,33,33,33,33,33,33,33,33,33,17,54,42,42,42,42,42,42,42,41,41,35,20,39,39,31,50,22,54,24,24,20,8,0],"gold":139,"neow_bonus":"THREE_ENEMY_KILL","is_prod":false,"is_daily":false,"chose_seed":false,"campfire_upgraded":5,"win_rate":0,"timestamp":1540867440,"path_taken":["M","?","?","?","?","R","E","R","T","E","?","R","M","M","R","BOSS","M","?","$","?","?","R","$","?","T","M","?","R","M","M","R","BOSS","M","$","M","M","M"],"build_version":"2018-10-29v2","purchased_purges":2,"victory":false,"max_hp_per_floor":[66,66,66,66,60,60,60,60,60,60,60,60,60,60,60,60,65,65,65,65,65,65,65,65,65,65,65,65,65,65,65,65,65,65,65,65,65,65,65],"card_choices":[{"not_picked":["Deflect","Dagger Throw"],"picked":"Skewer","floor":1},{"not_picked":["Night Terror","Blade Dance"],"picked":"Concentrate","floor":7},{"not_picked":["Predator","Dodge and Roll"],"picked":"Blur","floor":10},{"not_picked":["Acrobatics+1","Slice"],"picked":"Backflip+1","floor":11},{"not_picked":["Finisher","Acrobatics+1","Accuracy"],"picked":"SKIP","floor":13},{"not_picked":["Deadly Poison+1","Dagger Throw","Masterful Stab"],"picked":"SKIP","floor":14},{"not_picked":["Doppelganger+1","Corpse Explosion+1"],"picked":"Phantasmal Killer+1","floor":16},{"not_picked":["Poisoned Stab","Underhanded Strike"],"picked":"Blade Dance+1","floor":17},{"not_picked":["Quick Slash","Bouncing Flask+1"],"picked":"Dodge and Roll+1","floor":18},{"not_picked":["Dagger Throw","Eviscerate"],"picked":"Accuracy","floor":22},{"not_picked":["Outmaneuver+1","PiercingWail+1"],"picked":"Blade Dance+1","floor":25},{"not_picked":["Grand Finale","Dagger Spray","Poisoned Stab","Slice"],"picked":"SKIP","floor":27},{"not_picked":["Catalyst+1","Calculated Gamble+1","Blade Dance+1"],"picked":"Terror+1","floor":28},{"not_picked":["Heel Hook","Sucker Punch","Deadly Poison+1"],"picked":"Escape Plan+1","floor":30},{"not_picked":["Deflect+1","Deadly Poison+1","Reflex+1","Bane"],"picked":"SKIP","floor":31},{"not_picked":["Venomology+1","Malaise+1","Storm of Steel+1"],"picked":"A Thousand Cuts","floor":33},{"not_picked":["Dagger Spray+1","Dagger Throw","Flechettes"],"picked":"Finisher+1","floor":35},{"not_picked":["Bane+1","Deflect+1","Masterful Stab"],"picked":"Dodge and Roll+1","floor":37},{"not_picked":["Quick Slash","Blade Dance+1","PiercingWail+1"],"picked":"Cloak And Dagger+1","floor":38}],"player_experience":723199,"relics_obtained":[{"floor":4,"key":"Turnip"},{"floor":7,"key":"Bag of Preparation"},{"floor":9,"key":"Omamori"},{"floor":10,"key":"Toxic Egg 2"},{"floor":26,"key":"Question Card"}],"event_choices":[{"damage_healed":0,"gold_gain":0,"player_choice":"Success","damage_taken":26,"relics_obtained":["The Courier"],"max_hp_gain":0,"max_hp_loss":0,"event_name":"Scrap Ooze","floor":3,"gold_loss":0},{"damage_healed":0,"gold_gain":0,"player_choice":"Lose Max HP","damage_taken":0,"relics_obtained":["Golden Idol"],"max_hp_gain":0,"max_hp_loss":6,"event_name":"Golden Idol","floor":5,"gold_loss":0},{"damage_healed":0,"gold_gain":0,"player_choice":"1 cards matched","damage_taken":0,"max_hp_gain":0,"max_hp_loss":0,"event_name":"Match and Keep!","floor":21,"gold_loss":0,"cards_obtained":["Neutralize"]}],"is_beta":true,"boss_relics":[{"not_picked":["Lizard Tail","Black Star"],"picked":"Tiny House"},{"not_picked":["White Beast Statue","Coffee Dripper"],"picked":"Sozu"}],"items_purged_floors":[19,36],"is_endless":false,"potions_floor_spawned":[1,7,14,16,27,31,33,38],"killed_by":"Spire Growth","ascension_level":20}