{"gold_per_floor":[117,137,137,16,26,26,59,9,9,9,9,9,28,28,28,127,127,144,157,157],"floor_reached":20,"playtime":1171,"items_purged":[],"score":395,"play_id":"82c342ba-3dad-4608-aade-8e65aa1e7103","local_time":"20180804185255","is_ascension_mode":true,"campfire_choices":[{"data":"Dualcast","floor":6,"key":"SMITH"},{"data":"Glacier","floor":10,"key":"SMITH"},{"data":"Hologram","floor":15,"key":"SMITH"}],"neow_cost":"NONE","seed_source_timestamp":868192388867116,"circlet_count":0,"master_deck":["Defend_B","Defend_B","Defend_B","Defend_B","Zap+1","Dualcast+1","AscendersBane","Chaos+1","Rip and Tear+1","Buffer+1","Hologram+1","Coolheaded+1","Glacier+1","Hologram","Loop","Compile Driver","Injury","Glacier","Creative AI","Blizzard","Blizzard"],"relics":["Astrolabe","Girya","Bird Faced Urn","Runic Dome"],"potions_floor_usage":[7,13,16],"damage_taken":[{"damage":0,"enemies":"Jaw Worm","floor":1,"turns":3},{"damage":0,"enemies":"Small Slimes","floor":2,"turns":2},{"damage":5,"enemies":"2 Louse","floor":5,"turns":3},{"damage":0,"enemies":"Lagavulin","floor":7,"turns":6},{"damage":0,"enemies":"Lots of Slimes","floor":13,"turns":4},{"damage":0,"enemies":"The Guardian","floor":16,"turns":13},{"damage":0,"enemies":"Chosen","floor":18,"turns":5},{"damage":11,"enemies":"Spheric Guardian","floor":19,"turns":7},{"damage":106,"enemies":"Cultist and Chosen","floor":20,"turns":6}],"seed_played":"-6580170821057651748","potions_obtained":[{"floor":5,"key":"EssenceOfSteel"},{"floor":7,"key":"AttackPotion"},{"floor":13,"key":"AttackPotion"}],"is_trial":false,"path_per_floor":["M","M","?","$","M","R","E","?","T","R","$","?","M","$","R","B",null,"M","M"],"character_chosen":"DEFECT","items_purchased":["Glacier","Hologram"],"campfire_rested":0,"item_purchase_floors":[4,4],"current_hp_per_floor":[68,68,68,68,63,63,63,63,63,63,63,63,67,67,67,71,74,75,68,0],"gold":157,"neow_bonus":"BOSS_RELIC","is_prod":false,"is_daily":false,"chose_seed":false,"campfire_upgraded":3,"win_rate":0,"timestamp":1533423175,"path_taken":["M","M","?","$","?","R","E","?","T","R","$","?","M","?","R","BOSS","M","M","M"],"build_version":"2018-08-02","purchased_purges":0,"victory":false,"max_hp_per_floor":[75,75,75,75,75,75,75,75,75,75,75,75,75,75,75,75,75,75,75,75],"card_choices":[{"not_picked":["Compile Driver","Conserve Battery"],"picked":"Hologram","floor":1},{"not_picked":["Stack","Conserve Battery"],"picked":"Coolheaded","floor":2},{"not_picked":["Go for the Eyes","Heatsinks"],"picked":"Loop","floor":5},{"not_picked":["Rebound","Ball Lightning"],"picked":"Compile Driver","floor":7},{"not_picked":["Amplify","Leap"],"picked":"Glacier","floor":13},{"not_picked":["Thunder Strike","Multi-Cast"],"picked":"Creative AI","floor":16},{"not_picked":["Double Energy","Leap"],"picked":"Blizzard","floor":18},{"not_picked":["Barrage","Reinforced Body"],"picked":"Blizzard","floor":19}],"player_experience":1425281,"relics_obtained":[{"floor":7,"key":"Girya"},{"floor":9,"key":"Bird Faced Urn"}],"event_choices":[{"event_name":"Living Wall","player_choice":"Grow","floor":3,"damage_taken":0},{"event_name":"The Cleric","player_choice":"Card Removal","floor":8,"damage_taken":0},{"event_name":"Accursed Blacksmith","player_choice":"Forge","floor":12,"damage_taken":0}],"is_beta":false,"boss_relics":[{"not_picked":["Philosopher\u0027s Stone","Snecko Eye"],"picked":"Runic Dome"}],"items_purged_floors":[],"is_endless":false,"potions_floor_spawned":[5,7,13],"killed_by":"Cultist and Chosen","ascension_level":12}