{"gold_per_floor":[118,8,8,8,24,24,45,59,85,85,99,112,112],"floor_reached":13,"playtime":265,"items_purged":[],"score":77,"play_id":"fbc02c44-fc23-4873-95f4-e75c2e9089af","local_time":"20180728001413","is_ascension_mode":false,"campfire_choices":[{"data":"Noxious Fumes","floor":6,"key":"SMITH"},{"data":"Caltrops","floor":10,"key":"SMITH"}],"neow_cost":"NONE","seed_source_timestamp":42524505300370,"circlet_count":0,"master_deck":["Defend_G","Defend_G","Defend_G","Defend_G","Defend_G","Strike_G","Strike_G","Strike_G","Strike_G","Strike_G","Survivor","Neutralize","Slice","Terror","Caltrops+1","Noxious Fumes+1","Backstab","Catalyst","Riddle With Holes"],"relics":["White Beast Statue","Golden Idol","Vajra"],"potions_floor_usage":[12,12],"damage_taken":[{"damage":11,"enemies":"2 Louse","floor":1,"turns":3},{"damage":11,"enemies":"Jaw Worm","floor":5,"turns":3},{"damage":6,"enemies":"Small Slimes","floor":7,"turns":4},{"damage":5,"enemies":"Looter","floor":8,"turns":4},{"damage":11,"enemies":"Large Slime","floor":11,"turns":5},{"damage":13,"enemies":"Lots of Slimes","floor":12,"turns":4},{"damage":9,"enemies":"2 Fungi Beasts","floor":13,"turns":2}],"seed_played":"-6523802259460467692","potions_obtained":[{"floor":1,"key":"Swift Potion"},{"floor":5,"key":"Strength Potion"},{"floor":7,"key":"Energy Potion"},{"floor":11,"key":"Regen Potion"},{"floor":12,"key":"Energy Potion"}],"is_trial":false,"path_per_floor":["M","$","?","?","M","R","M","M","T","R","M","M"],"character_chosen":"THE_SILENT","items_purchased":["Terror","Caltrops"],"campfire_rested":0,"item_purchase_floors":[2,2],"current_hp_per_floor":[59,59,59,42,31,31,25,20,20,20,9,8,0],"gold":112,"neow_bonus":"BOSS_RELIC","is_prod":false,"is_daily":false,"chose_seed":false,"campfire_upgraded":2,"win_rate":0,"timestamp":1532702653,"path_taken":["M","$","?","?","M","R","M","M","T","R","M","M","M"],"build_version":"2018-07-26","purchased_purges":0,"victory":false,"max_hp_per_floor":[70,70,70,70,70,70,70,70,70,70,70,70,70],"card_choices":[{"not_picked":["Dash","Expertise"],"picked":"Slice","floor":1},{"not_picked":["Sucker Punch","Slice"],"picked":"Noxious Fumes","floor":5},{"not_picked":["Dodge and Roll","Terror"],"picked":"Backstab","floor":7},{"not_picked":["Flying Knee","Riddle With Holes"],"picked":"Catalyst","floor":8},{"not_picked":["Flying Knee","Dagger Spray"],"picked":"Riddle With Holes","floor":11},{"not_picked":["Sucker Punch","Accuracy","Acrobatics"],"picked":"SKIP","floor":12}],"player_experience":275000,"relics_obtained":[{"floor":9,"key":"Vajra"}],"event_choices":[{"event_name":"The Cleric","player_choice":"Leave","floor":3,"damage_taken":0},{"event_name":"Golden Idol","player_choice":"Take Damage","floor":4,"damage_taken":0}],"is_beta":false,"boss_relics":[],"items_purged_floors":[],"is_endless":false,"potions_floor_spawned":[1,5,7,8,11,12],"killed_by":"2 Fungi Beasts","ascension_level":0}