{"gold_per_floor":[368,50,50,68,83,83,3,27,27,102,137,137,162,187,187,315,315,334,357,83,83,83],"floor_reached":22,"playtime":1783,"items_purged":["Strike_G","Injury"],"score":238,"play_id":"deae6868-6f15-445b-9b23-c0cd6532e24d","local_time":"20180718193520","is_ascension_mode":true,"campfire_choices":[{"floor":6,"key":"REST"},{"floor":12,"key":"REST"},{"data":"Bouncing Flask","floor":15,"key":"SMITH"}],"neow_cost":"FIFTY_PERCENT_DAMAGE","seed_source_timestamp":8475525209105,"circlet_count":0,"master_deck":["Defend_G","Defend_G","Defend_G","Defend_G","Defend_G","Strike_G","Strike_G","Strike_G","Survivor","Neutralize","Bouncing Flask+1","Well Laid Plans","Backflip","Footwork","Backflip","Flying Knee","Deflect","PiercingWail","A Thousand Cuts","Outmaneuver","Deflect","Caltrops","Catalyst","Grand Finale","Outmaneuver"],"relics":["Ring of the Snake","Membership Card","Golden Idol","Ancient Tea Set","Odd Mushroom","Busted Crown"],"potions_floor_usage":[11,16,22],"damage_taken":[{"damage":0,"enemies":"Small Slimes","floor":1,"turns":8},{"damage":1,"enemies":"2 Louse","floor":4,"turns":4},{"damage":0,"enemies":"Cultist","floor":5,"turns":4},{"damage":0,"enemies":"2 Fungi Beasts","floor":8,"turns":5},{"damage":15,"floor":11,"turns":6},{"damage":0,"enemies":"Looter","floor":13,"turns":3},{"damage":1,"enemies":"Red Slaver","floor":14,"turns":4},{"damage":23,"enemies":"The Guardian","floor":16,"turns":12},{"damage":17,"enemies":"Spheric Guardian","floor":18,"turns":6},{"damage":9,"enemies":"2 Thieves","floor":19,"turns":5},{"damage":33,"enemies":"Sentry and Sphere","floor":22,"turns":7}],"seed_played":"-8120817379849319868","potions_obtained":[{"floor":5,"key":"Dexterity Potion"},{"floor":8,"key":"FearPotion"},{"floor":16,"key":"FearPotion"},{"floor":19,"key":"Swift Potion"}],"is_trial":false,"path_per_floor":["M","$","?","M","M","R","$","M","T","?","?","R","M","M","R","B",null,"M","M","$","?"],"character_chosen":"THE_SILENT","items_purchased":["Membership Card","Well Laid Plans","Caltrops","Catalyst","Grand Finale","Outmaneuver"],"campfire_rested":2,"item_purchase_floors":[2,2,20,20,20,20],"current_hp_per_floor":[32,32,32,31,31,52,52,52,52,41,26,47,47,46,46,23,58,41,32,32,32,0],"gold":83,"neow_bonus":"TWO_FIFTY_GOLD","is_prod":false,"is_daily":false,"chose_seed":false,"campfire_upgraded":1,"win_rate":0,"timestamp":1531908320,"path_taken":["M","$","?","M","M","R","$","M","T","?","?","R","M","M","R","BOSS","M","M","$","?","?"],"build_version":"2018-07-12","purchased_purges":2,"victory":false,"max_hp_per_floor":[70,70,70,70,70,70,70,70,70,70,70,70,70,70,70,70,70,70,70,70,70,70],"card_choices":[{"not_picked":["Flying Knee","Eviscerate"],"picked":"Bouncing Flask","floor":1},{"not_picked":["Sucker Punch","Poisoned Stab"],"picked":"Backflip","floor":4},{"not_picked":["Underhanded Strike","Sucker Punch"],"picked":"Footwork","floor":5},{"not_picked":["Blur","Endless Agony"],"picked":"Backflip","floor":8},{"not_picked":["Eviscerate","Accuracy"],"picked":"Flying Knee","floor":11},{"not_picked":["Tactician","Acrobatics"],"picked":"Deflect","floor":13},{"not_picked":["Accuracy","Expertise"],"picked":"PiercingWail","floor":14},{"not_picked":["Burst","Envenom"],"picked":"A Thousand Cuts","floor":16},{"not_picked":[],"picked":"Outmaneuver","floor":18},{"not_picked":[],"picked":"Deflect","floor":19}],"player_experience":178926,"relics_obtained":[{"floor":9,"key":"Ancient Tea Set"},{"floor":11,"key":"Odd Mushroom"}],"event_choices":[{"event_name":"Golden Idol","player_choice":"Take Wound","floor":3,"damage_taken":0},{"event_name":"World of Goop","player_choice":"Gather Gold","floor":10,"damage_taken":0},{"event_name":"Mushrooms","player_choice":"Fought Mushrooms","floor":11,"damage_taken":0},{"event_name":"Purifier","player_choice":"One Purge","floor":21,"damage_taken":0}],"boss_relics":[{"not_picked":["Philosopher\u0027s Stone","Sozu"],"picked":"Busted Crown"}],"items_purged_floors":[2,7],"is_endless":false,"potions_floor_spawned":[5,8,16,19],"killed_by":"Sentry and Sphere","ascension_level":7}