{"gold_per_floor":[115,65,65,65,82,82,4,29,29,54,68,85,85,85,85,181,181,194,39,39,54,54,54],"floor_reached":23,"playtime":921,"items_purged":[],"score":314,"play_id":"0ac5ac12-32ee-49d7-823b-2a363ff3c296","local_time":"20180625144913","is_ascension_mode":true,"campfire_choices":[{"floor":6,"key":"REST"},{"floor":15,"key":"REST"}],"neow_cost":"NONE","seed_source_timestamp":68727643220842,"circlet_count":0,"master_deck":["Strike_B+1","Strike_B+1","Strike_B+1","Strike_B+1","Defend_B+1","Defend_B+1","Zap","Dualcast","Gash+1","Glacier","Genetic Algorithm","Rebound","Static Discharge","Conserve Battery","Hologram","Buffer","Go for the Eyes+1","Go for the Eyes+1"],"relics":["Cracked Core","NeowsBlessing","Strawberry","Boot","Pear","Juzu Bracelet","Black Star","Whetstone"],"potions_floor_usage":[16,16,23,23],"damage_taken":[{"damage":0,"enemies":"Small Slimes","floor":1,"turns":1},{"damage":0,"enemies":"2 Louse","floor":5,"turns":1},{"damage":0,"enemies":"Lagavulin","floor":8,"turns":1},{"damage":26,"enemies":"3 Sentries","floor":10,"turns":8},{"damage":9,"enemies":"Jaw Worm","floor":11,"turns":3},{"damage":8,"enemies":"Blue Slaver","floor":12,"turns":4},{"damage":37,"enemies":"Hexaghost","floor":16,"turns":9},{"damage":52,"enemies":"3 Byrds","floor":18,"turns":4},{"damage":0,"enemies":"Chosen","floor":21,"turns":6},{"damage":28,"enemies":"Book of Stabbing","floor":23,"turns":4}],"seed_played":"-4814644348664166672","potions_obtained":[{"floor":8,"key":"SkillPotion"},{"floor":10,"key":"Strength Potion"},{"floor":12,"key":"Energy Potion"},{"floor":16,"key":"Poison Potion"},{"floor":18,"key":"Dexterity Potion"}],"is_trial":false,"path_per_floor":["M","?","?","?","M","R","$","E","T","E","M","M","?","?","R","B",null,"M","$","?","M","?"],"character_chosen":"DEFECT","items_purchased":["Genetic Algorithm","Whetstone"],"campfire_rested":2,"item_purchase_floors":[7,19],"current_hp_per_floor":[68,68,68,68,68,82,82,82,92,66,57,49,49,42,69,32,77,25,25,25,25,25,0],"gold":54,"neow_bonus":"THREE_ENEMY_KILL","is_prod":false,"is_daily":false,"chose_seed":false,"campfire_upgraded":0,"win_rate":0,"timestamp":1529952553,"path_taken":["M","?","?","?","?","R","$","E","T","E","M","M","?","?","R","BOSS","M","$","?","M","?","E"],"build_version":"2018-06-21v2","purchased_purges":0,"victory":false,"max_hp_per_floor":[75,75,75,82,82,82,82,82,92,92,92,92,92,92,92,92,92,92,92,92,92,92,92],"card_choices":[{"not_picked":["White Noise","Compile Driver"],"picked":"Gash","floor":1},{"not_picked":["Conserve Battery","Turbo"],"picked":"Glacier","floor":5},{"not_picked":["Leap","Darkness"],"picked":"Rebound","floor":8},{"not_picked":["Redo","Rainbow"],"picked":"Static Discharge","floor":10},{"not_picked":["Undo","Capacitor"],"picked":"Conserve Battery","floor":11},{"not_picked":["Conserve Battery","Auto Shields"],"picked":"Hologram","floor":12},{"not_picked":["Thunder Strike","Creative AI"],"picked":"Buffer","floor":16},{"not_picked":["Hologram","Melter"],"picked":"Go for the Eyes","floor":18},{"not_picked":["Chill","Leap"],"picked":"Go for the Eyes+1","floor":21}],"player_experience":750596,"relics_obtained":[{"floor":8,"key":"Boot"},{"floor":9,"key":"Pear"},{"floor":10,"key":"Juzu Bracelet"}],"event_choices":[{"event_name":"The Cleric","player_choice":"Card Removal","floor":2,"damage_taken":0},{"event_name":"Liars Game","player_choice":"disagreed","floor":3,"damage_taken":0},{"event_name":"Scrap Ooze","player_choice":"success","floor":4,"damage_taken":7},{"event_name":"Living Wall","player_choice":"Grow","floor":13,"damage_taken":0},{"event_name":"Golden Wing","player_choice":"Card Removal","floor":14,"damage_taken":0},{"event_name":"Back to Basics","player_choice":"Simplicity","floor":20,"damage_taken":0},{"event_name":"Cursed Tome","player_choice":"Ignored","floor":22,"damage_taken":0}],"boss_relics":[{"not_picked":["Snecko Eye","White Beast Statue"],"picked":"Black Star"}],"items_purged_floors":[],"is_endless":false,"potions_floor_spawned":[8,10,12,16,18],"killed_by":"Book of Stabbing","ascension_level":6}