{"gold_per_floor":[111,130,145,156,166,166,200,200,200,275,290,34,48,81,81,177,177,187,207,207,135,135],"floor_reached":22,"playtime":2453,"items_purged":["Strike_G","Strike_G"],"score":238,"play_id":"6e645d83-ed03-462f-b1bc-52c34f24ea39","local_time":"20180629165552","is_ascension_mode":true,"campfire_choices":[{"floor":6,"key":"REST"},{"data":"Neutralize","floor":8,"key":"SMITH"},{"floor":15,"key":"REST"}],"neow_cost":"NONE","seed_source_timestamp":241883542002631,"circlet_count":0,"master_deck":["Defend_G","Defend_G","Defend_G","Defend_G","Defend_G","Strike_G","Strike_G","Strike_G","Survivor","Neutralize+1","Flechettes","Skewer","Reflex","Adrenaline","Calculated Gamble","Backflip","Prepared","Noxious Fumes","Backflip+1","PiercingWail"],"relics":["Ring of the Snake","Tough Bandages","Smiling Mask","Strange Spoon","Potion Belt","Orrery"],"potions_floor_usage":[4,11,13,14,16,18,19],"damage_taken":[{"damage":4,"enemies":"Small Slimes","floor":1,"turns":4},{"damage":0,"enemies":"2 Louse","floor":2,"turns":2},{"damage":4,"enemies":"Cultist","floor":3,"turns":3},{"damage":29,"enemies":"Gremlin Gang","floor":4,"turns":6},{"damage":4,"enemies":"Large Slime","floor":5,"turns":6},{"damage":14,"enemies":"3 Sentries","floor":7,"turns":10},{"damage":20,"enemies":"Exordium Wildlife","floor":11,"turns":7},{"damage":0,"enemies":"2 Fungi Beasts","floor":13,"turns":3},{"damage":12,"enemies":"Lagavulin","floor":14,"turns":7},{"damage":24,"enemies":"The Guardian","floor":16,"turns":16},{"damage":32,"enemies":"Chosen","floor":18,"turns":9},{"damage":8,"enemies":"Spheric Guardian","floor":19,"turns":6},{"damage":47,"enemies":"Chosen and Byrds","floor":22,"turns":6}],"seed_played":"6427962073836402209","potions_obtained":[{"floor":1,"key":"SpeedPotion"},{"floor":4,"key":"GamblersBrew"},{"floor":5,"key":"Explosive Potion"},{"floor":13,"key":"SkillPotion"},{"floor":14,"key":"LiquidBronze"},{"floor":16,"key":"FearPotion"},{"floor":18,"key":"Regen Potion"}],"is_trial":false,"path_per_floor":["M","M","M","M","M","R","E","R","T","?","M","$","M","E","R","B",null,"M","M","?","$"],"character_chosen":"THE_SILENT","items_purchased":["Strange Spoon","PiercingWail"],"campfire_rested":2,"item_purchase_floors":[12,21],"current_hp_per_floor":[73,73,69,40,36,59,45,45,45,34,14,14,14,2,25,1,77,45,46,46,46,0],"gold":135,"neow_bonus":"TEN_PERCENT_HP_BONUS","is_prod":false,"is_daily":false,"chose_seed":false,"campfire_upgraded":1,"win_rate":0,"timestamp":1530309352,"path_taken":["M","M","M","M","M","R","E","R","T","?","?","$","M","E","R","BOSS","M","?","?","$","M"],"build_version":"2018-06-28","purchased_purges":2,"victory":false,"max_hp_per_floor":[77,77,77,77,77,77,77,77,77,77,77,77,77,77,77,77,77,77,77,77,77,77],"card_choices":[{"not_picked":["Poisoned Stab","Outmaneuver"],"picked":"Flechettes","floor":1},{"not_picked":["Setup","Prepared"],"picked":"Skewer","floor":2},{"not_picked":["Riddle With Holes","Prepared","Phantasmal Killer"],"picked":"SKIP","floor":3},{"not_picked":["Acrobatics","Slice","Flying Knee"],"picked":"SKIP","floor":4},{"not_picked":["Bane","Poisoned Stab","Infinite Blades"],"picked":"SKIP","floor":5},{"not_picked":["Venomology","Bane","Infinite Blades"],"picked":"SKIP","floor":7},{"not_picked":["Deadly Poison","Quick Slash","Dodge and Roll"],"picked":"SKIP","floor":11},{"not_picked":["Distraction","Choke","Deflect"],"picked":"SKIP","floor":13},{"not_picked":["Well Laid Plans","Doppelganger"],"picked":"Reflex","floor":14},{"not_picked":["Grand Finale","Corpse Explosion"],"picked":"Adrenaline","floor":16},{"not_picked":["Flying Knee","Blade Dance"],"picked":"Calculated Gamble","floor":17},{"not_picked":["Bane","Underhanded Strike"],"picked":"Backflip","floor":17},{"not_picked":["Dodge and Roll","Sucker Punch"],"picked":"Prepared","floor":17},{"not_picked":["Backstab","Riddle With Holes"],"picked":"Noxious Fumes","floor":17},{"not_picked":["Riddle With Holes","Outmaneuver+1"],"picked":"Backflip+1","floor":18},{"not_picked":["Heel Hook","Acrobatics","Slice+1"],"picked":"SKIP","floor":19}],"player_experience":174604,"relics_obtained":[{"floor":7,"key":"Tough Bandages"},{"floor":9,"key":"Smiling Mask"},{"floor":14,"key":"Potion Belt"}],"event_choices":[{"event_name":"World of Goop","player_choice":"Gather Gold","floor":10,"damage_taken":0},{"event_name":"Drug Dealer","player_choice":"Ignored","floor":20,"damage_taken":0}],"boss_relics":[{"not_picked":["Calling Bell","Snecko Eye"],"picked":"Orrery"}],"items_purged_floors":[12,21],"is_endless":false,"potions_floor_spawned":[1,4,5,13,14,16,18],"killed_by":"Chosen and Byrds","ascension_level":4}