{"path_per_floor":["M","$","M","$","M","R","M","?","T","M","?","M","M","M","R"],"character_chosen":"THE_SILENT","items_purchased":[],"gold_per_floor":[115,40,57,57,69,69,81,111,111,121,121,141,151,163,163,163],"floor_reached":16,"campfire_rested":1,"playtime":738,"item_purchase_floors":[],"current_hp_per_floor":[68,68,68,68,64,64,57,57,57,53,46,30,27,3,24,0],"items_purged":["Strike_G"],"gold":163,"score":115,"play_id":"3a2c37df-a881-498f-800c-173ef3e02219","local_time":"20180622094244","is_prod":false,"is_daily":false,"chose_seed":false,"is_ascension_mode":true,"campfire_upgraded":1,"win_rate":0,"timestamp":1529674964,"campfire_choices":[{"data":"Noxious Fumes","floor":6,"key":"SMITH"},{"floor":15,"key":"REST"}],"path_taken":["M","$","M","$","M","R","M","?","T","M","?","M","M","?","R","BOSS"],"build_version":"2018-06-21","seed_source_timestamp":713511556482532,"purchased_purges":1,"circlet_count":0,"victory":false,"master_deck":["Defend_G","Defend_G","Defend_G","Defend_G","Defend_G","Survivor","Neutralize","Crippling Poison+1","Sucker Punch+1","Deadly Poison+1","Poisoned Stab","Noxious Fumes+1","Crippling Poison","Malaise","Flying Knee","Caltrops"],"max_hp_per_floor":[70,70,70,70,70,70,70,70,70,70,70,70,70,70,70,70],"relics":["Astrolabe","Ginger"],"card_choices":[{"not_picked":["Dagger Throw","Bane"],"picked":"Poisoned Stab","floor":1},{"not_picked":["Cloak And Dagger","PiercingWail"],"picked":"Noxious Fumes","floor":3},{"not_picked":["Sucker Punch","Eviscerate"],"picked":"Crippling Poison","floor":5},{"not_picked":["Acrobatics","Deflect"],"picked":"Malaise","floor":7},{"not_picked":["Acrobatics","Cloak And Dagger"],"picked":"Flying Knee","floor":10},{"not_picked":["Slice","Acrobatics","Masterful Stab"],"picked":"SKIP","floor":12},{"not_picked":["Heel Hook","Glass Knife"],"picked":"Caltrops","floor":13},{"not_picked":["Reflex","Outmaneuver","Underhanded Strike"],"picked":"SKIP","floor":14}],"player_experience":701784,"potions_floor_usage":[],"damage_taken":[{"damage":2,"enemies":"Small Slimes","floor":1,"turns":3},{"damage":0,"enemies":"2 Louse","floor":3,"turns":3},{"damage":4,"enemies":"Cultist","floor":5,"turns":3},{"damage":7,"enemies":"2 Fungi Beasts","floor":7,"turns":3},{"damage":4,"enemies":"Large Slime","floor":10,"turns":5},{"damage":16,"enemies":"Red Slaver","floor":12,"turns":3},{"damage":3,"enemies":"2 Fungi Beasts","floor":13,"turns":5},{"damage":24,"enemies":"Large Slime","floor":14,"turns":8},{"damage":25,"enemies":"Slime Boss","floor":16,"turns":9}],"relics_obtained":[{"floor":9,"key":"Ginger"}],"event_choices":[{"event_name":"Dead Adventurer","player_choice":"Searched \u00271\u0027 times","floor":8,"damage_taken":0},{"event_name":"Golden Wing","player_choice":"Card Removal","floor":11,"damage_taken":0}],"boss_relics":[],"items_purged_floors":[2],"is_endless":false,"potions_floor_spawned":[5,10,13],"seed_played":"7682825660467738169","killed_by":"Slime Boss","ascension_level":4,"potions_obtained":[{"floor":5,"key":"FearPotion"},{"floor":10,"key":"SmokeBomb"},{"floor":13,"key":"SpeedPotion"}],"is_trial":false}