{"gold_per_floor":[18,37,2,18,18,47,108,258,283,299,299,311,311,337,337,337],"floor_reached":16,"playtime":596,"items_purged":[],"score":193,"play_id":"fab02b0f-2ced-4845-83f6-61adc9bd8eb7","local_time":"20180710141853","is_ascension_mode":true,"campfire_choices":[{"floor":11,"key":"REST"},{"data":"Footwork","floor":13,"key":"SMITH"},{"data":"Noxious Fumes","floor":15,"key":"SMITH"}],"neow_cost":"NO_GOLD","seed_source_timestamp":249653605544296,"circlet_count":0,"master_deck":["Defend_G","Defend_G","Defend_G","Defend_G","Defend_G","Strike_G","Strike_G","Strike_G","Strike_G","Strike_G","Survivor","Neutralize","AscendersBane","Finisher","Dagger Spray","Dash","Noxious Fumes+1","Doubt","Footwork+1","Backstab"],"relics":["Ring of the Snake","Ice Cream","Potion Belt","Singing Bowl","Anchor","Gremlin Horn"],"potions_floor_usage":[6,6,12,14],"damage_taken":[{"damage":9,"enemies":"Jaw Worm","floor":1,"turns":5},{"damage":0,"enemies":"Small Slimes","floor":2,"turns":3},{"damage":2,"enemies":"Cultist","floor":4,"turns":4},{"damage":3,"enemies":"Lagavulin","floor":6,"turns":7},{"damage":47,"enemies":"Lagavulin Event","floor":7,"turns":8},{"damage":0,"enemies":"Exordium Wildlife","floor":10,"turns":3},{"damage":10,"enemies":"3 Louse","floor":12,"turns":5},{"damage":16,"enemies":"Gremlin Nob","floor":14,"turns":4},{"damage":19,"enemies":"Hexaghost","floor":16,"turns":9}],"seed_played":"5674437273771637674","potions_obtained":[{"floor":1,"key":"Block Potion"},{"floor":2,"key":"FearPotion"},{"floor":7,"key":"SpeedPotion"},{"floor":10,"key":"SteroidPotion"},{"floor":14,"key":"Fire Potion"}],"is_trial":false,"path_per_floor":["M","M","?","M","?","E","?","?","T","M","R","M","R","E","R"],"character_chosen":"THE_SILENT","items_purchased":[],"campfire_rested":1,"item_purchase_floors":[],"current_hp_per_floor":[50,50,66,64,69,66,21,21,21,21,42,32,32,18,18,0],"gold":337,"neow_bonus":"ONE_RARE_RELIC","is_prod":false,"is_daily":false,"chose_seed":false,"campfire_upgraded":2,"win_rate":0,"timestamp":1531225133,"path_taken":["M","M","?","M","?","E","?","?","T","?","R","M","R","E","R","BOSS"],"build_version":"2018-07-05","purchased_purges":0,"victory":false,"max_hp_per_floor":[66,66,66,66,71,71,73,73,73,73,73,73,73,75,75,75],"card_choices":[{"not_picked":["Noxious Fumes","Bouncing Flask"],"picked":"Finisher","floor":1},{"not_picked":["Bane","Distraction"],"picked":"Dagger Spray","floor":2},{"not_picked":["Dagger Spray","Outmaneuver"],"picked":"Dash","floor":4},{"not_picked":["Outmaneuver","Flying Knee"],"picked":"Noxious Fumes","floor":6},{"not_picked":["Deadly Poison","Prepared","Noxious Fumes"],"picked":"Singing Bowl","floor":7},{"not_picked":["Infinite Blades","Dash"],"picked":"Footwork","floor":10},{"not_picked":["Quick Slash","Bane"],"picked":"Backstab","floor":12},{"not_picked":["Deadly Poison","Dagger Throw","Bane"],"picked":"Singing Bowl","floor":14}],"player_experience":1014619,"relics_obtained":[{"floor":6,"key":"Potion Belt"},{"floor":7,"key":"Singing Bowl"},{"floor":9,"key":"Anchor"},{"floor":14,"key":"Gremlin Horn"}],"event_choices":[{"event_name":"The Cleric","player_choice":"Healed","floor":3,"damage_taken":0},{"event_name":"Big Fish","player_choice":"Donut","floor":5,"damage_taken":0},{"event_name":"Dead Adventurer","player_choice":"Searched \u00271\u0027 times","floor":7,"damage_taken":0},{"event_name":"Liars Game","player_choice":"agreed","floor":8,"damage_taken":0}],"boss_relics":[],"items_purged_floors":[],"is_endless":false,"potions_floor_spawned":[1,2,7,10,14],"killed_by":"Hexaghost","ascension_level":15}