{"gold_per_floor":[219,229,243,260,272,300,300,313,358,389,389,389,564,33,33,132,132,116,133,144,159,159,159,194,204,204,204,235,265,294,323,335,443,455,485,251,251,351,351,384,384,384,384,16,16,16,31,63,63,63],"floor_reached":51,"playtime":5202,"items_purged":["Doubt","Defend_G"],"score":857,"play_id":"a54f99e1-fd71-483b-ac2c-5e92bd5edd2a","local_time":"20190106103541","is_ascension_mode":false,"campfire_choices":[{"data":"Neutralize","floor":12.0,"key":"SMITH"},{"data":"Adrenaline","floor":15.0,"key":"SMITH"},{"data":"Venomology","floor":23.0,"key":"SMITH"},{"data":"Footwork","floor":27.0,"key":"SMITH"},{"floor":32,"key":"REST"},{"floor":42,"key":"REST"},{"data":"Thinking Ahead","floor":45,"key":"SMITH"},{"data":"Caltrops","floor":49,"key":"SMITH"}],"neow_cost":"NONE","seed_source_timestamp":0,"circlet_count":0,"master_deck":["Defend_G","Defend_G","Defend_G+1","Defend_G","Strike_G","Strike_G","Strike_G","Survivor","Neutralize+1","Noxious Fumes","Dagger Spray","Backflip","Backflip","Infinite Blades","Adrenaline+1","PiercingWail","Leg Sweep","Footwork+1","PiercingWail","Venomology+1","Backflip+1","Infinite Blades","Infinite Blades","Terror+1","Cloak And Dagger+1","Footwork+1","PiercingWail","Backflip","Dark Shackles","Thinking Ahead+1","Footwork+1","Flechettes","Cloak And Dagger","Blur","Quick Slash+1","Caltrops+1"],"special_seed":0,"relics":["Ring of the Snake","Sundial","Centennial Puzzle","Anchor","Juzu Bracelet","Tiny Chest","Black Star","Gremlin Horn","War Paint","Mummified Hand","MawBank","Lantern","Eternal Feather","Ninja Scroll","Peace Pipe","Potion Belt","Strawberry","FossilizedHelix","Pen Nib","Dream Catcher","Bottled Tornado"],"potions_floor_usage":[33,33,33,35,40,40,48,50,50,50,50,50],"damage_taken":[{"damage":0.0,"enemies":"Small Slimes","floor":1.0,"turns":4.0},{"damage":0.0,"enemies":"Jaw Worm","floor":2.0,"turns":4.0},{"damage":0.0,"enemies":"2 Louse","floor":3.0,"turns":2.0},{"damage":0.0,"enemies":"Large Slime","floor":4.0,"turns":5.0},{"damage":0.0,"enemies":"Red Slaver","floor":5.0,"turns":4.0},{"damage":27.0,"enemies":"Gremlin Nob","floor":6.0,"turns":5.0},{"damage":10.0,"enemies":"Gremlin Gang","floor":8.0,"turns":6.0},{"damage":8.0,"enemies":"Lagavulin","floor":10.0,"turns":7.0},{"damage":6.0,"enemies":"Slime Boss","floor":16.0,"turns":11.0},{"damage":9.0,"enemies":"2 Thieves","floor":18.0,"turns":4.0},{"damage":0.0,"enemies":"Shell Parasite","floor":19.0,"turns":8.0},{"damage":0.0,"enemies":"Snake Plant","floor":20.0,"turns":7.0},{"damage":17.0,"enemies":"Snecko","floor":21.0,"turns":6.0},{"damage":19.0,"enemies":"Book of Stabbing","floor":24.0,"turns":6.0},{"damage":8.0,"enemies":"3 Cultists","floor":25.0,"turns":7.0},{"damage":15.0,"enemies":"Gremlin Leader","floor":28.0,"turns":11.0},{"damage":4.0,"enemies":"Snake Plant","floor":29.0,"turns":7.0},{"damage":0.0,"enemies":"Cultist and Chosen","floor":30.0,"turns":7.0},{"damage":9.0,"enemies":"Shelled Parasite and Fungi","floor":31.0,"turns":7.0},{"damage":16,"enemies":"Collector","floor":33,"turns":14},{"damage":31,"enemies":"3 Darklings","floor":35,"turns":5},{"damage":0,"enemies":"Mind Bloom Boss Battle","floor":38,"turns":9},{"damage":13,"enemies":"Giant Head","floor":40,"turns":11},{"damage":0,"enemies":"Orb Walker","floor":47,"turns":5},{"damage":0,"enemies":"Nemesis","floor":48,"turns":8},{"damage":0,"enemies":"Awakened One","floor":50,"turns":32}],"seed_played":"6093825775416220889","potions_obtained":[{"floor":3.0,"key":"Fire Potion"},{"floor":5.0,"key":"Energy Potion"},{"floor":8.0,"key":"Strength Potion"},{"floor":10.0,"key":"Fire Potion"},{"floor":16.0,"key":"Strength Potion"},{"floor":19.0,"key":"PowerPotion"},{"floor":20.0,"key":"Strength Potion"},{"floor":21.0,"key":"SteroidPotion"},{"floor":25.0,"key":"FearPotion"},{"floor":29.0,"key":"SkillPotion"},{"floor":38,"key":"Energy Potion"},{"floor":40,"key":"Explosive Potion"},{"floor":47,"key":"Regen Potion"}],"is_trial":false,"path_per_floor":["M","M","M","M","M","E","?","M","T","E","?","R","?","$","R","B",null,"M","M","M","M","?","R","E","M","T","R","E","M","M","M","R","B",null,"M","$","?","?","?","E","?","R","T","$","R","?","M","E","R","B",null],"character_chosen":"THE_SILENT","items_purchased":["Footwork","PiercingWail","Juzu Bracelet","Tiny Chest","Block Potion","Ninja Scroll","Blur","Pen Nib","Dexterity Potion"],"campfire_rested":2,"item_purchase_floors":[14,14,14,14,14,36,44,44,44],"current_hp_per_floor":[70,70,70,70,70,43,36,26,26,18,41,41,41,41,41,35,70,61,61,61,56,70,70,51,43,43,43,28,24,24,15,36,20,70,39,39,39,39,34,28,28,69,69,69,77,77,77,77,77,77],"gold":63,"neow_bonus":"HUNDRED_GOLD","is_prod":false,"is_daily":false,"chose_seed":false,"campfire_upgraded":6,"win_rate":0,"timestamp":1546788941,"path_taken":["M","M","M","M","M","E","?","M","T","E","?","R","?","$","R","BOSS","M","M","M","M","?","R","E","M","T","R","E","M","M","M","R","BOSS","M","$","?","?","?","E","?","R","T","$","R","?","M","E","R","BOSS"],"build_version":"2019-01-03v4","purchased_purges":2,"victory":true,"max_hp_per_floor":[70,70,70,70,70,70,70,70,70,70,70,70,70,70,70,70,70,70,70,70,70,70,70,70,70,70,70,70,70,70,70,70,70,70,70,70,70,70,70,77,77,77,77,77,77,77,77,77,77,77],"card_choices":[{"not_picked":["Sucker Punch","Backflip"],"picked":"Noxious Fumes","floor":1.0},{"not_picked":["Flechettes","Calculated Gamble"],"picked":"Dagger Spray","floor":2.0},{"not_picked":["Blur","Dagger Throw"],"picked":"Backflip","floor":3.0},{"not_picked":["Bane","Sucker Punch"],"picked":"Backflip","floor":4.0},{"not_picked":["Blade Dance","Slice"],"picked":"Infinite Blades","floor":5.0},{"not_picked":["Deadly Poison","Slice"],"picked":"Adrenaline","floor":6.0},{"not_picked":["Catalyst","Deadly Poison"],"picked":"PiercingWail","floor":8.0},{"not_picked":["Noxious Fumes","Prepared"],"picked":"Leg Sweep","floor":10.0},{"not_picked":["Storm of Steel","Envenom"],"picked":"Venomology","floor":16.0},{"not_picked":["Choke","Backstab"],"picked":"Backflip+1","floor":18.0},{"not_picked":["Dodge and Roll","Outmaneuver+1"],"picked":"Infinite Blades","floor":19.0},{"not_picked":["Dagger Spray","Heel Hook"],"picked":"Infinite Blades","floor":20.0},{"not_picked":["Dagger Throw","Glass Knife"],"picked":"Terror","floor":21.0},{"not_picked":["Backflip","Catalyst"],"picked":"Cloak And Dagger","floor":24.0},{"not_picked":["Heel Hook+1","Eviscerate+1","Deadly Poison"],"picked":"SKIP","floor":25.0},{"not_picked":["Dagger Spray","All Out Attack"],"picked":"Footwork+1","floor":28.0},{"not_picked":["Backflip","Poisoned Stab"],"picked":"PiercingWail","floor":29.0},{"not_picked":["Dagger Throw","Blade Dance","Skewer"],"picked":"SKIP","floor":30.0},{"not_picked":["Bouncing Flask","Night Terror"],"picked":"Backflip","floor":31.0},{"not_picked":["Dagger Spray","Poisoned Stab","Endless Agony"],"picked":"SKIP","floor":35},{"not_picked":["Forethought","Impatience"],"picked":"Dark Shackles","floor":39},{"not_picked":["Violence","Blind"],"picked":"Thinking Ahead","floor":39},{"not_picked":["Deflect+1","Sucker Punch+1"],"picked":"Footwork+1","floor":40},{"not_picked":["Dagger Throw+1","Bane"],"picked":"Quick Slash+1","floor":47},{"not_picked":["Tools of the Trade","Cloak And Dagger+1"],"picked":"Caltrops","floor":48}],"player_experience":614688,"relics_obtained":[{"floor":6.0,"key":"Sundial"},{"floor":9.0,"key":"Centennial Puzzle"},{"floor":10.0,"key":"Anchor"},{"floor":24.0,"key":"Gremlin Horn"},{"floor":24.0,"key":"War Paint"},{"floor":26.0,"key":"Mummified Hand"},{"floor":28.0,"key":"MawBank"},{"floor":28.0,"key":"Lantern"},{"floor":38,"key":"Peace Pipe"},{"floor":40,"key":"Potion Belt"},{"floor":40,"key":"Strawberry"},{"floor":43,"key":"FossilizedHelix"},{"floor":48,"key":"Dream Catcher"},{"floor":48,"key":"Bottled Tornado"}],"event_choices":[{"cards_removed":["Strike_G"],"damage_healed":0.0,"max_hp_gain":0.0,"max_hp_loss":0.0,"gold_gain":0.0,"event_name":"Golden Wing","player_choice":"Card Removal","floor":7.0,"gold_loss":0.0,"damage_taken":7.0},{"damage_healed":23.0,"max_hp_gain":0.0,"max_hp_loss":0.0,"gold_gain":0.0,"event_name":"Big Fish","player_choice":"Banana","floor":11.0,"gold_loss":0.0,"damage_taken":0.0},{"damage_healed":0.0,"max_hp_gain":0.0,"max_hp_loss":0.0,"gold_gain":175.0,"event_name":"Liars Game","player_choice":"AGREE","floor":13.0,"gold_loss":0.0,"damage_taken":0.0,"cards_obtained":["Doubt"]},{"damage_healed":23.0,"max_hp_gain":0.0,"max_hp_loss":0.0,"gold_gain":0.0,"event_name":"The Library","player_choice":"Heal","floor":22.0,"gold_loss":0.0,"damage_taken":0.0},{"cards_removed":["Strike_G"],"damage_healed":0,"gold_gain":0,"player_choice":"Removed Attack","damage_taken":0,"max_hp_gain":0,"max_hp_loss":0,"event_name":"Falling","floor":37,"gold_loss":0},{"damage_healed":0,"gold_gain":0,"player_choice":"Fight","damage_taken":0,"max_hp_gain":0,"max_hp_loss":0,"event_name":"MindBloom","floor":38,"gold_loss":0},{"damage_healed":0,"gold_gain":0,"player_choice":"Memory 2","damage_taken":5,"max_hp_gain":0,"max_hp_loss":0,"event_name":"SensoryStone","floor":39,"gold_loss":0},{"damage_healed":0,"gold_gain":0,"player_choice":"2 cards matched","damage_taken":0,"max_hp_gain":0,"max_hp_loss":0,"event_name":"Match and Keep!","floor":41,"gold_loss":0,"cards_obtained":["Flechettes","Cloak And Dagger"]},{"damage_healed":0,"gold_gain":0,"player_choice":"Upgraded","damage_taken":0,"max_hp_gain":0,"max_hp_loss":0,"event_name":"Upgrade Shrine","floor":46,"gold_loss":0,"cards_upgraded":["Cloak And Dagger"]}],"is_beta":false,"boss_relics":[{"not_picked":["Tiny House","Astrolabe"],"picked":"Black Star"},{"not_picked":["Calling Bell","Lizard Tail"],"picked":"Eternal Feather"}],"items_purged_floors":[14,44],"is_endless":false,"potions_floor_spawned":[3,5,8,10,16,19,20,21,25,29,38,40,47],"ascension_level":0}