{"gold_per_floor":[113,113,126,145,156,183,183,217,268,268,295,295,295,295,295,398,398,408,427,438,455,455,455,84,103,103,153,153,166,185,198,198,198],"floor_reached":33,"playtime":1065,"items_purged":["Strike_B"],"score":338,"play_id":"fa29236e-228b-487e-b971-4b59f663dc43","local_time":"20181031113823","is_ascension_mode":true,"campfire_choices":[{"floor":7,"key":"REST"},{"floor":10,"key":"REST"},{"floor":15,"key":"REST"},{"floor":23,"key":"REST"},{"floor":28,"key":"REST"},{"floor":32,"key":"REST"}],"neow_cost":"NONE","seed_source_timestamp":937117420679465,"circlet_count":0,"master_deck":["Strike_B","Strike_B","Strike_B","Defend_B","Defend_B","Defend_B","Defend_B","Zap+1","Dualcast","Sweeping Beam","Rebound","Electrodynamics","Beam Cell","Conserve Battery","Steam","Cold Snap","Machine Learning","Doom and Gloom","Cold Snap"],"relics":["Cracked Core","DataDisk","Shuriken","Anchor","Omamori","Busted Crown","MutagenicStrength","ClockworkSouvenir","Bag of Preparation"],"potions_floor_usage":[5,16,21,21,25,31],"damage_taken":[{"damage":6,"enemies":"2 Louse","floor":1,"turns":2},{"damage":5,"enemies":"Small Slimes","floor":3,"turns":2},{"damage":0,"enemies":"Cultist","floor":4,"turns":2},{"damage":0,"enemies":"Large Slime","floor":5,"turns":4},{"damage":45,"enemies":"Lagavulin","floor":6,"turns":6},{"damage":13,"enemies":"Gremlin Nob","floor":8,"turns":3},{"damage":0,"enemies":"3 Sentries","floor":11,"turns":2},{"damage":24,"enemies":"The Guardian","floor":16,"turns":12},{"damage":0,"enemies":"3 Byrds","floor":18,"turns":2},{"damage":16,"enemies":"2 Thieves","floor":19,"turns":4},{"damage":30,"enemies":"Shelled Parasite and Fungi","floor":20,"turns":3},{"damage":22,"enemies":"Snake Plant","floor":21,"turns":4},{"damage":10,"enemies":"Centurion and Healer","floor":25,"turns":3},{"damage":2,"enemies":"Cultist and Chosen","floor":29,"turns":3},{"damage":3,"enemies":"Snake Plant","floor":30,"turns":4},{"damage":0,"enemies":"Centurion and Healer","floor":31,"turns":3},{"damage":73,"enemies":"Champ","floor":33,"turns":9}],"seed_played":"-7068543446531043236","potions_obtained":[{"floor":3,"key":"SkillPotion"},{"floor":4,"key":"LiquidBronze"},{"floor":6,"key":"GamblersBrew"},{"floor":14,"key":"Block Potion"},{"floor":14,"key":"Energy Potion"},{"floor":16,"key":"Ancient Potion"},{"floor":21,"key":"Weak Potion"},{"floor":30,"key":"Block Potion"}],"is_trial":false,"path_per_floor":["M","?","M","M","M","E","R","E","T","R","E","?","?","?","R","B",null,"M","M","M","M","?","R","$","M","T","?","R","M","M","M","R","B"],"character_chosen":"DEFECT","items_purchased":["ClockworkSouvenir","Doom and Gloom","Cold Snap"],"campfire_rested":6,"item_purchase_floors":[24,24,24],"current_hp_per_floor":[69,69,64,64,64,19,41,28,28,50,50,50,50,50,72,48,75,75,59,29,7,7,29,29,19,19,19,41,39,36,36,58,0],"gold":198,"neow_bonus":"UPGRADE_CARD","is_prod":false,"is_daily":false,"chose_seed":false,"campfire_upgraded":0,"win_rate":0,"timestamp":1541003903,"path_taken":["M","?","M","M","M","E","R","E","T","R","E","?","?","?","R","BOSS","M","M","M","?","?","R","$","M","T","?","R","M","?","M","R","BOSS"],"build_version":"2018-10-30","purchased_purges":1,"victory":false,"max_hp_per_floor":[75,75,75,75,75,75,75,75,75,75,75,75,75,75,75,75,75,75,75,75,75,75,75,75,75,75,75,75,75,75,75,75,75],"card_choices":[{"not_picked":["Steam","Leap"],"picked":"Sweeping Beam","floor":1},{"not_picked":["Undo","Redo"],"picked":"Rebound","floor":3},{"not_picked":["Leap","FTL"],"picked":"Electrodynamics","floor":4},{"not_picked":["Loop","Turbo"],"picked":"Beam Cell","floor":5},{"not_picked":["Heatsinks","Sweeping Beam"],"picked":"Conserve Battery","floor":6},{"not_picked":["Double Energy","Leap"],"picked":"Steam","floor":8},{"not_picked":["Reinforced Body","Rebound"],"picked":"Cold Snap","floor":11},{"not_picked":["Amplify","Multi-Cast"],"picked":"Machine Learning","floor":16},{"not_picked":["Redo"],"picked":"SKIP","floor":18},{"not_picked":["Barrage+1"],"picked":"SKIP","floor":19},{"not_picked":["Genetic Algorithm+1"],"picked":"SKIP","floor":20},{"not_picked":["Compile Driver"],"picked":"SKIP","floor":21},{"not_picked":["Gash"],"picked":"SKIP","floor":25},{"not_picked":["Rip and Tear"],"picked":"SKIP","floor":29},{"not_picked":["Fusion"],"picked":"SKIP","floor":30},{"not_picked":["Streamline+1"],"picked":"SKIP","floor":31}],"player_experience":498079,"relics_obtained":[{"floor":6,"key":"DataDisk"},{"floor":8,"key":"Shuriken"},{"floor":9,"key":"Anchor"},{"floor":11,"key":"Omamori"},{"floor":26,"key":"Bag of Preparation"}],"event_choices":[{"damage_healed":0,"gold_gain":0,"player_choice":"Ignored","damage_taken":0,"max_hp_gain":0,"max_hp_loss":0,"event_name":"Golden Idol","floor":2,"gold_loss":0},{"damage_healed":0,"gold_gain":0,"player_choice":"Ignored","damage_taken":0,"max_hp_gain":0,"max_hp_loss":0,"event_name":"Liars Game","floor":12,"gold_loss":0},{"damage_healed":0,"gold_gain":0,"player_choice":"Ignored","damage_taken":0,"max_hp_gain":0,"max_hp_loss":0,"event_name":"Golden Wing","floor":13,"gold_loss":0},{"damage_healed":0,"gold_gain":0,"player_choice":"Got Potions","damage_taken":0,"max_hp_gain":0,"max_hp_loss":0,"event_name":"Lab","floor":14,"gold_loss":0},{"damage_healed":0,"gold_gain":0,"player_choice":"Inject Mutagens","damage_taken":0,"relics_obtained":["MutagenicStrength"],"max_hp_gain":0,"max_hp_loss":0,"event_name":"Drug Dealer","floor":22,"gold_loss":0},{"damage_healed":0,"gold_gain":100,"player_choice":"Bet on Murderer","damage_taken":0,"max_hp_gain":0,"max_hp_loss":0,"event_name":"The Joust","floor":27,"gold_loss":50}],"is_beta":true,"boss_relics":[{"not_picked":["Coffee Dripper","Velvet Choker"],"picked":"Busted Crown"}],"items_purged_floors":[24],"is_endless":false,"potions_floor_spawned":[3,4,6,16,20,21,30],"killed_by":"Champ","ascension_level":3}