{"gold_per_floor":[114,130,205,26,26,26,61,61,61,93,93,108,124,154,154,255,255,270,290,290,310,410,410,421,421,447,464,477,495,120,136,136,136],"floor_reached":33,"playtime":2185,"items_purged":["Strike_B"],"score":482,"play_id":"6e65f2c0-4224-4a24-a001-201f85b9987a","local_time":"20180706113119","is_ascension_mode":true,"campfire_choices":[{"floor":6,"key":"REST"},{"data":"Zap","floor":8,"key":"SMITH"},{"floor":11,"key":"REST"},{"floor":15,"key":"REST"},{"floor":23,"key":"REST"},{"floor":25,"key":"REST"},{"floor":32,"key":"REST"}],"neow_cost":"","seed_source_timestamp":223505433856279,"circlet_count":0,"master_deck":["Strike_B","Strike_B","Strike_B","Defend_B","Defend_B+1","Defend_B+1","Defend_B","Zap+1","Dualcast","Streamline","Chill+1","Defragment","Doom and Gloom","Consume","Redo","Glacier","Cold Snap","Multi-Cast","Hello World+1","Glacier","Decay","Reinforced Body"],"relics":["Cracked Core","Matryoshka","Centennial Puzzle","Question Card","War Paint","Incense Burner","Lizard Tail","Singing Bowl","Regal Pillow","DataDisk","Happy Flower"],"potions_floor_usage":[13,14,16,16,28,28,31,33],"damage_taken":[{"damage":0,"enemies":"Cultist","floor":1,"turns":4},{"damage":8,"enemies":"2 Louse","floor":2,"turns":3},{"damage":13,"enemies":"3 Sentries","floor":7,"turns":7},{"damage":34,"enemies":"Lagavulin","floor":10,"turns":5},{"damage":2,"enemies":"Jaw Worm","floor":12,"turns":3},{"damage":15,"enemies":"Exordium Thugs","floor":13,"turns":4},{"damage":0,"enemies":"3 Sentries","floor":14,"turns":7},{"damage":0,"enemies":"The Guardian","floor":16,"turns":11},{"damage":28,"enemies":"3 Byrds","floor":18,"turns":8},{"damage":25,"enemies":"2 Thieves","floor":19,"turns":4},{"damage":2,"enemies":"Snecko","floor":21,"turns":8},{"damage":20,"enemies":"Centurion and Healer","floor":24,"turns":8},{"damage":28,"enemies":"Cultist and Chosen","floor":27,"turns":8},{"damage":5,"enemies":"Slaver and Parasite","floor":28,"turns":14},{"damage":54,"enemies":"3 Cultists","floor":29,"turns":8},{"damage":0,"enemies":"Centurion and Healer","floor":31,"turns":12},{"damage":71,"enemies":"Collector","floor":33,"turns":6}],"seed_played":"5551637658218623694","potions_obtained":[{"floor":1,"key":"FocusPotion"},{"floor":10,"key":"Poison Potion"},{"floor":13,"key":"AttackPotion"},{"floor":14,"key":"Weak Potion"},{"floor":21,"key":"Block Potion"},{"floor":27,"key":"Weak Potion"},{"floor":29,"key":"EssenceOfSteel"},{"floor":31,"key":"Fire Potion"}],"is_trial":false,"path_per_floor":["M","M","?","$","?","R","E","R","T","E","R","M","M","E","R","B",null,"M","M","?","M","?","R","M","R","T","M","M","M","$","M","R"],"character_chosen":"DEFECT","items_purchased":["Defragment","Doom and Gloom","Consume","DataDisk","Happy Flower"],"campfire_rested":6,"item_purchase_floors":[4,4,4,30,30],"current_hp_per_floor":[68,60,49,49,49,71,58,58,58,24,46,44,29,29,51,51,69,41,16,16,14,14,36,16,38,38,12,9,10,10,12,51,0],"gold":136,"neow_bonus":"","is_prod":false,"is_daily":false,"chose_seed":false,"campfire_upgraded":1,"win_rate":0,"timestamp":1530891079,"path_taken":["M","M","?","$","?","R","E","R","T","E","R","M","M","E","R","BOSS","M","M","?","?","?","R","M","R","T","M","M","M","$","M","R","BOSS"],"build_version":"2018-07-05","purchased_purges":1,"victory":false,"max_hp_per_floor":[75,75,75,75,75,75,75,75,75,75,75,75,75,75,75,75,75,75,75,75,75,75,75,75,75,75,77,79,81,81,83,83,83],"card_choices":[{"not_picked":["Undo","Compile Driver"],"picked":"Streamline","floor":1},{"not_picked":["Turbo","White Noise"],"picked":"Chill","floor":2},{"not_picked":["Undo","Ball Lightning"],"picked":"Redo","floor":7},{"not_picked":["Reprogram","Rebound","Coolheaded"],"picked":"Glacier","floor":10},{"not_picked":["Amplify","Steam Power","Recycle","Tempest"],"picked":"SKIP","floor":12},{"not_picked":["Ball Lightning","Conserve Battery","Aggregate","Beam Cell"],"picked":"SKIP","floor":13},{"not_picked":["Chill","Conserve Battery","Leap"],"picked":"Cold Snap","floor":14},{"not_picked":["Hyperbeam","Thunder Strike","All For One"],"picked":"Multi-Cast","floor":16},{"not_picked":["Stack","Steam Power","Barrage"],"picked":"Hello World+1","floor":18},{"not_picked":["Conserve Battery+1","Sweeping Beam","Reboot"],"picked":"Glacier","floor":19},{"not_picked":["Gash","Steam","Beam Cell"],"picked":"Reinforced Body","floor":21},{"not_picked":["Go for the Eyes","Barrage","Gash","Turbo"],"picked":"SKIP","floor":24},{"not_picked":["Blizzard","Sunder","Cold Snap","Rip and Tear"],"picked":"Singing Bowl","floor":27},{"not_picked":["White Noise","Rebound","Barrage","Conserve Battery"],"picked":"Singing Bowl","floor":28},{"not_picked":["Fusion+1","Turbo+1","Coolheaded","Reprogram"],"picked":"Singing Bowl","floor":29},{"not_picked":["Go for the Eyes","Sweeping Beam+1","Streamline","Turbo+1"],"picked":"Singing Bowl","floor":31}],"player_experience":967648,"relics_obtained":[{"floor":7,"key":"Matryoshka"},{"floor":9,"key":"Centennial Puzzle"},{"floor":9,"key":"Question Card"},{"floor":10,"key":"War Paint"},{"floor":14,"key":"Incense Burner"},{"floor":26,"key":"Singing Bowl"},{"floor":26,"key":"Regal Pillow"}],"event_choices":[{"event_name":"World of Goop","player_choice":"Gather Gold","floor":3,"damage_taken":0},{"event_name":"Upgrade Shrine","player_choice":"Upgraded","floor":5,"damage_taken":0},{"event_name":"Forgotten Altar","player_choice":"Smashed Altar","floor":20,"damage_taken":0},{"event_name":"Golden Shrine","player_choice":"Pray","floor":22,"damage_taken":0}],"boss_relics":[{"not_picked":["Fusion Hammer","Pandora\u0027s Box"],"picked":"Lizard Tail"}],"items_purged_floors":[30],"is_endless":false,"potions_floor_spawned":[1,10,13,14,21,27,29,31],"killed_by":"Collector","ascension_level":8}