{"gold_per_floor":[368,384,384,33,50,50,80,95,120,295,295,295],"floor_reached":12,"playtime":468,"items_purged":[],"score":82,"play_id":"b92efe82-7856-47c8-8064-f0d8ec2ccb86","local_time":"20190201195722","is_ascension_mode":true,"campfire_choices":[{"data":"Echo Form","floor":6,"key":"SMITH"}],"neow_cost":"TEN_PERCENT_HP_LOSS","seed_source_timestamp":24670407671385,"circlet_count":0,"master_deck":["Strike_B","Strike_B","Strike_B","Strike_B","Defend_B+1","Defend_B","Defend_B","Defend_B","Zap","Dualcast","Chill+1","Echo Form+1","Coolheaded","Hologram","Conserve Battery","Reboot","Doubt"],"relics":["Cracked Core","Oddly Smooth Stone","Strawberry","Potion Belt"],"potions_floor_usage":[12,12,12],"damage_taken":[{"damage":3,"enemies":"2 Louse","floor":1,"turns":3},{"damage":0,"enemies":"Small Slimes","floor":2,"turns":3},{"damage":1,"enemies":"Jaw Worm","floor":5,"turns":4},{"damage":21,"enemies":"Lagavulin","floor":7,"turns":6},{"damage":8,"enemies":"2 Fungi Beasts","floor":8,"turns":4},{"damage":26,"enemies":"Gremlin Nob","floor":12,"turns":4},{"damage":0,"enemies":"Gremlin Nob","floor":12,"turns":1}],"seed_played":"974702980845258559","potions_obtained":[{"floor":1,"key":"SmokeBomb"},{"floor":5,"key":"Energy Potion"},{"floor":7,"key":"Fire Potion"}],"is_trial":false,"path_per_floor":["M","M","?","$","M","R","E","M","T","?","?","E"],"character_chosen":"DEFECT","items_purchased":["Oddly Smooth Stone","Echo Form","Coolheaded"],"campfire_rested":0,"item_purchase_floors":[4,4,4],"current_hp_per_floor":[65,65,51,51,50,50,36,28,28,28,28,2],"gold":295,"neow_bonus":"TWO_FIFTY_GOLD","is_prod":false,"is_daily":false,"chose_seed":false,"campfire_upgraded":1,"win_rate":0,"timestamp":1549079842,"path_taken":["M","M","?","$","M","R","E","M","T","?","?","E"],"build_version":"2019-01-23","purchased_purges":0,"victory":false,"max_hp_per_floor":[68,68,68,68,68,68,75,75,75,75,75,75],"card_choices":[{"not_picked":["Reprogram","Turbo","Barrage"],"picked":"SKIP","floor":1},{"not_picked":["Steam","Leap"],"picked":"Chill","floor":2},{"not_picked":["Fusion","Beam Cell"],"picked":"Hologram","floor":5},{"not_picked":["Gash","Sweeping Beam"],"picked":"Conserve Battery","floor":7},{"not_picked":["Redo","Darkness"],"picked":"Reboot","floor":8}],"player_experience":236148,"relics_obtained":[{"floor":7,"key":"Strawberry"},{"floor":9,"key":"Potion Belt"}],"event_choices":[{"damage_healed":0,"gold_gain":0,"player_choice":"Entered Light","damage_taken":14,"max_hp_gain":0,"max_hp_loss":0,"event_name":"Shining Light","floor":3,"gold_loss":0,"cards_upgraded":["Chill","Defend_B"]},{"damage_healed":0,"gold_gain":175,"player_choice":"AGREE","damage_taken":0,"max_hp_gain":0,"max_hp_loss":0,"event_name":"Liars Game","floor":10,"gold_loss":0,"cards_obtained":["Doubt"]},{"damage_healed":0,"gold_gain":0,"player_choice":"Searched \u00270\u0027 times","damage_taken":0,"max_hp_gain":0,"max_hp_loss":0,"event_name":"Dead Adventurer","floor":11,"gold_loss":0}],"is_beta":false,"boss_relics":[],"items_purged_floors":[],"is_endless":false,"potions_floor_spawned":[1,5,7],"killed_by":"Gremlin Nob","ascension_level":1}