{"gold_per_floor":[116,191,191,204,219,219,247,247,247,261,271,284,298,315,315,418,418,437,47,59,73,73],"floor_reached":22,"playtime":2195,"items_purged":[],"score":236,"play_id":"87ad813c-fd89-43b3-b977-06b693604a27","local_time":"20190208175221","is_ascension_mode":true,"campfire_choices":[{"floor":6,"key":"REST"},{"floor":8,"key":"REST"},{"floor":15,"key":"REST"}],"neow_cost":"NONE","seed_source_timestamp":2349253632407359,"circlet_count":0,"master_deck":["Defend_G","Defend_G","Defend_G","Defend_G","Defend_G","Strike_G","Strike_G","Strike_G","Strike_G","Strike_G","Survivor","Neutralize","PiercingWail","Blur","Dash","Dagger Throw","Acrobatics","Deflect","Cloak And Dagger","Malaise","Footwork","Dagger Spray","Deflect","Dodge and Roll","Acrobatics","Envenom","Cloak And Dagger","Reflex","Slice","Well Laid Plans","Well Laid Plans","Blur+1","Crippling Poison","Well Laid Plans","Blur","Underhanded Strike"],"relics":["Ring of the Snake","Dream Catcher","Thread and Needle","Mummified Hand","Orrery","Bottled Tornado"],"potions_floor_usage":[16],"damage_taken":[{"damage":1,"enemies":"Cultist","floor":1,"turns":5},{"damage":1,"enemies":"Small Slimes","floor":4,"turns":4},{"damage":7,"enemies":"Jaw Worm","floor":5,"turns":5},{"damage":44,"enemies":"3 Sentries","floor":7,"turns":15},{"damage":0,"enemies":"3 Louse","floor":10,"turns":5},{"damage":0,"enemies":"Large Slime","floor":11,"turns":9},{"damage":0,"enemies":"Red Slaver","floor":12,"turns":4},{"damage":1,"enemies":"Looter","floor":13,"turns":3},{"damage":0,"enemies":"3 Louse","floor":14,"turns":3},{"damage":51,"enemies":"The Guardian","floor":16,"turns":29},{"damage":28,"enemies":"Chosen","floor":18,"turns":11},{"damage":8,"enemies":"Spheric Guardian","floor":20,"turns":16},{"damage":0,"enemies":"Shelled Parasite and Fungi","floor":21,"turns":18},{"damage":34,"enemies":"Cultist and Chosen","floor":22,"turns":6}],"seed_played":"-2139239626881636534","potions_obtained":[{"floor":4,"key":"AttackPotion"},{"floor":5,"key":"SneckoOil"},{"floor":10,"key":"Poison Potion"},{"floor":12,"key":"SkillPotion"},{"floor":16,"key":"Fire Potion"}],"is_trial":false,"path_per_floor":["M","?","?","M","M","R","E","R","T","M","M","M","M","M","R","B",null,"M","$","M","M","M"],"character_chosen":"THE_SILENT","items_purchased":["Bottled Tornado","Crippling Poison","Well Laid Plans"],"campfire_rested":3,"item_purchase_floors":[19,19,19],"current_hp_per_floor":[69,58,58,57,50,70,26,47,47,47,47,47,46,46,67,16,70,42,42,34,34,0],"gold":73,"neow_bonus":"RANDOM_COMMON_RELIC","is_prod":false,"is_daily":false,"chose_seed":false,"campfire_upgraded":0,"win_rate":0,"timestamp":1549619541,"path_taken":["M","?","?","M","M","R","E","R","T","M","?","M","?","M","R","BOSS","M","?","?","M","M"],"build_version":"2019-01-23","purchased_purges":0,"victory":false,"max_hp_per_floor":[70,70,70,70,70,70,70,70,70,70,70,70,70,70,70,70,70,70,70,70,70,70],"card_choices":[{"not_picked":["Outmaneuver","Skewer"],"picked":"PiercingWail","floor":1},{"not_picked":["Dagger Spray","Outmaneuver"],"picked":"Dash","floor":4},{"not_picked":["Bane","Heel Hook"],"picked":"Dagger Throw","floor":5},{"not_picked":["Deflect","Predator"],"picked":"Acrobatics","floor":6},{"not_picked":["Flechettes","Underhanded Strike"],"picked":"Deflect","floor":7},{"not_picked":["Infinite Blades","Skewer"],"picked":"Cloak And Dagger","floor":8},{"not_picked":["Finisher","Bane"],"picked":"Malaise","floor":10},{"not_picked":["Underhanded Strike","All Out Attack"],"picked":"Footwork","floor":11},{"not_picked":["Bane","Poisoned Stab"],"picked":"Dagger Spray","floor":12},{"not_picked":["Catalyst","Outmaneuver"],"picked":"Deflect","floor":13},{"not_picked":["Deadly Poison","Slice"],"picked":"Dodge and Roll","floor":14},{"not_picked":["Sucker Punch","Prepared"],"picked":"Acrobatics","floor":15},{"not_picked":["Night Terror","Storm of Steel"],"picked":"Envenom","floor":16},{"not_picked":["Calculated Gamble","Poisoned Stab"],"picked":"Cloak And Dagger","floor":17},{"not_picked":["Outmaneuver","Slice"],"picked":"Reflex","floor":17},{"not_picked":["Predator","Flying Knee"],"picked":"Slice","floor":17},{"not_picked":["Dash","Acrobatics"],"picked":"Well Laid Plans","floor":17},{"not_picked":["Acrobatics","Cloak And Dagger"],"picked":"Well Laid Plans","floor":17},{"not_picked":["Terror","Blade Dance+1"],"picked":"Blur+1","floor":18},{"not_picked":["Dagger Spray+1","Cloak And Dagger"],"picked":"Blur","floor":20},{"not_picked":["Dagger Throw","Dodge and Roll+1"],"picked":"Underhanded Strike","floor":21}],"player_experience":61280,"relics_obtained":[{"floor":7,"key":"Thread and Needle"},{"floor":9,"key":"Mummified Hand"}],"event_choices":[{"damage_healed":0,"gold_gain":75,"player_choice":"Gather Gold","damage_taken":11,"max_hp_gain":0,"max_hp_loss":0,"event_name":"World of Goop","floor":2,"gold_loss":0},{"damage_healed":0,"gold_gain":0,"player_choice":"1 cards matched","damage_taken":0,"max_hp_gain":0,"max_hp_loss":0,"event_name":"Match and Keep!","floor":3,"gold_loss":0,"cards_obtained":["Blur"]}],"is_beta":false,"boss_relics":[{"not_picked":["Fusion Hammer","Velvet Choker"],"picked":"Orrery"}],"items_purged_floors":[],"is_endless":false,"potions_floor_spawned":[4,5,10,12,16,20],"killed_by":"Cultist and Chosen","ascension_level":2}