{"gold_per_floor":[113,38,113,113,130,130,147,147,229,229,246,79,79,108,108,182,182,182,137,62,11,11,11,11,11,11,11,11,11,11,11,11,11,11,11,11,11,11,11,11,11,11,11,11,11,11,11,0,0,0,0,0,0,0],"floor_reached":54,"playtime":2973,"items_purged":["Strike_G","Strike_G"],"score":1071,"play_id":"a9163fb2-29b8-4c15-8dc4-677f851537a7","local_time":"20181119213524","is_ascension_mode":true,"campfire_choices":[{"floor":6.0,"key":"RECALL"},{"data":"Infinite Blades","floor":13.0,"key":"SMITH"},{"floor":15.0,"key":"REST"},{"data":"Backstab","floor":23.0,"key":"SMITH"},{"floor":25.0,"key":"REST"},{"data":"Neutralize","floor":28.0,"key":"SMITH"},{"data":"Cloak And Dagger","floor":32.0,"key":"SMITH"},{"floor":40.0,"key":"REST"},{"data":"Footwork","floor":47.0,"key":"SMITH"},{"data":"Dash","floor":49.0,"key":"SMITH"},{"data":"Survivor","floor":52,"key":"SMITH"}],"neow_cost":"NONE","seed_source_timestamp":162696520143171,"circlet_count":0,"master_deck":["AscendersBane","Defend_G","Defend_G","Defend_G","Defend_G","Defend_G","Strike_G","Survivor+1","Neutralize+1","Backstab+1","Dash+1","Caltrops","Cloak And Dagger+1","Infinite Blades+1","Dodge and Roll+1","Adrenaline+1","Sucker Punch+1","Cloak And Dagger+1","PiercingWail+1","Footwork+1","Footwork+1","J.A.X.+1","Predator","Envenom+1","Backflip+1","Dodge and Roll+1","Noxious Fumes+1","Leg Sweep+1","Predator+1","Escape Plan+1","Madness+1","Madness+1"],"special_seed":0,"relics":["Ring of the Serpent","NeowsBlessing","Pantograph","Toxic Egg 2","Ectoplasm","Boot","Du-Vu Doll","Smiling Mask","Red Mask"],"potions_floor_usage":[],"damage_taken":[{"damage":0.0,"enemies":"Small Slimes","floor":1.0,"turns":1.0},{"damage":0.0,"enemies":"2 Louse","floor":5.0,"turns":1.0},{"damage":0.0,"enemies":"Cultist","floor":7.0,"turns":1.0},{"damage":0.0,"enemies":"2 Fungi Beasts","floor":11.0,"turns":4.0},{"damage":18.0,"enemies":"Lagavulin","floor":14.0,"turns":7.0},{"damage":36.0,"enemies":"Hexaghost","floor":16.0,"turns":12.0},{"damage":2.0,"enemies":"3 Byrds","floor":18.0,"turns":4.0},{"damage":14.0,"enemies":"2 Thieves","floor":19.0,"turns":4.0},{"damage":10.0,"enemies":"Chosen and Byrds","floor":24.0,"turns":9.0},{"damage":5.0,"enemies":"Slavers","floor":27.0,"turns":8.0},{"damage":3.0,"enemies":"Sentry and Sphere","floor":29.0,"turns":6.0},{"damage":6.0,"enemies":"Snake Plant","floor":31.0,"turns":4.0},{"damage":35.0,"enemies":"Collector","floor":33.0,"turns":12.0},{"damage":5.0,"enemies":"Orb Walker","floor":35.0,"turns":3.0},{"damage":3.0,"enemies":"3 Shapes","floor":36.0,"turns":5.0},{"damage":3.0,"enemies":"Maw","floor":37.0,"turns":8.0},{"damage":30.0,"enemies":"Transient","floor":38.0,"turns":5.0},{"damage":27.0,"enemies":"Writhing Mass","floor":41.0,"turns":5.0},{"damage":7.0,"enemies":"Sphere and 2 Shapes","floor":42.0,"turns":8.0},{"damage":46,"enemies":"Awakened One","floor":50,"turns":15},{"damage":55,"enemies":"Shield and Spear","floor":54,"turns":8}],"seed_played":"-5261560066951568076","potions_obtained":[{"floor":5.0,"key":"Block Potion"},{"floor":7.0,"key":"Strength Potion"},{"floor":11.0,"key":"Strength Potion"},{"floor":19.0,"key":"Weak Potion"},{"floor":27.0,"key":"Block Potion"},{"floor":29.0,"key":"GamblersBrew"},{"floor":33.0,"key":"Regen Potion"},{"floor":38.0,"key":"Block Potion"}],"is_trial":false,"path_per_floor":["M","$","?","?","M","R","M","?","T","T","M","$","R","E","R","B",null,"M","M","?","$","?","R","M","R","T","E","R","M","?","M","R","B",null,"M","M","M","M","?","R","M","M","T","?","?","?","R","?","R","B",null,"R","$","E"],"character_chosen":"THE_SILENT","items_purchased":["Infinite Blades","PiercingWail+1"],"campfire_rested":3,"item_purchase_floors":[12,21],"current_hp_per_floor":[59,59,48,48,48,48,48,48,48,48,48,48,48,30,49,30,57,55,41,41,41,41,41,31,50,50,45,45,42,42,36,36,26,56,60,57,54,24,24,43,16,9,9,58,51,51,51,51,51,12,47,47,47,0],"gold":0,"neow_bonus":"THREE_ENEMY_KILL","is_prod":false,"is_daily":false,"chose_seed":false,"campfire_upgraded":7,"win_rate":0,"timestamp":1542681324,"path_taken":["M","$","?","?","M","R","?","?","T","?","M","$","R","E","R","BOSS","M","M","?","$","?","R","M","R","T","E","R","M","?","M","R","BOSS","M","M","M","M","?","R","M","?","T","?","?","?","R","?","R","BOSS","R","$","E"],"build_version":"2018-11-15","purchased_purges":2,"victory":false,"max_hp_per_floor":[66,66,66,66,66,66,66,66,66,66,66,66,66,66,66,66,66,66,66,66,66,66,66,66,66,66,66,66,66,66,66,66,66,66,66,66,66,66,66,66,66,66,66,58,58,58,58,58,58,58,58,58,58,58],"card_choices":[{"not_picked":["Flying Knee","Slice"],"picked":"Backstab","floor":1.0},{"not_picked":["Caltrops","Blur"],"picked":"Dash","floor":5.0},{"not_picked":["Acrobatics","All Out Attack"],"picked":"Caltrops","floor":7.0},{"not_picked":["Flying Knee","Predator"],"picked":"Cloak And Dagger","floor":11.0},{"not_picked":["Quick Slash","Poisoned Stab"],"picked":"Dodge and Roll","floor":14.0},{"not_picked":["Unload","Doppelganger+1"],"picked":"Adrenaline+1","floor":16.0},{"not_picked":["Deflect+1","Underhanded Strike"],"picked":"Sucker Punch+1","floor":18.0},{"not_picked":["Quick Slash","Dagger Throw"],"picked":"Cloak And Dagger+1","floor":19.0},{"not_picked":["Poisoned Stab+1","Underhanded Strike"],"picked":"Footwork+1","floor":24.0},{"not_picked":["Expertise+1","Bane","Masterful Stab"],"picked":"SKIP","floor":27.0},{"not_picked":["Bane+1","Flying Knee+1"],"picked":"Footwork","floor":29.0},{"not_picked":["Quick Slash+1","Deflect+1"],"picked":"Predator","floor":31.0},{"not_picked":["Burst+1","A Thousand Cuts"],"picked":"Envenom","floor":33.0},{"not_picked":["Deflect+1","Dagger Spray+1"],"picked":"Backflip+1","floor":35.0},{"not_picked":["Acrobatics+1","Heel Hook"],"picked":"Dodge and Roll+1","floor":36.0},{"not_picked":["PiercingWail+1","Skewer"],"picked":"Noxious Fumes+1","floor":37.0},{"not_picked":["Expertise+1","Die Die Die"],"picked":"Leg Sweep+1","floor":38.0},{"not_picked":["Prepared+1","Reflex+1"],"picked":"Predator+1","floor":41.0},{"not_picked":["PiercingWail+1","Dodge and Roll+1"],"picked":"Escape Plan+1","floor":42.0}],"player_experience":1723349,"relics_obtained":[{"floor":10.0,"key":"Pantograph"},{"floor":14.0,"key":"Toxic Egg 2"},{"floor":26.0,"key":"Boot"},{"floor":27.0,"key":"Du-Vu Doll"},{"floor":43.0,"key":"Smiling Mask"}],"event_choices":[{"damage_healed":0.0,"max_hp_gain":0.0,"max_hp_loss":0.0,"gold_gain":75.0,"event_name":"World of Goop","player_choice":"Gather Gold","floor":3.0,"gold_loss":0.0,"damage_taken":11.0},{"damage_healed":0.0,"max_hp_gain":0.0,"max_hp_loss":0.0,"gold_gain":0.0,"event_name":"The Woman in Blue","player_choice":"Bought 0 Potions","floor":4.0,"gold_loss":0.0,"damage_taken":0.0},{"cards_removed":["Strike_G"],"damage_healed":0.0,"max_hp_gain":0.0,"max_hp_loss":0.0,"gold_gain":0.0,"event_name":"Living Wall","player_choice":"Forget","floor":8.0,"gold_loss":0.0,"damage_taken":0.0},{"cards_removed":["Strike_G"],"damage_healed":0.0,"max_hp_gain":0.0,"max_hp_loss":0.0,"gold_gain":0.0,"event_name":"Beggar","player_choice":"Gave Gold","floor":20.0,"gold_loss":75.0,"damage_taken":0.0},{"damage_healed":0.0,"max_hp_gain":0.0,"max_hp_loss":0.0,"gold_gain":0.0,"event_name":"Vampires","player_choice":"Ignored","floor":22.0,"gold_loss":0.0,"damage_taken":0.0},{"damage_healed":0.0,"max_hp_gain":0.0,"max_hp_loss":0.0,"gold_gain":0.0,"event_name":"Drug Dealer","player_choice":"Obtain J.A.X.","floor":30.0,"gold_loss":0.0,"damage_taken":0.0,"cards_obtained":["J.A.X."]},{"damage_healed":0.0,"max_hp_gain":0.0,"max_hp_loss":0.0,"gold_gain":0.0,"event_name":"Accursed Blacksmith","player_choice":"Forge","floor":39.0,"gold_loss":0.0,"damage_taken":0.0,"cards_upgraded":["Envenom"]},{"damage_healed":58.0,"max_hp_gain":0.0,"max_hp_loss":8.0,"gold_gain":0.0,"event_name":"The Moai Head","player_choice":"Heal","floor":44.0,"gold_loss":0.0,"damage_taken":0.0},{"damage_healed":0.0,"max_hp_gain":0.0,"max_hp_loss":0.0,"gold_gain":0.0,"event_name":"Winding Halls","player_choice":"Embrace Madness","floor":45.0,"gold_loss":0.0,"damage_taken":7.0,"cards_obtained":["Madness","Madness"]},{"damage_healed":0.0,"max_hp_gain":0.0,"max_hp_loss":0.0,"gold_gain":0.0,"event_name":"Mysterious Sphere","player_choice":"Ignored","floor":46.0,"gold_loss":0.0,"damage_taken":0.0},{"damage_healed":0.0,"max_hp_gain":0.0,"max_hp_loss":0.0,"gold_gain":0.0,"event_name":"Tomb of Lord Red Mask","player_choice":"Paid","floor":48.0,"gold_loss":11.0,"damage_taken":0.0,"relics_obtained":["Red Mask"]}],"is_beta":false,"boss_relics":[{"not_picked":["Runic Pyramid","Eternal Feather"],"picked":"Ectoplasm"},{"not_picked":["Empty Cage","Runic Dome"],"picked":"Ring of the Serpent"}],"items_purged_floors":[2,12],"is_endless":false,"potions_floor_spawned":[5,7,11,19,27,29,33,38],"killed_by":"Shield and Spear","ascension_level":14}