{"gold_per_floor":[118,118,130,4,4,37,37,37,63,28,43,72,72,100,100,178,178,196,228,128,178,195,195,206,226,253,264,46,46],"floor_reached":29,"playtime":1443,"items_purged":["Strike_B","Strike_B"],"score":553,"play_id":"27797a5d-a498-4029-9696-c483bab54ce1","local_time":"20181024165303","is_ascension_mode":true,"campfire_choices":[{"data":"Dualcast","floor":7,"key":"SMITH"},{"floor":15,"key":"REST"},{"data":"Echo Form","floor":23,"key":"SMITH"}],"neow_cost":"NONE","seed_source_timestamp":1256889322735872,"circlet_count":0,"master_deck":["Strike_B","Defend_B","Defend_B","Defend_B","Defend_B","Zap+1","Dualcast+1","AscendersBane","Compile Driver","Beam Cell","Cold Snap","Rebound","Chill","Echo Form+1","Electrodynamics","Beam Cell","Core Surge","Go for the Eyes","Gash","Beam Cell","Stack","Conserve Battery","FTL"],"relics":["FrozenCore","NeowsBlessing","Shuriken","PreservedInsect","Happy Flower","Blue Candle","Ice Cream","Red Mask","Regal Pillow","Vajra"],"potions_floor_usage":[16,16,19,19],"damage_taken":[{"damage":0,"enemies":"2 Louse","floor":1,"turns":1},{"damage":0,"enemies":"Small Slimes","floor":3,"turns":1},{"damage":0,"enemies":"Gremlin Nob","floor":6,"turns":1},{"damage":0,"enemies":"Cultist","floor":11,"turns":2},{"damage":11,"enemies":"3 Sentries","floor":12,"turns":5},{"damage":19,"enemies":"Gremlin Nob","floor":14,"turns":3},{"damage":0,"enemies":"Slime Boss","floor":16,"turns":7},{"damage":13,"enemies":"Spheric Guardian","floor":18,"turns":4},{"damage":15,"enemies":"Masked Bandits","floor":19,"turns":6},{"damage":11,"enemies":"Shell Parasite","floor":22,"turns":5},{"damage":4,"enemies":"Chosen and Byrds","floor":24,"turns":5},{"damage":7,"enemies":"3 Cultists","floor":25,"turns":5},{"damage":14,"enemies":"Cultist and Chosen","floor":27,"turns":5},{"damage":8,"enemies":"Snake Plant","floor":29,"turns":1}],"seed_played":"6518431777330208452","potions_obtained":[{"floor":12,"key":"Dexterity Potion"},{"floor":14,"key":"LiquidBronze"},{"floor":16,"key":"Poison Potion"},{"floor":18,"key":"Explosive Potion"},{"floor":27,"key":"Energy Potion"}],"is_trial":false,"path_per_floor":["M","?","M","$","?","E","R","?","T","?","M","E","?","E","R","B",null,"M","?","$","?","M","R","M","M","T","M","$"],"character_chosen":"DEFECT","items_purchased":["Cold Snap","Vajra","FTL"],"campfire_rested":1,"item_purchase_floors":[4,28,28],"current_hp_per_floor":[64,46,46,46,46,46,46,46,46,63,63,52,52,33,54,54,67,54,39,39,39,28,28,24,17,17,3,3,0],"gold":46,"neow_bonus":"THREE_ENEMY_KILL","is_prod":false,"is_daily":false,"chose_seed":false,"campfire_upgraded":2,"win_rate":0,"timestamp":1540414383,"path_taken":["M","?","M","$","?","E","R","?","T","?","M","E","?","E","R","BOSS","M","?","$","?","?","R","M","M","T","M","$","?"],"build_version":"2018-10-18","purchased_purges":2,"victory":false,"max_hp_per_floor":[71,71,71,71,71,71,71,71,71,71,71,71,71,71,71,71,71,71,71,71,71,71,71,71,71,71,71,71,71],"card_choices":[{"not_picked":["Stack","Steam Power"],"picked":"Compile Driver","floor":1},{"not_picked":["Self Repair","Barrage"],"picked":"Beam Cell","floor":3},{"not_picked":["Darkness","Coolheaded"],"picked":"Rebound","floor":6},{"not_picked":["Chaos","Barrage"],"picked":"Chill","floor":11},{"not_picked":["Sweeping Beam","Streamline"],"picked":"Echo Form","floor":12},{"not_picked":["Defragment","Lockon"],"picked":"Beam Cell","floor":14},{"not_picked":["Hyperbeam","Echo Form"],"picked":"Core Surge","floor":16},{"not_picked":["Hologram","Reinforced Body"],"picked":"Go for the Eyes","floor":18},{"not_picked":["Cold Snap","Auto Shields"],"picked":"Gash","floor":19},{"not_picked":["Reinforced Body+1","Barrage","Cold Snap"],"picked":"SKIP","floor":22},{"not_picked":["Meteor Strike","Heatsinks"],"picked":"Beam Cell","floor":24},{"not_picked":["Turbo","Beam Cell"],"picked":"Stack","floor":25},{"not_picked":["Aggregate","Chill"],"picked":"Conserve Battery","floor":27}],"player_experience":1568334,"relics_obtained":[{"floor":6,"key":"PreservedInsect"},{"floor":9,"key":"Happy Flower"},{"floor":12,"key":"Blue Candle"},{"floor":14,"key":"Ice Cream"},{"floor":19,"key":"Red Mask"},{"floor":26,"key":"Regal Pillow"}],"event_choices":[{"damage_healed":0,"gold_gain":0,"player_choice":"Success","damage_taken":18,"relics_obtained":["Shuriken"],"max_hp_gain":0,"max_hp_loss":0,"event_name":"Scrap Ooze","floor":2,"gold_loss":0},{"damage_healed":0,"gold_gain":0,"player_choice":"Grow","damage_taken":0,"max_hp_gain":0,"max_hp_loss":0,"event_name":"Living Wall","floor":5,"gold_loss":0,"cards_upgraded":["Zap"]},{"damage_healed":0,"gold_gain":0,"player_choice":"Ignored","damage_taken":0,"max_hp_gain":0,"max_hp_loss":0,"event_name":"Liars Game","floor":8,"gold_loss":0},{"damage_healed":17,"gold_gain":0,"player_choice":"Healed","damage_taken":0,"max_hp_gain":0,"max_hp_loss":0,"event_name":"The Cleric","floor":10,"gold_loss":35},{"damage_healed":0,"gold_gain":0,"cards_transformed":["Strike_B"],"player_choice":"Transformed","damage_taken":0,"max_hp_gain":0,"max_hp_loss":0,"event_name":"Transmorgrifier","floor":13,"gold_loss":0,"cards_obtained":["Electrodynamics"]},{"damage_healed":0,"gold_gain":0,"player_choice":"Fought Bandits","damage_taken":0,"max_hp_gain":0,"max_hp_loss":0,"event_name":"Masked Bandits","floor":19,"gold_loss":0},{"damage_healed":0,"gold_gain":50,"player_choice":"Stole From Cult","damage_taken":0,"max_hp_gain":0,"max_hp_loss":0,"event_name":"Nest","floor":21,"gold_loss":0}],"is_beta":false,"boss_relics":[{"not_picked":["Black Star","Velvet Choker"],"picked":"FrozenCore"}],"items_purged_floors":[4,20],"is_endless":false,"potions_floor_spawned":[12,14,16,18,27],"killed_by":"Snake Plant","ascension_level":15}