{"gold_per_floor":[114,134,149,65,65,100,100,100,100,117,42,114,114,131,131,207,207,224,224,244,244],"floor_reached":21,"playtime":885,"items_purged":["Strike_G"],"score":401,"play_id":"b18c0ecd-3a9d-4615-8544-2654fd0fef79","local_time":"20190203143959","is_ascension_mode":true,"campfire_choices":[{"data":"Riddle With Holes","floor":7,"key":"SMITH"},{"floor":13,"key":"REST"},{"floor":15,"key":"REST"}],"neow_cost":"NONE","seed_source_timestamp":1323672283585,"circlet_count":0,"master_deck":["AscendersBane","Defend_G","Defend_G","Defend_G","Defend_G","Defend_G","Strike_G","Strike_G","Strike_G","Survivor","Neutralize","Riddle With Holes+1","Blur","Escape Plan","Footwork","Quick Slash","Terror","Dagger Throw+1","Choke+1","Corpse Explosion","Flechettes+1","Riddle With Holes+1","Backflip"],"relics":["Philosopher\u0027s Stone","Molten Egg 2","Boot","Darkstone Periapt","Cursed Key"],"potions_floor_usage":[3,18],"damage_taken":[{"damage":0,"enemies":"2 Louse","floor":1,"turns":4},{"damage":0,"enemies":"Jaw Worm","floor":2,"turns":4},{"damage":0,"enemies":"Cultist","floor":3,"turns":4},{"damage":23,"enemies":"3 Sentries","floor":6,"turns":10},{"damage":25,"enemies":"Lots of Slimes","floor":10,"turns":5},{"damage":4,"enemies":"Exordium Wildlife","floor":14,"turns":4},{"damage":0,"enemies":"Slime Boss","floor":16,"turns":10},{"damage":20,"enemies":"Shell Parasite","floor":18,"turns":4},{"damage":17,"enemies":"2 Thieves","floor":20,"turns":3},{"damage":40,"enemies":"Cultist and Chosen","floor":21,"turns":5}],"seed_played":"-8051878907702225740","potions_obtained":[{"floor":2,"key":"GamblersBrew"},{"floor":14,"key":"SpeedPotion"},{"floor":16,"key":"LiquidBronze"}],"is_trial":false,"path_per_floor":["M","M","M","$","?","E","R","?","T","M","$","T","R","M","R","B",null,"M","?","M","M"],"character_chosen":"THE_SILENT","items_purchased":["Footwork","Quick Slash"],"campfire_rested":2,"item_purchase_floors":[4,4],"current_hp_per_floor":[59,59,59,59,59,36,36,36,36,11,11,11,30,26,45,45,61,41,41,24,0],"gold":244,"neow_bonus":"BOSS_RELIC","is_prod":false,"is_daily":false,"chose_seed":false,"campfire_upgraded":1,"win_rate":0,"timestamp":1549222799,"path_taken":["M","M","M","$","?","E","R","?","T","?","?","?","R","M","R","BOSS","M","?","?","M"],"build_version":"2019-01-23","purchased_purges":1,"victory":false,"max_hp_per_floor":[66,66,66,66,66,66,66,66,66,66,66,66,66,66,66,66,66,66,66,66,66],"card_choices":[{"not_picked":["Dagger Throw","Deadly Poison"],"picked":"Riddle With Holes","floor":1},{"not_picked":["Slice","Dagger Spray"],"picked":"Blur","floor":2},{"not_picked":["Eviscerate","Prepared"],"picked":"Escape Plan","floor":3},{"not_picked":["Endless Agony","Dagger Throw"],"picked":"Terror","floor":6},{"not_picked":["Slice+1","Bane+1"],"picked":"Dagger Throw+1","floor":10},{"not_picked":["Burst","Deadly Poison"],"picked":"Choke+1","floor":14},{"not_picked":["Adrenaline","Grand Finale+1"],"picked":"Corpse Explosion","floor":16},{"not_picked":["Acrobatics","Underhanded Strike+1"],"picked":"Flechettes+1","floor":18},{"not_picked":["Cloak And Dagger","Concentrate"],"picked":"Backflip","floor":20}],"player_experience":2297386,"relics_obtained":[{"floor":6,"key":"Molten Egg 2"},{"floor":9,"key":"Boot"},{"floor":12,"key":"Darkstone Periapt"}],"event_choices":[{"damage_healed":0,"gold_gain":0,"player_choice":"Ignored","damage_taken":0,"max_hp_gain":0,"max_hp_loss":0,"event_name":"Shining Light","floor":5,"gold_loss":0},{"cards_removed":["Strike_G"],"damage_healed":0,"gold_gain":0,"player_choice":"Card Removal","damage_taken":0,"max_hp_gain":0,"max_hp_loss":0,"event_name":"Wheel of Change","floor":8,"gold_loss":0},{"damage_healed":0,"gold_gain":0,"player_choice":"Copied","damage_taken":0,"max_hp_gain":0,"max_hp_loss":0,"event_name":"Duplicator","floor":19,"gold_loss":0,"cards_obtained":["Riddle With Holes"]}],"is_beta":false,"boss_relics":[{"not_picked":["Velvet Choker","Coffee Dripper"],"picked":"Cursed Key"}],"items_purged_floors":[11],"is_endless":false,"potions_floor_spawned":[2,14,16],"killed_by":"Cultist and Chosen","ascension_level":15}