{"gold_per_floor":[112,62,62,14,33,64,78,78,101,141,159,203,203,223,223,322,322,337,337,41,41,55,55,89,89,115,115,140,55,55,55,55,144,207,222,240,285,304,320,320,340,37,37,37,37,37,370,330,330,330],"floor_reached":51,"playtime":3557,"items_purged":["Injury"],"score":1215,"play_id":"93efec0e-4365-40e8-86f5-677c38f21b33","local_time":"20181116095543","is_ascension_mode":true,"campfire_choices":[{"floor":8,"key":"REST"},{"floor":13,"key":"REST"},{"floor":15,"key":"REST"},{"data":"After Image","floor":23,"key":"SMITH"},{"floor":25,"key":"REST"},{"data":"Footwork","floor":27,"key":"SMITH"},{"floor":30,"key":"REST"},{"data":"Noxious Fumes","floor":32,"key":"SMITH"},{"data":"Neutralize","floor":40,"key":"SMITH"},{"floor":44,"key":"REST"},{"data":"Catalyst","floor":46,"key":"SMITH"},{"data":"Burst","floor":49,"key":"SMITH"}],"neow_cost":"NONE","seed_source_timestamp":20313822162745,"circlet_count":0,"master_deck":["AscendersBane","Survivor","Neutralize+1","Poisoned Stab","PiercingWail","Well Laid Plans","Backflip+1","Flechettes","Deflect","Prepared","Dash+1","Cloak And Dagger","PiercingWail+1","Backflip","Noxious Fumes+1","Adrenaline","Backstab","Catalyst+1","All Out Attack","Footwork+1","Blade Dance","After Image+1","Dodge and Roll","Footwork","Escape Plan","Poisoned Stab+1","Burst+1","Prepared","Backflip+1","Good Instincts"],"relics":["Pandora\u0027s Box","Lantern","Blood Vial","Smiling Mask","Art of War","Busted Crown","MutagenicStrength","TheAbacus","Bottled Tornado","Bag of Preparation","War Paint","Tiny House","Oddly Smooth Stone","Thread and Needle","Dream Catcher"],"potions_floor_usage":[12,18,36,38,48],"damage_taken":[{"damage":0,"enemies":"2 Louse","floor":1,"turns":2},{"damage":0,"enemies":"Small Slimes","floor":5,"turns":4},{"damage":36,"enemies":"Gremlin Nob","floor":6,"turns":6},{"damage":2,"enemies":"Jaw Worm","floor":7,"turns":4},{"damage":13,"enemies":"Lagavulin","floor":10,"turns":6},{"damage":3,"enemies":"2 Fungi Beasts","floor":11,"turns":4},{"damage":33,"enemies":"Gremlin Nob","floor":12,"turns":5},{"damage":2,"enemies":"Large Slime","floor":14,"turns":6},{"damage":17,"enemies":"Hexaghost","floor":16,"turns":11},{"damage":4,"enemies":"Shell Parasite","floor":18,"turns":5},{"damage":9,"enemies":"2 Thieves","floor":22,"turns":4},{"damage":26,"enemies":"Gremlin Leader","floor":24,"turns":7},{"damage":16,"enemies":"Snecko","floor":28,"turns":7},{"damage":0,"enemies":"Automaton","floor":33,"turns":10},{"damage":0,"enemies":"3 Shapes","floor":35,"turns":6},{"damage":25,"enemies":"3 Darklings","floor":36,"turns":4},{"damage":0,"enemies":"Maw","floor":38,"turns":9},{"damage":0,"enemies":"4 Shapes","floor":39,"turns":7},{"damage":11,"enemies":"Transient","floor":41,"turns":5},{"damage":19,"enemies":"Donu and Deca","floor":50,"turns":12}],"seed_played":"2538060118105302102","potions_obtained":[{"floor":7,"key":"SpeedPotion"},{"floor":11,"key":"Explosive Potion"},{"floor":16,"key":"SteroidPotion"},{"floor":33,"key":"Explosive Potion"},{"floor":34,"key":"GhostInAJar"},{"floor":36,"key":"Fire Potion"},{"floor":39,"key":"SteroidPotion"},{"floor":48,"key":"Fruit Juice"},{"floor":48,"key":"GhostInAJar"}],"is_trial":false,"path_per_floor":["M","?","?","$","M","E","M","R","T","E","M","E","R","M","R","B",null,"M","?","$","?","M","R","E","R","T","R","M","?","R","?","R","B",null,"M","M","T","M","M","R","M","$","T","R","?","R","?","?","R","B",null],"character_chosen":"THE_SILENT","items_purchased":["Backflip","TheAbacus","Footwork","Thread and Needle"],"campfire_rested":6,"item_purchase_floors":[4,20,20,42],"current_hp_per_floor":[63,63,63,63,63,27,25,46,46,35,34,3,24,24,45,30,60,58,58,58,58,51,51,27,48,48,48,34,34,55,55,55,57,72,74,50,50,52,54,54,45,45,45,67,67,67,67,72,72,55],"gold":330,"neow_bonus":"BOSS_RELIC","is_prod":false,"is_daily":false,"chose_seed":false,"campfire_upgraded":6,"win_rate":0,"timestamp":1542380143,"path_taken":["M","?","?","$","M","E","M","R","T","E","M","E","R","M","R","BOSS","M","?","$","?","M","R","E","R","T","R","M","?","R","?","R","BOSS","M","M","?","M","M","R","M","$","T","R","?","R","?","?","R","BOSS"],"build_version":"2018-11-15","purchased_purges":1,"victory":true,"max_hp_per_floor":[70,70,70,70,70,70,70,70,70,70,70,70,70,70,70,70,70,70,70,70,70,70,70,70,70,70,70,70,70,70,70,70,70,75,75,75,75,75,75,75,75,75,75,75,75,75,75,80,80,80],"card_choices":[{"not_picked":["Bouncing Flask","All Out Attack"],"picked":"PiercingWail","floor":1},{"not_picked":["Cloak And Dagger","Dagger Throw"],"picked":"Noxious Fumes","floor":5},{"not_picked":["Cloak And Dagger","Sucker Punch"],"picked":"Adrenaline","floor":6},{"not_picked":["Caltrops","Underhanded Strike"],"picked":"Backstab","floor":7},{"not_picked":["Flying Knee","Bouncing Flask"],"picked":"Catalyst","floor":10},{"not_picked":["Dagger Throw","Setup"],"picked":"All Out Attack","floor":11},{"not_picked":["Masterful Stab","Deflect"],"picked":"Footwork","floor":12},{"not_picked":["Calculated Gamble","Concentrate"],"picked":"Blade Dance","floor":14},{"not_picked":["Unload","Venomology"],"picked":"After Image","floor":16},{"not_picked":[],"picked":"Dodge and Roll","floor":18},{"not_picked":[],"picked":"Escape Plan","floor":22},{"not_picked":[],"picked":"Poisoned Stab+1","floor":24},{"not_picked":["Leg Sweep"],"picked":"SKIP","floor":28},{"not_picked":[],"picked":"Burst","floor":33},{"not_picked":[],"picked":"Prepared","floor":35},{"not_picked":["Finisher"],"picked":"SKIP","floor":36},{"not_picked":["Endless Agony"],"picked":"SKIP","floor":38},{"not_picked":["Prepared"],"picked":"SKIP","floor":39},{"not_picked":[],"picked":"Backflip+1","floor":41},{"not_picked":[],"picked":"Good Instincts","floor":45}],"player_experience":1700998,"relics_obtained":[{"floor":6,"key":"Lantern"},{"floor":9,"key":"Blood Vial"},{"floor":10,"key":"Smiling Mask"},{"floor":12,"key":"Art of War"},{"floor":24,"key":"Bottled Tornado"},{"floor":26,"key":"Bag of Preparation"},{"floor":37,"key":"Oddly Smooth Stone"},{"floor":43,"key":"Dream Catcher"}],"event_choices":[{"cards_removed":["Skewer"],"damage_healed":0,"gold_gain":0,"player_choice":"Card Removal","damage_taken":0,"max_hp_gain":0,"max_hp_loss":0,"event_name":"The Cleric","floor":2,"gold_loss":50},{"damage_healed":0,"gold_gain":0,"player_choice":"Take Wound","damage_taken":0,"relics_obtained":["Golden Idol"],"max_hp_gain":0,"max_hp_loss":0,"event_name":"Golden Idol","floor":3,"gold_loss":0,"cards_obtained":["Injury"]},{"damage_healed":0,"gold_gain":0,"player_choice":"Inject Mutagens","damage_taken":0,"relics_obtained":["MutagenicStrength"],"max_hp_gain":0,"max_hp_loss":0,"event_name":"Drug Dealer","floor":19,"gold_loss":0},{"damage_healed":0,"gold_gain":0,"player_choice":"Ignored","damage_taken":0,"max_hp_gain":0,"max_hp_loss":0,"event_name":"Beggar","floor":21,"gold_loss":0},{"damage_healed":0,"gold_gain":0,"player_choice":"Obtained Relic","damage_taken":0,"relics_obtained":["War Paint"],"max_hp_gain":0,"max_hp_loss":0,"event_name":"Addict","floor":29,"gold_loss":85},{"damage_healed":0,"gold_gain":0,"player_choice":"Ignored","damage_taken":0,"max_hp_gain":0,"max_hp_loss":0,"event_name":"N\u0027loth","floor":31,"gold_loss":0},{"damage_healed":0,"gold_gain":0,"player_choice":"Memory 1","damage_taken":0,"max_hp_gain":0,"max_hp_loss":0,"event_name":"SensoryStone","floor":45,"gold_loss":0},{"damage_healed":0,"gold_gain":333,"player_choice":"Gave Idol","damage_taken":0,"max_hp_gain":0,"max_hp_loss":0,"event_name":"The Moai Head","floor":47,"relics_lost":["Golden Idol"],"gold_loss":0},{"damage_healed":0,"gold_gain":0,"player_choice":"Bought 3 Potions","damage_taken":0,"max_hp_gain":0,"max_hp_loss":0,"event_name":"The Woman in Blue","floor":48,"gold_loss":0}],"is_beta":false,"boss_relics":[{"not_picked":["Snecko Eye","Runic Pyramid"],"picked":"Busted Crown"},{"not_picked":["White Beast Statue","Black Star"],"picked":"Tiny House"}],"items_purged_floors":[20],"is_endless":false,"potions_floor_spawned":[7,11,16,33,36,39],"ascension_level":13}