{"gold_per_floor":[110,125,125,138,149,149,177,177,201,229,229,246,246,256,256,354,354,373,288,306,306,46,127,144,159,231,231,330,346,102,114,114,210,210,223,323,105,150,165,165,175,185,185,197,207,222,91,91,91,91],"floor_reached":50,"playtime":2342,"items_purged":["Strike_B"],"score":666,"play_id":"da581a84-5e88-409d-85b4-c818ce1a7271","local_time":"20180706121038","is_ascension_mode":true,"campfire_choices":[{"floor":6,"key":"REST"},{"floor":8,"key":"REST"},{"floor":11,"key":"REST"},{"data":"Reboot","floor":15,"key":"SMITH"},{"floor":27,"key":"REST"},{"floor":32,"key":"REST"},{"floor":40,"key":"REST"},{"floor":49,"key":"REST"}],"neow_cost":"NONE","seed_source_timestamp":225706103684874,"circlet_count":0,"master_deck":["Defend_B","Defend_B","Defend_B","Zap","Dualcast","Reboot+1","Compile Driver","Beam Cell","Gash","Gash","Compile Driver","FTL","Beam Cell","Echo Form","Doom and Gloom+1","Ball Lightning","Coolheaded","Barrage+1","Self Repair+1","Leap","Static Discharge+1","Beam Cell","Sweeping Beam","Machine Learning+1","Cold Snap+1","Panache+1","Go for the Eyes","Scrape+1","Streamline+1","BootSequence","Conserve Battery+1","Coolheaded+1","FTL","Steam Power+1","Mind Blast","Scrape"],"relics":["Cracked Core","Bag of Marbles","Regal Pillow","DataDisk","Inserter","Orichalcum","Frozen Egg 2","Kunai","Darkstone Periapt","Shuriken","Empty Cage","Turnip","Symbiotic Virus","Blue Candle"],"potions_floor_usage":[7,16,16,16,29,33,45,50,50],"damage_taken":[{"damage":1,"enemies":"2 Louse","floor":1,"turns":2},{"damage":6,"enemies":"Cultist","floor":2,"turns":4},{"damage":7,"enemies":"Jaw Worm","floor":4,"turns":3},{"damage":11,"enemies":"2 Fungi Beasts","floor":5,"turns":4},{"damage":30,"enemies":"Lagavulin","floor":7,"turns":4},{"damage":22,"enemies":"Gremlin Nob","floor":10,"turns":3},{"damage":12,"enemies":"Exordium Wildlife","floor":12,"turns":3},{"damage":0,"enemies":"Blue Slaver","floor":14,"turns":1},{"damage":6,"enemies":"Slime Boss","floor":16,"turns":5},{"damage":1,"enemies":"Spheric Guardian","floor":18,"turns":3},{"damage":16,"enemies":"2 Thieves","floor":20,"turns":2},{"damage":17,"enemies":"Centurion and Healer","floor":24,"turns":4},{"damage":9,"enemies":"Sentry and Sphere","floor":25,"turns":5},{"damage":13,"enemies":"Snecko","floor":29,"turns":4},{"damage":33,"enemies":"Centurion and Healer","floor":31,"turns":5},{"damage":16,"enemies":"Champ","floor":33,"turns":6},{"damage":0,"enemies":"3 Shapes","floor":35,"turns":6},{"damage":31,"floor":38,"turns":4},{"damage":20,"enemies":"Orb Walker","floor":39,"turns":4},{"damage":16,"enemies":"Sphere and 2 Shapes","floor":41,"turns":3},{"damage":23,"enemies":"3 Darklings","floor":42,"turns":4},{"damage":20,"enemies":"Maw","floor":44,"turns":6},{"damage":18,"enemies":"4 Shapes","floor":45,"turns":5},{"damage":6,"enemies":"3 Darklings","floor":46,"turns":3},{"damage":88,"enemies":"Time Eater","floor":50,"turns":8}],"seed_played":"4095416349830673630","potions_obtained":[{"floor":4,"key":"Block Potion"},{"floor":5,"key":"Strength Potion"},{"floor":10,"key":"Dexterity Potion"},{"floor":14,"key":"Fruit Juice"},{"floor":18,"key":"Poison Potion"},{"floor":25,"key":"Strength Potion"},{"floor":41,"key":"Poison Potion"},{"floor":42,"key":"AttackPotion"},{"floor":46,"key":"AttackPotion"}],"is_trial":false,"path_per_floor":["M","M","?","M","M","R","E","R","T","E","R","M","?","M","R","B",null,"M","?","M","?","$","T","M","M","T","R","?","M","$","M","R","B",null,"M","?","$","?","M","R","M","M","T","M","M","M","$","T","R"],"character_chosen":"DEFECT","items_purchased":["Kunai","Leap","Static Discharge+1","Beam Cell","Panache+1","Go for the Eyes","Mind Blast","Scrape"],"campfire_rested":7,"item_purchase_floors":[22,30,30,30,37,37,47,47],"current_hp_per_floor":[67,61,61,54,43,65,35,57,57,35,72,60,60,60,60,59,75,74,74,58,58,58,58,41,32,32,71,71,58,58,35,74,58,75,80,80,80,49,29,68,62,49,49,39,31,35,35,35,74,0],"gold":91,"neow_bonus":"ONE_RANDOM_RARE_CARD","is_prod":false,"is_daily":false,"chose_seed":false,"campfire_upgraded":1,"win_rate":0,"timestamp":1530893438,"path_taken":["M","M","?","M","M","R","E","R","T","E","R","M","?","M","R","BOSS","M","?","M","?","$","?","M","?","T","R","?","M","?","?","R","BOSS","M","?","$","?","M","R","M","M","T","M","M","M","$","?","R","BOSS"],"build_version":"2018-07-05","purchased_purges":1,"victory":false,"max_hp_per_floor":[75,75,75,75,75,75,75,75,75,75,75,75,75,75,75,80,80,80,80,80,80,80,80,80,80,80,80,80,80,80,80,80,80,80,80,80,80,80,80,80,80,80,80,80,80,80,80,80,80,80],"card_choices":[{"not_picked":["Steam","Hologram"],"picked":"Compile Driver","floor":1},{"not_picked":["Stack","Conserve Battery"],"picked":"Beam Cell","floor":2},{"not_picked":["Hologram","FTL"],"picked":"Gash","floor":4},{"not_picked":["Redo","Rainbow"],"picked":"Gash","floor":5},{"not_picked":["Fusion","Steam"],"picked":"Compile Driver","floor":7},{"not_picked":["Double Energy","Ball Lightning"],"picked":"FTL","floor":10},{"not_picked":["Heatsinks","Turbo","Consume"],"picked":"SKIP","floor":12},{"not_picked":["Reinforced Body","Rebound"],"picked":"Beam Cell","floor":14},{"not_picked":["Hyperbeam","Biased Cognition"],"picked":"Echo Form","floor":16},{"not_picked":["Reinforced Body+1","Storm+1"],"picked":"Doom and Gloom+1","floor":18},{"not_picked":["Steam","Barrage"],"picked":"Ball Lightning","floor":20},{"not_picked":["Darkness","Ball Lightning+1"],"picked":"Coolheaded","floor":24},{"not_picked":["Recycle+1","Turbo"],"picked":"Barrage+1","floor":25},{"not_picked":["Steam+1","Skim"],"picked":"Self Repair+1","floor":29},{"not_picked":["Beam Cell","Storm+1"],"picked":"Sweeping Beam","floor":31},{"not_picked":["Thunder Strike","Core Surge"],"picked":"Machine Learning+1","floor":33},{"not_picked":["Stack+1","Hologram+1"],"picked":"Cold Snap+1","floor":35},{"not_picked":["Static Discharge+1","Conserve Battery+1"],"picked":"Scrape+1","floor":38},{"not_picked":["Reprogram+1","Rebound"],"picked":"Streamline+1","floor":39},{"not_picked":["Reprogram+1","Streamline"],"picked":"BootSequence","floor":41},{"not_picked":["Rainbow","Compile Driver+1"],"picked":"Conserve Battery+1","floor":42},{"not_picked":["Blizzard+1","Beam Cell"],"picked":"Coolheaded+1","floor":44},{"not_picked":["Steam+1","Reinforced Body"],"picked":"FTL","floor":45},{"not_picked":["Genetic Algorithm","Steam"],"picked":"Steam Power+1","floor":46}],"player_experience":969833,"relics_obtained":[{"floor":7,"key":"Bag of Marbles"},{"floor":9,"key":"Regal Pillow"},{"floor":10,"key":"DataDisk"},{"floor":23,"key":"Darkstone Periapt"},{"floor":26,"key":"Shuriken"},{"floor":38,"key":"Turnip"},{"floor":43,"key":"Symbiotic Virus"},{"floor":48,"key":"Blue Candle"}],"event_choices":[{"event_name":"Purifier","player_choice":"One Purge","floor":3,"damage_taken":0},{"event_name":"Living Wall","player_choice":"Forget","floor":13,"damage_taken":0},{"event_name":"Addict","player_choice":"Obtained Relic","floor":19,"damage_taken":0},{"event_name":"The Mausoleum","player_choice":"Yes","floor":21,"damage_taken":0},{"event_name":"Nest","player_choice":"Stole From Cult","floor":28,"damage_taken":0},{"event_name":"Golden Shrine","player_choice":"Pray","floor":36,"damage_taken":0},{"event_name":"Mysterious Sphere","player_choice":"Fight","floor":38,"damage_taken":0}],"boss_relics":[{"not_picked":["Fusion Hammer","Eternal Feather"],"picked":"Inserter"},{"not_picked":["Coffee Dripper","Tiny House"],"picked":"Empty Cage"}],"items_purged_floors":[30],"is_endless":false,"potions_floor_spawned":[4,5,10,14,18,25,41,42,46],"killed_by":"Time Eater","ascension_level":8}