{"gold_per_floor":[113,128,15,15,29,29,47,47,47,122,0,0,0,15,15,119,119,133,149,168,187,0,0,99,99,125,125,125,135,152,162,162,162],"floor_reached":33,"playtime":1587,"items_purged":["Strike_G"],"score":287,"play_id":"3cb2389b-ae29-4aff-aa93-5ec02a5f4672","local_time":"20180626151519","is_ascension_mode":true,"campfire_choices":[{"data":"Blade Dance","floor":6,"key":"SMITH"},{"data":"Accuracy","floor":8,"key":"SMITH"},{"floor":12,"key":"REST"},{"data":"Noxious Fumes","floor":15,"key":"SMITH"},{"floor":23,"key":"REST"},{"floor":25,"key":"REST"},{"data":"Cloak And Dagger","floor":28,"key":"SMITH"},{"floor":32,"key":"REST"}],"neow_cost":"NONE","seed_source_timestamp":156023250926843,"circlet_count":0,"master_deck":["Defend_G","Defend_G","Defend_G","Defend_G","Defend_G","Strike_G","Strike_G","Strike_G","Survivor","Neutralize","Riddle With Holes","Quick Slash","Accuracy+1","PiercingWail","Blade Dance+1","PiercingWail","Cloak And Dagger+1","Noxious Fumes","Noxious Fumes+1","Glass Knife","Cloak And Dagger","Poisoned Stab","Poisoned Stab","Blade Dance"],"relics":["Ring of the Snake","Boot","Shuriken","Philosopher\u0027s Stone","Regal Pillow"],"potions_floor_usage":[20,29,30,33],"damage_taken":[{"damage":3,"enemies":"Jaw Worm","floor":1,"turns":4},{"damage":0,"enemies":"Cultist","floor":2,"turns":2},{"damage":0,"enemies":"2 Louse","floor":5,"turns":2},{"damage":8,"enemies":"Blue Slaver","floor":7,"turns":2},{"damage":8,"enemies":"3 Louse","floor":14,"turns":3},{"damage":21,"enemies":"Slime Boss","floor":16,"turns":7},{"damage":23,"enemies":"Shell Parasite","floor":18,"turns":4},{"damage":0,"enemies":"Spheric Guardian","floor":19,"turns":3},{"damage":27,"enemies":"Cultist and Chosen","floor":20,"turns":6},{"damage":14,"enemies":"Centurion and Healer","floor":21,"turns":5},{"damage":16,"enemies":"Snake Plant","floor":29,"turns":4},{"damage":26,"enemies":"Slaver and Parasite","floor":30,"turns":5},{"damage":17,"enemies":"3 Cultists","floor":31,"turns":4},{"damage":70,"enemies":"Automaton","floor":33,"turns":6}],"seed_played":"-6371567414224700533","potions_obtained":[{"floor":1,"key":"SpeedPotion"},{"floor":16,"key":"Poison Potion"},{"floor":18,"key":"AttackPotion"},{"floor":19,"key":"Strength Potion"},{"floor":31,"key":"Weak Potion"}],"is_trial":false,"path_per_floor":["M","M","$","?","M","R","M","R","T","?","$","R","?","M","R","B",null,"M","M","M","M","?","R","?","R","T","?","R","M","M","M","R"],"character_chosen":"THE_SILENT","items_purchased":["Accuracy","Cloak And Dagger","Noxious Fumes"],"campfire_rested":4,"item_purchase_floors":[3,11,11],"current_hp_per_floor":[67,67,67,67,67,67,59,59,59,48,48,69,69,61,61,40,70,47,47,20,6,6,27,27,48,48,70,70,54,28,11,47,0],"gold":162,"neow_bonus":"RANDOM_COMMON_RELIC","is_prod":false,"is_daily":false,"chose_seed":false,"campfire_upgraded":4,"win_rate":0,"timestamp":1530040519,"path_taken":["M","M","$","?","?","R","M","R","T","?","$","R","?","M","R","BOSS","M","M","M","M","?","R","?","R","T","?","R","M","M","M","R","BOSS"],"build_version":"2018-06-21v2","purchased_purges":1,"victory":false,"max_hp_per_floor":[70,70,70,70,70,70,70,70,70,70,70,70,70,70,70,70,70,70,70,70,70,70,70,70,70,70,70,70,70,70,70,70,70],"card_choices":[{"not_picked":["Slice","Prepared"],"picked":"Riddle With Holes","floor":1},{"not_picked":["Distraction","Bouncing Flask"],"picked":"Quick Slash","floor":2},{"not_picked":["Malaise","Expertise"],"picked":"Blade Dance","floor":5},{"not_picked":["Heel Hook","Caltrops"],"picked":"PiercingWail","floor":7},{"not_picked":["Quick Slash","Endless Agony"],"picked":"Noxious Fumes","floor":14},{"not_picked":["Venomology","Grand Finale"],"picked":"Glass Knife","floor":16},{"not_picked":["Underhanded Strike","Catalyst","Quick Slash+1"],"picked":"SKIP","floor":18},{"not_picked":["Flying Knee+1","Caltrops+1"],"picked":"Cloak And Dagger","floor":19},{"not_picked":["Finisher","Acrobatics"],"picked":"Poisoned Stab","floor":20},{"not_picked":["Underhanded Strike+1","Malaise"],"picked":"Poisoned Stab","floor":21},{"not_picked":["Slice+1","Concentrate","Prepared"],"picked":"SKIP","floor":29},{"not_picked":["Bane","Acrobatics","Underhanded Strike+1"],"picked":"SKIP","floor":30},{"not_picked":["Dagger Spray","Sucker Punch"],"picked":"Blade Dance","floor":31}],"player_experience":796657,"relics_obtained":[{"floor":9,"key":"Shuriken"},{"floor":26,"key":"Regal Pillow"}],"event_choices":[{"event_name":"Transmorgrifier","player_choice":"Transform","floor":4,"damage_taken":0},{"event_name":"World of Goop","player_choice":"Gather Gold","floor":10,"damage_taken":0},{"event_name":"Shining Light","player_choice":"Ignored","floor":13,"damage_taken":0},{"event_name":"Masked Bandits","player_choice":"Paid Bandits 187 gold","floor":22,"damage_taken":0},{"event_name":"Nest","player_choice":"Stole From Cult","floor":24,"damage_taken":0},{"event_name":"Wheel of Change","player_choice":"Full Heal","floor":27,"damage_taken":0}],"boss_relics":[{"not_picked":["Empty Cage","Pandora\u0027s Box"],"picked":"Philosopher\u0027s Stone"}],"items_purged_floors":[3],"is_endless":false,"potions_floor_spawned":[1,16,18,19,31],"killed_by":"Automaton","ascension_level":4}