{"gold_per_floor":[99,99,24,24,24,24,24,24,24,24,3,0,0,0,0,0,0,0,0,0,0,0,0,0,0,0,0,0],"floor_reached":28,"playtime":1222,"items_purged":[],"score":283,"play_id":"4ae7cd07-b12b-4935-8b18-5e26090c61a4","local_time":"20180802141607","is_ascension_mode":true,"campfire_choices":[{"data":"Neutralize","floor":6.0,"key":"SMITH"},{"data":"Adrenaline","floor":8.0,"key":"SMITH"},{"floor":15.0,"key":"REST"},{"floor":23,"key":"REST"},{"floor":27,"key":"REST"}],"neow_cost":"NONE","seed_source_timestamp":678679622452334,"circlet_count":0,"master_deck":["Defend_G","Defend_G","Defend_G","Defend_G","Defend_G","Strike_G","Strike_G","Strike_G","Strike_G","Strike_G","Survivor","Neutralize+1","Acrobatics","Flying Knee","Footwork","Dark Shackles","Sucker Punch","Adrenaline+1","Dagger Spray","Heel Hook","Cloak And Dagger+1","Die Die Die","PiercingWail+1","Finisher","Deadly Poison+1","Deadly Poison+1","Flying Knee","Backflip+1","Dodge and Roll+1","Deadly Poison+1"],"special_seed":0,"relics":["Ectoplasm","The Courier","Toxic Egg 2","Orrery","Du-Vu Doll","Bottled Lightning"],"potions_floor_usage":[22],"damage_taken":[{"damage":0.0,"enemies":"Jaw Worm","floor":1.0,"turns":4.0},{"damage":0.0,"enemies":"Cultist","floor":2.0,"turns":4.0},{"damage":0.0,"enemies":"Small Slimes","floor":5.0,"turns":3.0},{"damage":8.0,"enemies":"Lagavulin","floor":7.0,"turns":10.0},{"damage":16.0,"enemies":"Looter","floor":12.0,"turns":3.0},{"damage":4.0,"enemies":"Exordium Wildlife","floor":13.0,"turns":4.0},{"damage":4.0,"enemies":"Hexaghost","floor":16.0,"turns":7.0},{"damage":13,"enemies":"3 Byrds","floor":18,"turns":5},{"damage":17,"enemies":"Spheric Guardian","floor":19,"turns":5},{"damage":33,"enemies":"Snecko","floor":22,"turns":7},{"damage":18,"enemies":"Snake Plant","floor":25,"turns":4},{"damage":31,"enemies":"Sentry and Sphere","floor":28,"turns":7}],"seed_played":"1860354151606194822","potions_obtained":[{"floor":5.0,"key":"SpeedPotion"},{"floor":13.0,"key":"Strength Potion"},{"floor":14.0,"key":"LiquidBronze"},{"floor":16.0,"key":"Energy Potion"},{"floor":22,"key":"SpeedPotion"}],"is_trial":false,"path_per_floor":["M","M","$","?","M","R","E","R","T","?","$","M","M","?","R","B",null,"M","M","?","?","M","R","T","M","T","R"],"character_chosen":"THE_SILENT","items_purchased":["Footwork","Dagger Spray"],"campfire_rested":3,"item_purchase_floors":[3,11],"current_hp_per_floor":[63,63,63,63,63,63,55,55,55,55,55,39,35,35,56,52,66,53,36,36,36,3,24,24,6,6,27,0],"gold":0,"neow_bonus":"BOSS_RELIC","is_prod":false,"is_daily":false,"chose_seed":false,"campfire_upgraded":2,"win_rate":0,"timestamp":1533233767,"path_taken":["M","M","$","?","M","R","E","R","T","?","?","M","?","?","R","BOSS","M","?","?","?","M","R","?","M","T","R","M"],"build_version":"2018-07-26","purchased_purges":0,"victory":false,"max_hp_per_floor":[70,70,70,70,70,70,70,70,70,70,70,70,70,70,70,70,70,70,70,70,70,70,70,70,70,70,70,70],"card_choices":[{"not_picked":["Dagger Spray","Prepared"],"picked":"Acrobatics","floor":1.0},{"not_picked":["Dagger Throw","Prepared"],"picked":"Flying Knee","floor":2.0},{"not_picked":["Dagger Spray","Escape Plan"],"picked":"Sucker Punch","floor":5.0},{"not_picked":["Backflip","Flying Knee"],"picked":"Adrenaline","floor":7.0},{"not_picked":["Slice","All Out Attack"],"picked":"Heel Hook","floor":12.0},{"not_picked":["Outmaneuver+1","Backflip+1"],"picked":"Cloak And Dagger+1","floor":13.0},{"not_picked":["Wraith Form v2","Corpse Explosion+1"],"picked":"Die Die Die","floor":16.0},{"not_picked":["Reflex+1","Backflip+1"],"picked":"PiercingWail+1","floor":17.0},{"not_picked":["PiercingWail+1","Deflect+1"],"picked":"Finisher","floor":17.0},{"not_picked":["Burst+1","Masterful Stab"],"picked":"Deadly Poison+1","floor":17.0},{"not_picked":["Backflip+1","Bane"],"picked":"Deadly Poison+1","floor":17.0},{"not_picked":["Outmaneuver+1","Reflex+1"],"picked":"Flying Knee","floor":17.0},{"not_picked":["Bane","Poisoned Stab"],"picked":"Backflip+1","floor":18},{"not_picked":["Eviscerate","Tactician+1"],"picked":"Dodge and Roll+1","floor":19},{"not_picked":["PiercingWail+1","Dagger Spray"],"picked":"Deadly Poison+1","floor":22},{"not_picked":["Bane","Tactician+1","Corpse Explosion+1"],"picked":"SKIP","floor":25}],"player_experience":1399864,"relics_obtained":[{"floor":7.0,"key":"The Courier"},{"floor":9.0,"key":"Toxic Egg 2"},{"floor":24,"key":"Du-Vu Doll"},{"floor":26,"key":"Bottled Lightning"}],"event_choices":[{"event_name":"Match and Keep!","player_choice":"1 cards matched","floor":4.0,"damage_taken":0.0},{"event_name":"Liars Game","player_choice":"disagreed","floor":10.0,"damage_taken":0.0},{"event_name":"The Lab","player_choice":"Got Potions","floor":14.0,"damage_taken":0.0},{"event_name":"Vampires","player_choice":"Ignored","floor":20,"damage_taken":0},{"event_name":"Addict","player_choice":"Ignored","floor":21,"damage_taken":0}],"is_beta":false,"boss_relics":[{"not_picked":["Runic Pyramid","Philosopher\u0027s Stone"],"picked":"Orrery"}],"items_purged_floors":[],"is_endless":false,"potions_floor_spawned":[5,13,16,22],"killed_by":"Sentry and Sphere","ascension_level":6}