{"gold_per_floor":[115,115,115,15,15,54,70,94,120,136,177,31,31,49,49,173,173,191,91,91,115,133,133,154,173,227,250,250,250],"floor_reached":29,"playtime":1542,"items_purged":["Strike_R","Strike_R"],"score":237,"play_id":"3992c08d-d438-451e-a409-77a1d1b137fb","local_time":"20190108194016","is_ascension_mode":false,"campfire_choices":[{"data":"True Grit","floor":13,"key":"SMITH"},{"floor":15,"key":"REST"},{"data":"Dark Embrace","floor":23,"key":"SMITH"}],"neow_cost":"NONE","seed_source_timestamp":390940245107829,"circlet_count":0,"master_deck":["Strike_R","Strike_R","Strike_R","Defend_R","Defend_R","Defend_R","Defend_R","Bash","Rage","Shrug It Off","Battle Trance","Inflame","Rampage","Flash of Steel","True Grit+1","Flame Barrier","Dark Embrace+1","Fire Breathing+1","Metallicize+1","Disarm","Dropkick"],"relics":["Burning Blood","Regal Pillow","Golden Idol","Art of War","Red Skull","Boot","Runic Pyramid","Tiny Chest"],"potions_floor_usage":[11,11,14,27,27,27],"damage_taken":[{"damage":6,"enemies":"Cultist","floor":1,"turns":3},{"damage":29,"enemies":"Gremlin Nob","floor":6,"turns":5},{"damage":0,"enemies":"Small Slimes","floor":7,"turns":3},{"damage":0,"enemies":"2 Louse","floor":8,"turns":3},{"damage":8,"enemies":"Blue Slaver","floor":10,"turns":4},{"damage":19,"enemies":"3 Sentries","floor":11,"turns":7},{"damage":2,"enemies":"Large Slime","floor":14,"turns":3},{"damage":60,"enemies":"Slime Boss","floor":16,"turns":9},{"damage":20,"enemies":"Spheric Guardian","floor":18,"turns":6},{"damage":17,"enemies":"Chosen","floor":21,"turns":7},{"damage":24,"enemies":"Snake Plant","floor":22,"turns":5},{"damage":9,"enemies":"Centurion and Healer","floor":24,"turns":7},{"damage":11,"enemies":"Snecko","floor":25,"turns":5},{"damage":33,"enemies":"3 Cultists","floor":27,"turns":6},{"damage":11,"enemies":"Colosseum Slavers","floor":29,"turns":1}],"seed_played":"-6181760160860686479","potions_obtained":[{"floor":7,"key":"Energy Potion"},{"floor":10,"key":"AttackPotion"},{"floor":11,"key":"Ancient Potion"},{"floor":14,"key":"SpeedPotion"},{"floor":18,"key":"SkillPotion"},{"floor":21,"key":"Dexterity Potion"},{"floor":27,"key":"Poison Potion"}],"is_trial":false,"path_per_floor":["M","?","?","$","?","E","M","M","T","M","E","$","R","M","R","B",null,"M","$","?","M","M","R","M","M","T","M","T","?"],"character_chosen":"IRONCLAD","items_purchased":["Shrug It Off","Flash of Steel","True Grit"],"campfire_rested":1,"item_purchase_floors":[4,12,12],"current_hp_per_floor":[80,60,65,65,65,42,48,54,54,52,39,39,39,43,83,29,85,71,71,71,60,42,42,39,34,34,7,7,0],"gold":250,"neow_bonus":"RANDOM_COMMON_RELIC","is_prod":false,"is_daily":false,"chose_seed":false,"campfire_upgraded":2,"win_rate":0,"timestamp":1546994416,"path_taken":["M","?","?","$","?","E","M","M","T","?","E","$","R","M","R","BOSS","M","$","?","M","M","R","M","M","T","M","?","?"],"build_version":"2019-01-03v4","purchased_purges":2,"victory":false,"max_hp_per_floor":[80,80,85,85,85,85,85,85,85,85,85,85,85,85,85,85,85,85,85,85,85,85,85,85,85,85,85,85,85],"card_choices":[{"not_picked":["Twin Strike","Rupture"],"picked":"Rage","floor":1},{"not_picked":["Twin Strike","Pummel"],"picked":"Battle Trance","floor":6},{"not_picked":["Perfected Strike","Rage"],"picked":"Inflame","floor":7},{"not_picked":["Second Wind","Searing Blow"],"picked":"Rampage","floor":8},{"not_picked":["Iron Wave","Corruption","Rage"],"picked":"SKIP","floor":10},{"not_picked":["Ghostly Armor","Warcry","Clothesline"],"picked":"SKIP","floor":11},{"not_picked":["Body Slam","Clothesline"],"picked":"Flame Barrier","floor":14},{"not_picked":["Brutality","Bludgeon"],"picked":"Dark Embrace","floor":16},{"not_picked":["Wild Strike","Sword Boomerang","Sentinel"],"picked":"SKIP","floor":18},{"not_picked":["Flex","Warcry"],"picked":"Fire Breathing+1","floor":21},{"not_picked":["Havoc","Cleave"],"picked":"Metallicize+1","floor":22},{"not_picked":["Clothesline","Clash"],"picked":"Disarm","floor":24},{"not_picked":["Wild Strike","Battle Trance","Rage"],"picked":"SKIP","floor":25},{"not_picked":["Evolve","Brutality"],"picked":"Dropkick","floor":27}],"player_experience":2048463,"relics_obtained":[{"floor":6,"key":"Art of War"},{"floor":9,"key":"Red Skull"},{"floor":11,"key":"Boot"},{"floor":26,"key":"Tiny Chest"}],"event_choices":[{"damage_healed":0,"gold_gain":0,"player_choice":"Take Damage","damage_taken":20,"relics_obtained":["Golden Idol"],"max_hp_gain":0,"max_hp_loss":0,"event_name":"Golden Idol","floor":2,"gold_loss":0},{"damage_healed":0,"gold_gain":0,"player_choice":"Donut","damage_taken":0,"max_hp_gain":5,"max_hp_loss":0,"event_name":"Big Fish","floor":3,"gold_loss":0},{"damage_healed":0,"gold_gain":0,"player_choice":"Ignored","damage_taken":0,"max_hp_gain":0,"max_hp_loss":0,"event_name":"Shining Light","floor":5,"gold_loss":0},{"damage_healed":0,"gold_gain":0,"player_choice":"Ignored","damage_taken":0,"max_hp_gain":0,"max_hp_loss":0,"event_name":"Vampires","floor":20,"gold_loss":0},{"damage_healed":0,"gold_gain":0,"player_choice":"Fight","damage_taken":0,"max_hp_gain":0,"max_hp_loss":0,"event_name":"Colosseum","floor":29,"gold_loss":0}],"is_beta":false,"boss_relics":[{"not_picked":["Tiny House","Mark of Pain"],"picked":"Runic Pyramid"}],"items_purged_floors":[4,19],"is_endless":false,"potions_floor_spawned":[7,10,11,14,18,21,27],"killed_by":"Colosseum Slavers","ascension_level":0}