{"gold_per_floor":[366,14,14,29,45,45,63,97,154,164,190,190,204,204,204,278,278,251,269,269,269,282,282,282],"floor_reached":24,"playtime":2003,"items_purged":["Regret"],"score":368,"play_id":"2ea22b48-e88b-490f-be48-15d4f08c54e8","local_time":"20180805182009","is_ascension_mode":true,"campfire_choices":[{"data":"Neutralize","floor":6.0,"key":"SMITH"},{"data":"Poisoned Stab","floor":12.0,"key":"SMITH"},{"floor":15.0,"key":"REST"},{"floor":23.0,"key":"REST"}],"neow_cost":"CURSE","seed_source_timestamp":0,"circlet_count":0,"master_deck":["Defend_G","Defend_G","Defend_G","Defend_G","Defend_G","Strike_G","Strike_G","Strike_G","Strike_G","Strike_G","Survivor","Neutralize+1","AscendersBane","Blur","Blur","Adrenaline","Blur","Poisoned Stab+1","Infinite Blades","Backstab","Glass Knife+1","Envenom","Crippling Poison"],"special_seed":0,"relics":["Ring of the Snake","ClockworkSouvenir","Potion Belt","Tiny Chest","Snake Skull","Philosopher\u0027s Stone"],"potions_floor_usage":[24],"damage_taken":[{"damage":0.0,"enemies":"2 Louse","floor":1.0,"turns":3.0},{"damage":0.0,"enemies":"Small Slimes","floor":4.0,"turns":4.0},{"damage":0.0,"enemies":"Cultist","floor":5.0,"turns":5.0},{"damage":12.0,"enemies":"Gremlin Gang","floor":7.0,"turns":10.0},{"damage":17.0,"enemies":"Lagavulin","floor":8.0,"turns":7.0},{"damage":3.0,"enemies":"2 Fungi Beasts","floor":10.0,"turns":5.0},{"damage":16.0,"enemies":"Gremlin Nob","floor":11.0,"turns":4.0},{"damage":5.0,"enemies":"Large Slime","floor":13.0,"turns":6.0},{"damage":8.0,"enemies":"Hexaghost","floor":16.0,"turns":11.0},{"damage":27.0,"enemies":"2 Thieves","floor":18.0,"turns":5.0},{"damage":0.0,"enemies":"Chosen","floor":19.0,"turns":4.0},{"damage":9.0,"enemies":"3 Cultists","floor":22.0,"turns":5.0},{"damage":56,"enemies":"Gremlin Leader","floor":24,"turns":7}],"seed_played":"-3501281193029435132","potions_obtained":[{"floor":1.0,"key":"EssenceOfSteel"},{"floor":7.0,"key":"Strength Potion"},{"floor":10.0,"key":"Poison Potion"},{"floor":11.0,"key":"EssenceOfSteel"},{"floor":13.0,"key":"AttackPotion"},{"floor":18.0,"key":"Fire Potion"},{"floor":19.0,"key":"PowerPotion"},{"floor":20.0,"key":"Fruit Juice"},{"floor":20.0,"key":"Fruit Juice"},{"floor":20.0,"key":"Ancient Potion"}],"is_trial":false,"path_per_floor":["M","$","?","M","M","R","M","E","T","M","E","R","M","?","R","B",null,"M","M","?","?","M","R"],"character_chosen":"THE_SILENT","items_purchased":["ClockworkSouvenir","Blur"],"campfire_rested":2,"item_purchase_floors":[2,2],"current_hp_per_floor":[63,63,63,63,63,63,51,34,34,31,15,15,10,10,31,23,58,31,31,31,18,19,44,0],"gold":282,"neow_bonus":"TWO_FIFTY_GOLD","is_prod":false,"is_daily":false,"chose_seed":false,"campfire_upgraded":2,"win_rate":0,"timestamp":1533486009,"path_taken":["M","$","?","M","M","R","M","E","T","?","E","R","M","?","R","BOSS","M","M","?","?","M","R","E"],"build_version":"2018-08-01","purchased_purges":1,"victory":false,"max_hp_per_floor":[70,70,70,70,70,70,70,70,70,70,70,70,70,70,70,70,70,70,70,70,75,85,85,85],"card_choices":[{"not_picked":["Cloak And Dagger","PiercingWail"],"picked":"Blur","floor":1.0},{"not_picked":["Deadly Poison","Slice"],"picked":"Adrenaline","floor":4.0},{"not_picked":["Cloak And Dagger","Terror"],"picked":"Blur","floor":5.0},{"not_picked":["Acrobatics","Dodge and Roll"],"picked":"Poisoned Stab","floor":7.0},{"not_picked":["Predator","Deflect"],"picked":"Infinite Blades","floor":8.0},{"not_picked":["Cloak And Dagger","PiercingWail"],"picked":"Backstab","floor":10.0},{"not_picked":["Bane","Expertise","Outmaneuver"],"picked":"SKIP","floor":11.0},{"not_picked":["Expertise","Outmaneuver"],"picked":"Glass Knife","floor":13.0},{"not_picked":["Night Terror","Grand Finale"],"picked":"Envenom","floor":16.0},{"not_picked":["Finisher","Masterful Stab","Prepared"],"picked":"SKIP","floor":18.0},{"not_picked":["Concentrate+1","Flying Knee"],"picked":"Crippling Poison","floor":19.0},{"not_picked":["Bane","Reflex","Blade Dance"],"picked":"SKIP","floor":22.0}],"player_experience":394436,"relics_obtained":[{"floor":8.0,"key":"Potion Belt"},{"floor":9.0,"key":"Tiny Chest"},{"floor":11.0,"key":"Snake Skull"}],"event_choices":[{"event_name":"Liars Game","player_choice":"disagreed","floor":3.0,"damage_taken":0.0},{"event_name":"Living Wall","player_choice":"Grow","floor":14.0,"damage_taken":0.0},{"event_name":"The Lab","player_choice":"Got Potions","floor":20.0,"damage_taken":0.0},{"event_name":"Forgotten Altar","player_choice":"Shed Blood","floor":21.0,"damage_taken":0.0}],"is_beta":true,"boss_relics":[{"not_picked":["WristBlade","Orrery"],"picked":"Philosopher\u0027s Stone"}],"items_purged_floors":[2],"is_endless":false,"potions_floor_spawned":[1,7,10,11,13,18,19],"killed_by":"Gremlin Leader","ascension_level":13}