{"gold_per_floor":[114,114,189,189,139,139,154,154,181,204,220,233,258,258,258,387,387,407,173,188,188,212,212],"floor_reached":23,"playtime":755,"items_purged":["Strike_G"],"score":181,"play_id":"d53dddee-e712-4b5f-a7cd-45308eac8141","local_time":"20180726233042","is_ascension_mode":false,"campfire_choices":[{"data":"Neutralize","floor":6,"key":"SMITH"},{"data":"Cloak And Dagger","floor":8,"key":"SMITH"},{"floor":15,"key":"REST"}],"neow_cost":"NONE","seed_source_timestamp":250456016577905,"circlet_count":0,"master_deck":["Defend_G","Defend_G","Defend_G","Defend_G","Defend_G","Strike_G","Strike_G","Strike_G","Survivor","Neutralize","Accuracy","Neutralize+1","Cloak And Dagger+1","Backstab","Cloak And Dagger","Bullet Time","Deadly Poison","Blade Dance","Acrobatics+1","Bane"],"relics":["White Beast Statue","Golden Idol","Strawberry","Omamori","Regal Pillow","Cursed Key"],"potions_floor_usage":[16,16,18,20,20,22,23,23,23,23,23,23],"damage_taken":[{"damage":5,"enemies":"Small Slimes","floor":1,"turns":4},{"damage":6,"enemies":"Cultist","floor":7,"turns":5},{"damage":1,"enemies":"2 Louse","floor":10,"turns":3},{"damage":0,"enemies":"2 Fungi Beasts","floor":11,"turns":3},{"damage":0,"enemies":"Looter","floor":12,"turns":3},{"damage":33,"enemies":"The Guardian","floor":16,"turns":17},{"damage":7,"enemies":"Shell Parasite","floor":18,"turns":8},{"damage":16,"enemies":"Chosen","floor":20,"turns":8},{"damage":58,"enemies":"Sentry and Sphere","floor":22,"turns":8},{"damage":17,"enemies":"Gremlin Leader","floor":23,"turns":4}],"seed_played":"-407043601871056034","potions_obtained":[{"floor":1,"key":"PowerPotion"},{"floor":7,"key":"Weak Potion"},{"floor":10,"key":"Block Potion"},{"floor":16,"key":"Energy Potion"},{"floor":18,"key":"SkillPotion"},{"floor":20,"key":"SkillPotion"},{"floor":21,"key":"EntropicBrew"},{"floor":22,"key":"EssenceOfSteel"}],"is_trial":false,"path_per_floor":["M","?","?","?","?","R","M","R","T","M","M","M","T","?","R","B",null,"M","$","M","?","M"],"character_chosen":"THE_SILENT","items_purchased":["Blade Dance","Regen Potion"],"campfire_rested":1,"item_purchase_floors":[19,19],"current_hp_per_floor":[65,65,54,37,37,37,31,31,38,37,37,37,37,25,63,30,77,70,70,68,68,10,0],"gold":212,"neow_bonus":"BOSS_RELIC","is_prod":false,"is_daily":false,"chose_seed":false,"campfire_upgraded":2,"win_rate":0,"timestamp":1532613642,"path_taken":["M","?","?","?","?","R","M","R","T","?","M","?","?","?","R","BOSS","M","$","?","?","M","E"],"build_version":"2018-07-19v2","purchased_purges":1,"victory":false,"max_hp_per_floor":[70,70,70,70,70,70,70,70,77,77,77,77,77,77,77,77,77,77,77,77,77,77,77],"card_choices":[{"not_picked":["Heel Hook","Quick Slash"],"picked":"Accuracy","floor":1},{"not_picked":["Noxious Fumes","Choke"],"picked":"Cloak And Dagger","floor":7},{"not_picked":["Backflip","Dagger Throw"],"picked":"Backstab","floor":10},{"not_picked":["Predator","Flechettes"],"picked":"Cloak And Dagger","floor":11},{"not_picked":["Slice","Sucker Punch","Underhanded Strike"],"picked":"SKIP","floor":12},{"not_picked":["Adrenaline","Tools of the Trade"],"picked":"Bullet Time","floor":16},{"not_picked":["Underhanded Strike","Quick Slash"],"picked":"Deadly Poison","floor":18},{"not_picked":["Deflect","Dodge and Roll"],"picked":"Acrobatics+1","floor":20},{"not_picked":["PiercingWail","Dagger Throw"],"picked":"Bane","floor":22}],"player_experience":263761,"relics_obtained":[{"floor":9,"key":"Strawberry"},{"floor":13,"key":"Omamori"}],"event_choices":[{"event_name":"Match and Keep!","player_choice":"1 cards matched","floor":2,"damage_taken":0},{"event_name":"World of Goop","player_choice":"Gather Gold","floor":3,"damage_taken":0},{"event_name":"Golden Idol","player_choice":"Take Damage","floor":4,"damage_taken":0},{"event_name":"The Cleric","player_choice":"Card Removal","floor":5,"damage_taken":0},{"event_name":"Scrap Ooze","player_choice":"success","floor":14,"damage_taken":12},{"event_name":"The Lab","player_choice":"Got Potions","floor":21,"damage_taken":0}],"is_beta":false,"boss_relics":[{"not_picked":["Eternal Feather","Lizard Tail"],"picked":"Cursed Key"}],"items_purged_floors":[19],"is_endless":false,"potions_floor_spawned":[1,7,10,11,12,16,18,20,22],"killed_by":"Gremlin Leader","ascension_level":0}