{"gold_per_floor":[112,112,73,86,86,86,118,118,118,132,163,88,107,127,127,204,204,214,234,245,170,18,18,32,32,32,32,32,32,32,61,61,133,133,143,153,153,28,45,45,45,60,60,73,86,97,97,115,115,115],"floor_reached":50,"playtime":3003,"items_purged":["Strike_B","Strike_B","Barrage"],"score":923,"play_id":"6b2e1da5-f24b-45ac-bda9-debe84d74375","local_time":"20181013001628","is_ascension_mode":true,"campfire_choices":[{"data":"Zap","floor":6,"key":"SMITH"},{"data":"Dualcast","floor":8,"key":"SMITH"},{"floor":15,"key":"REST"},{"floor":23,"key":"REST"},{"floor":27,"key":"REST"},{"data":"FTL","floor":29,"key":"SMITH"},{"floor":32,"key":"REST"},{"floor":41,"key":"REST"},{"floor":49,"key":"REST"}],"neow_cost":"","seed_source_timestamp":245297773932192,"circlet_count":0,"master_deck":["Defend_B","Defend_B","Defend_B","Defend_B","Zap+1","Dualcast+1","AscendersBane","Cold Snap","FTL+1","Conserve Battery+1","Gash","Gash","Conserve Battery","Hologram","All For One","Gash","Beam Cell","Steam","Hologram","Skim","Beam Cell","Reboot","Hologram","Streamline+1","Glacier","BootSequence+1","Gash","Hologram+1","Echo Form"],"relics":["Cracked Core","Emotion Chip","Gremlin Horn","Bottled Lightning","Matryoshka","Nuclear Battery","Bag of Preparation","Bottled Flame","PreservedInsect","Eternal Feather","Peace Pipe","War Paint","Dream Catcher"],"potions_floor_usage":[7,16,16,31,33,50,50],"damage_taken":[{"damage":0,"enemies":"Small Slimes","floor":1,"turns":3},{"damage":1,"enemies":"2 Louse","floor":4,"turns":2},{"damage":14,"enemies":"Gremlin Nob","floor":7,"turns":3},{"damage":2,"enemies":"Jaw Worm","floor":10,"turns":3},{"damage":9,"enemies":"3 Sentries","floor":11,"turns":6},{"damage":6,"enemies":"Exordium Thugs","floor":13,"turns":4},{"damage":0,"enemies":"Looter","floor":14,"turns":3},{"damage":16,"enemies":"The Guardian","floor":16,"turns":10},{"damage":4,"enemies":"Spheric Guardian","floor":18,"turns":3},{"damage":18,"enemies":"Shell Parasite","floor":19,"turns":5},{"damage":20,"enemies":"Centurion and Healer","floor":20,"turns":6},{"damage":8,"enemies":"Cultist and Chosen","floor":24,"turns":6},{"damage":3,"enemies":"Book of Stabbing","floor":31,"turns":3},{"damage":27,"enemies":"Collector","floor":33,"turns":8},{"damage":0,"enemies":"3 Shapes","floor":35,"turns":6},{"damage":4,"enemies":"Orb Walker","floor":36,"turns":2},{"damage":26,"enemies":"Mind Bloom Boss Battle","floor":37,"turns":4},{"damage":21,"enemies":"3 Darklings","floor":39,"turns":4},{"damage":33,"enemies":"Spire Growth","floor":42,"turns":6},{"damage":0,"enemies":"Transient","floor":44,"turns":5},{"damage":0,"enemies":"Sphere and 2 Shapes","floor":45,"turns":3},{"damage":0,"enemies":"3 Darklings","floor":46,"turns":3},{"damage":38,"enemies":"Maw","floor":48,"turns":6},{"damage":71,"enemies":"Time Eater","floor":50,"turns":6}],"seed_played":"-8682043036836075414","potions_obtained":[{"floor":1,"key":"SteroidPotion"},{"floor":13,"key":"PowerPotion"},{"floor":14,"key":"Poison Potion"},{"floor":16,"key":"SteroidPotion"},{"floor":19,"key":"SkillPotion"},{"floor":31,"key":"EssenceOfSteel"},{"floor":33,"key":"FearPotion"},{"floor":36,"key":"FocusPotion"}],"is_trial":false,"path_per_floor":["M","?","$","M","T","R","E","R","T","M","E","$","M","M","R","B",null,"M","M","M","?","$","R","M","?","T","R","?","R","$","E","R","B",null,"M","M","?","$","M","$","R","M","T","M","M","M","?","M","R"],"character_chosen":"DEFECT","items_purchased":["FTL","Hologram"],"campfire_rested":6,"item_purchase_floors":[3,22],"current_hp_per_floor":[64,69,69,68,68,68,54,54,54,52,43,43,37,37,59,43,68,64,46,26,26,26,48,40,40,40,62,62,62,62,59,76,49,69,69,65,39,39,18,18,55,22,22,22,22,22,62,24,57,0],"gold":115,"neow_bonus":"","is_prod":false,"is_daily":false,"chose_seed":false,"campfire_upgraded":3,"win_rate":0,"timestamp":1539404188,"path_taken":["M","?","$","M","?","R","E","R","T","M","E","$","M","?","R","BOSS","M","M","M","?","$","R","M","?","T","R","?","R","$","E","R","BOSS","M","M","?","?","M","$","R","M","T","M","M","?","?","M","R","BOSS"],"build_version":"2018-10-11","purchased_purges":3,"victory":false,"max_hp_per_floor":[71,76,76,76,76,76,76,76,76,76,76,76,76,76,76,76,76,76,76,76,76,76,76,76,76,76,76,76,76,76,76,76,76,76,76,76,76,76,76,76,76,76,76,76,76,76,62,62,62,62],"card_choices":[{"not_picked":["Skim","Self Repair"],"picked":"Cold Snap","floor":1},{"not_picked":["Rebound","Recycle"],"picked":"Conserve Battery","floor":4},{"not_picked":["Beam Cell","Streamline"],"picked":"Barrage","floor":7},{"not_picked":["Compile Driver","Cold Snap"],"picked":"Gash","floor":10},{"not_picked":["Creative AI","Auto Shields"],"picked":"Gash","floor":11},{"not_picked":["Rebound","Steam"],"picked":"Conserve Battery","floor":13},{"not_picked":["Amplify","Coolheaded"],"picked":"Hologram","floor":14},{"not_picked":["Electrodynamics","Hyperbeam"],"picked":"All For One","floor":16},{"not_picked":["Defragment","Tempest"],"picked":"Gash","floor":18},{"not_picked":["Blizzard","Rebound+1"],"picked":"Beam Cell","floor":19},{"not_picked":["Consume","Heatsinks"],"picked":"Steam","floor":20},{"not_picked":["Barrage","Melter+1"],"picked":"Skim","floor":24},{"not_picked":["Blizzard","Conserve Battery"],"picked":"Beam Cell","floor":31},{"not_picked":["Buffer","Hyperbeam"],"picked":"Reboot","floor":33},{"not_picked":["Heatsinks","Cold Snap"],"picked":"Hologram","floor":35},{"not_picked":["Defragment+1","Coolheaded","Darkness"],"picked":"SKIP","floor":36},{"not_picked":["Barrage","Double Energy"],"picked":"Streamline+1","floor":37},{"not_picked":["Coolheaded","Loop+1"],"picked":"Glacier","floor":39},{"not_picked":["Storm","Skim"],"picked":"BootSequence","floor":42},{"not_picked":["Turbo","Force Field","Compile Driver"],"picked":"SKIP","floor":44},{"not_picked":["Self Repair","Sweeping Beam+1","Barrage"],"picked":"SKIP","floor":45},{"not_picked":["Undo","Hello World+1"],"picked":"Gash","floor":46},{"not_picked":["Storm","Streamline"],"picked":"Hologram+1","floor":48},{"not_picked":["Conserve Battery","FTL"],"picked":"Echo Form","floor":49}],"player_experience":1546586,"relics_obtained":[{"floor":5,"key":"Emotion Chip"},{"floor":7,"key":"Gremlin Horn"},{"floor":9,"key":"Bottled Lightning"},{"floor":11,"key":"Matryoshka"},{"floor":26,"key":"Bag of Preparation"},{"floor":26,"key":"Bottled Flame"},{"floor":31,"key":"PreservedInsect"},{"floor":37,"key":"Peace Pipe"},{"floor":43,"key":"War Paint"},{"floor":43,"key":"Dream Catcher"}],"event_choices":[{"event_name":"Big Fish","player_choice":"Donut","floor":2,"damage_taken":0},{"event_name":"Beggar","player_choice":"Gave Gold","floor":21,"damage_taken":0},{"event_name":"Ghosts","player_choice":"Ignored","floor":25,"damage_taken":0},{"event_name":"Back to Basics","player_choice":"Elegance","floor":28,"damage_taken":0},{"event_name":"MindBloom","player_choice":"Fight","floor":37,"damage_taken":0},{"event_name":"The Moai Head","player_choice":"Heal","floor":47,"damage_taken":0}],"is_beta":false,"boss_relics":[{"not_picked":["Busted Crown","Philosopher\u0027s Stone"],"picked":"Nuclear Battery"},{"not_picked":["Lizard Tail","Calling Bell"],"picked":"Eternal Feather"}],"items_purged_floors":[12,22,38],"is_endless":false,"potions_floor_spawned":[1,13,14,16,19,31,33,36,42,44,46],"killed_by":"Time Eater","ascension_level":15}