{"gold_per_floor":[114,129,204,204,219,249,264,264,339,339,261,291,306,321,321,421,471,486,186,285,300,315,345,345,345,345,345,375,390,390,420,420,520,520,535,535,460,460,209,239,239,269,269,269,40,55,101,201,201,201],"floor_reached":51,"playtime":1994,"items_purged":["Writhe"],"score":969,"play_id":"f75ad802-3acb-4348-8e1a-d3651aab335e","local_time":"20181126143958","daily_mods":["Draft","Green Cards","Night Terrors"],"is_ascension_mode":false,"campfire_choices":[{"data":"Body Slam","floor":8,"key":"SMITH"},{"data":"True Grit","floor":10,"key":"SMITH"},{"data":"Shockwave","floor":15,"key":"SMITH"},{"data":"Inflame","floor":24,"key":"SMITH"},{"data":"Dark Embrace","floor":27,"key":"SMITH"},{"floor":30,"key":"REST"},{"data":"Cloak And Dagger","floor":32,"key":"SMITH"},{"floor":41,"key":"REST"},{"data":"Cloak And Dagger","floor":44,"key":"SMITH"},{"floor":49,"key":"REST"}],"neow_cost":"","seed_source_timestamp":0,"circlet_count":0,"master_deck":["Cleave+1","Seeing Red","Flex","Cloak And Dagger","Shrug It Off","Disarm","Cloak And Dagger","Shockwave+1","Anger+1","Sucker Punch","Flame Barrier","Quick Slash","Dagger Spray","True Grit+1","Spot Weakness","Pommel Strike","Sword Boomerang+1","Inflame+1","Body Slam+1","Blur","Cloak And Dagger+1","Havoc","Dark Embrace+1","Pummel","Cloak And Dagger+1","Heavy Blade+1","Iron Wave","PiercingWail+1","Pain","Rupture","Disarm+1","Blade Dance","Feed","Cloak And Dagger","Whirlwind+1","Dramatic Entrance","Backflip","Heavy Blade+1","Body Slam+1","Dash+1","Blur+1"],"special_seed":17861,"relics":["Burning Blood","Torii","Dodecahedron","Darkstone Periapt","Tiny House","Shuriken","Prayer Wheel","WarpedTongs","Anchor","Ginger","Pen Nib","Philosopher\u0027s Stone","Vajra","Whetstone","Molten Egg 2","Sundial","Oddly Smooth Stone","Charon\u0027s Ashes","Peace Pipe"],"potions_floor_usage":[18,23,28,31,33,50,50,50],"damage_taken":[{"damage":0,"enemies":"Jaw Worm","floor":1,"turns":3},{"damage":3,"enemies":"Small Slimes","floor":2,"turns":3},{"damage":0,"enemies":"Cultist","floor":5,"turns":2},{"damage":5,"enemies":"Gremlin Nob","floor":6,"turns":3},{"damage":1,"enemies":"3 Louse","floor":7,"turns":2},{"damage":0,"enemies":"Lagavulin","floor":12,"turns":6},{"damage":0,"enemies":"Blue Slaver","floor":13,"turns":2},{"damage":0,"enemies":"Red Slaver","floor":14,"turns":2},{"damage":5,"enemies":"Hexaghost","floor":16,"turns":6},{"damage":0,"enemies":"3 Byrds","floor":18,"turns":4},{"damage":0,"enemies":"Chosen","floor":21,"turns":3},{"damage":0,"enemies":"3 Cultists","floor":22,"turns":4},{"damage":1,"enemies":"Book of Stabbing","floor":23,"turns":4},{"damage":41,"enemies":"Slavers","floor":28,"turns":4},{"damage":0,"enemies":"Sentry and Sphere","floor":29,"turns":3},{"damage":3,"enemies":"Gremlin Leader","floor":31,"turns":5},{"damage":11,"enemies":"Champ","floor":33,"turns":6},{"damage":9,"enemies":"Orb Walker","floor":35,"turns":3},{"damage":8,"enemies":"Reptomancer","floor":40,"turns":5},{"damage":2,"enemies":"Nemesis","floor":42,"turns":5},{"damage":1,"enemies":"3 Shapes","floor":46,"turns":3},{"damage":29,"enemies":"2 Orb Walkers","floor":47,"turns":3},{"damage":2,"enemies":"Mind Bloom Boss Battle","floor":48,"turns":4},{"damage":56,"enemies":"Donu and Deca","floor":50,"turns":6}],"seed_played":"2208909226948052385","potions_obtained":[{"floor":2,"key":"SteroidPotion"},{"floor":4,"key":"Fire Potion"},{"floor":4,"key":"Poison Potion"},{"floor":17,"key":"Fruit Juice"},{"floor":23,"key":"Energy Potion"},{"floor":28,"key":"Explosive Potion"},{"floor":31,"key":"FearPotion"}],"is_trial":false,"path_per_floor":["M","M","?","?","M","E","M","R","T","R","$","E","M","M","R","B",null,"M","$","?","M","M","E","R","?","T","R","E","M","R","E","R","B",null,"M","?","$","?","$","E","R","E","T","R","$","M","?","?","R","B",null],"character_chosen":"IRONCLAD","items_purchased":["Blur","Shuriken","Swift Potion","Vajra","Backflip","PowerPotion","Dash+1","Oddly Smooth Stone"],"campfire_rested":3,"item_purchase_floors":[11,19,19,39,39,39,45,45],"current_hp_per_floor":[80,80,69,69,75,76,80,80,80,80,80,80,80,80,80,80,85,90,90,90,90,90,90,90,96,96,96,61,67,91,91,91,86,91,88,97,97,97,97,95,92,92,92,92,92,96,73,80,94,44],"gold":201,"neow_bonus":"","is_prod":false,"is_daily":true,"chose_seed":false,"campfire_upgraded":7,"win_rate":0,"timestamp":1543239598,"path_taken":["M","M","?","?","M","E","?","R","T","R","$","E","M","M","R","BOSS","M","$","?","M","M","E","R","?","T","R","E","?","R","E","R","BOSS","M","?","$","?","$","E","R","E","T","R","$","?","?","?","R","BOSS"],"build_version":"2018-11-15","purchased_purges":1,"victory":true,"max_hp_per_floor":[80,80,80,80,80,80,80,80,80,80,80,80,80,80,80,80,85,90,90,90,90,90,90,90,96,96,96,96,96,91,91,91,91,91,91,97,97,97,97,97,92,92,92,92,92,96,96,99,94,94],"card_choices":[{"not_picked":["True Grit","Infinite Blades"],"picked":"Cleave","floor":0},{"not_picked":["Clash","Wild Strike"],"picked":"Seeing Red","floor":0},{"not_picked":["Dodge and Roll","Outmaneuver"],"picked":"Flex","floor":0},{"not_picked":["Noxious Fumes","Heel Hook"],"picked":"Cloak And Dagger","floor":0},{"not_picked":["Backflip","Wild Strike"],"picked":"Shrug It Off","floor":0},{"not_picked":["Thunderclap","All Out Attack"],"picked":"Disarm","floor":0},{"not_picked":["Underhanded Strike","Flame Barrier"],"picked":"Cloak And Dagger","floor":0},{"not_picked":["Headbutt","Intimidate"],"picked":"Shockwave","floor":0},{"not_picked":["Bane","Accuracy"],"picked":"Anger","floor":0},{"not_picked":["Twin Strike","Prepared"],"picked":"Sucker Punch","floor":0},{"not_picked":["Expertise","Concentrate"],"picked":"Flame Barrier","floor":0},{"not_picked":["Sucker Punch","Sword Boomerang"],"picked":"Quick Slash","floor":0},{"not_picked":["Thunderclap","Endless Agony"],"picked":"Dagger Spray","floor":0},{"not_picked":["Perfected Strike","Bouncing Flask"],"picked":"True Grit","floor":0},{"not_picked":["Backflip","Clothesline"],"picked":"Spot Weakness","floor":0},{"not_picked":["Wild Strike","Entrench"],"picked":"Pommel Strike","floor":1},{"not_picked":["Quick Slash","True Grit"],"picked":"Sword Boomerang","floor":2},{"not_picked":["Slice","Dual Wield","Ghostly Armor"],"picked":"SKIP","floor":5},{"not_picked":["Expertise","Rampage"],"picked":"Inflame","floor":6},{"not_picked":["Infernal Blade","Dodge and Roll"],"picked":"Body Slam","floor":7},{"not_picked":["Acrobatics","Iron Wave"],"picked":"Cloak And Dagger","floor":12},{"not_picked":["Anger","Accuracy"],"picked":"Havoc","floor":13},{"not_picked":["Underhanded Strike","Infernal Blade","Sucker Punch"],"picked":"SKIP","floor":14},{"not_picked":["Reaper","Brutality"],"picked":"Dark Embrace","floor":16},{"not_picked":["Headbutt","PiercingWail"],"picked":"Pummel","floor":17},{"not_picked":["True Grit","All Out Attack"],"picked":"Cloak And Dagger","floor":18},{"not_picked":["Dagger Spray","Flying Knee"],"picked":"Heavy Blade+1","floor":21},{"not_picked":["Night Terror","Crippling Poison"],"picked":"Iron Wave","floor":22},{"not_picked":["Cleave","Sucker Punch"],"picked":"PiercingWail+1","floor":23},{"not_picked":["Prepared","Sucker Punch","Tools of the Trade"],"picked":"SKIP","floor":28},{"not_picked":["Bloodletting+1","Pommel Strike+1"],"picked":"Rupture","floor":29},{"not_picked":["Cleave+1","Blade Dance"],"picked":"Disarm+1","floor":29},{"not_picked":["True Grit","Choke+1"],"picked":"Blade Dance","floor":31},{"not_picked":["Night Terror","Demon Form"],"picked":"Feed","floor":33},{"not_picked":["Predator+1","Dagger Throw+1"],"picked":"Cloak And Dagger","floor":35},{"not_picked":["Flex","Thunderclap"],"picked":"Whirlwind+1","floor":35},{"not_picked":["Enlightenment","Trip"],"picked":"Dramatic Entrance","floor":38},{"not_picked":["Metallicize","Reflex"],"picked":"Heavy Blade+1","floor":40},{"not_picked":["Terror+1","Twin Strike+1"],"picked":"Body Slam","floor":42},{"not_picked":["A Thousand Cuts","Clothesline+1","Bane+1"],"picked":"SKIP","floor":46},{"not_picked":["Escape Plan+1","Bloodletting","Sucker Punch+1"],"picked":"SKIP","floor":46},{"not_picked":["Armaments+1","Rage+1"],"picked":"Blur+1","floor":48}],"player_experience":1743098,"relics_obtained":[{"floor":6,"key":"Torii"},{"floor":9,"key":"Dodecahedron"},{"floor":12,"key":"Darkstone Periapt"},{"floor":23,"key":"Prayer Wheel"},{"floor":26,"key":"Anchor"},{"floor":28,"key":"Ginger"},{"floor":31,"key":"Pen Nib"},{"floor":40,"key":"Whetstone"},{"floor":42,"key":"Molten Egg 2"},{"floor":43,"key":"Sundial"},{"floor":47,"key":"Charon\u0027s Ashes"},{"floor":48,"key":"Peace Pipe"}],"event_choices":[{"damage_healed":0,"gold_gain":75,"player_choice":"Gather Gold","damage_taken":11,"max_hp_gain":0,"max_hp_loss":0,"event_name":"World of Goop","floor":3,"gold_loss":0},{"damage_healed":0,"gold_gain":0,"player_choice":"Got Potions","damage_taken":0,"max_hp_gain":0,"max_hp_loss":0,"event_name":"Lab","floor":4,"gold_loss":0},{"damage_healed":0,"gold_gain":99,"player_choice":"Stole From Cult","damage_taken":0,"max_hp_gain":0,"max_hp_loss":0,"event_name":"Nest","floor":20,"gold_loss":0},{"damage_healed":0,"gold_gain":0,"player_choice":"Rummage","damage_taken":0,"relics_obtained":["WarpedTongs"],"max_hp_gain":0,"max_hp_loss":0,"event_name":"Accursed Blacksmith","floor":25,"gold_loss":0,"cards_obtained":["Pain"]},{"damage_healed":23,"gold_gain":0,"player_choice":"Writhe","damage_taken":0,"max_hp_gain":0,"max_hp_loss":0,"event_name":"Winding Halls","floor":36,"gold_loss":0,"cards_obtained":["Writhe"]},{"damage_healed":0,"gold_gain":0,"player_choice":"Memory 1","damage_taken":0,"max_hp_gain":0,"max_hp_loss":0,"event_name":"SensoryStone","floor":38,"gold_loss":0},{"damage_healed":0,"gold_gain":0,"player_choice":"Fight","damage_taken":0,"max_hp_gain":0,"max_hp_loss":0,"event_name":"Mysterious Sphere","floor":47,"gold_loss":0},{"damage_healed":0,"gold_gain":0,"player_choice":"Fight","damage_taken":0,"max_hp_gain":0,"max_hp_loss":0,"event_name":"MindBloom","floor":48,"gold_loss":0}],"is_beta":false,"boss_relics":[{"not_picked":["Runic Cube","Black Blood"],"picked":"Tiny House"},{"not_picked":["Astrolabe","Orrery"],"picked":"Philosopher\u0027s Stone"}],"items_purged_floors":[37],"is_endless":false,"potions_floor_spawned":[2,5,12,14,21,23,28,31,42,46,48],"ascension_level":0}