{"gold_per_floor":[118,118,129,16,16,16,59,72,97,97,118,118,118],"floor_reached":13,"playtime":1213,"items_purged":["Regret"],"score":100,"play_id":"7b354169-2639-4cf4-9bce-9615885598df","local_time":"20180714032600","is_ascension_mode":true,"campfire_choices":[{"data":"Well Laid Plans","floor":6,"key":"SMITH"},{"floor":10,"key":"REST"},{"data":"Caltrops","floor":12,"key":"SMITH"}],"neow_cost":"CURSE","seed_source_timestamp":191920070461437,"circlet_count":0,"master_deck":["Defend_G","Defend_G","Defend_G","Defend_G","Defend_G","Strike_G","Strike_G","Strike_G","Strike_G","Survivor","Neutralize","Well Laid Plans+1","Bullet Time","PiercingWail","Caltrops+1","PiercingWail","Sucker Punch","Footwork"],"relics":["Ring of the Snake","Gambling Chip","Golden Idol","Lantern","Regal Pillow"],"potions_floor_usage":[],"damage_taken":[{"damage":1,"enemies":"Cultist","floor":1,"turns":3},{"damage":8,"enemies":"Small Slimes","floor":3,"turns":5},{"damage":41,"enemies":"Lagavulin","floor":7,"turns":10},{"damage":0,"enemies":"2 Louse","floor":8,"turns":4},{"damage":0,"enemies":"Blue Slaver","floor":11,"turns":5},{"damage":73,"enemies":"Gremlin Nob","floor":13,"turns":6}],"seed_played":"7610214544592149618","potions_obtained":[],"is_trial":false,"path_per_floor":["M","?","M","$","?","R","E","M","T","R","M","R"],"character_chosen":"THE_SILENT","items_purchased":["Caltrops"],"campfire_rested":1,"item_purchase_floors":[4],"current_hp_per_floor":[69,69,61,61,44,44,3,3,3,39,39,39,0],"gold":118,"neow_bonus":"ONE_RARE_RELIC","is_prod":false,"is_daily":false,"chose_seed":false,"campfire_upgraded":2,"win_rate":0,"timestamp":1531504560,"path_taken":["M","?","M","?","?","R","E","M","T","R","M","R","E"],"build_version":"2018-07-12","purchased_purges":1,"victory":false,"max_hp_per_floor":[70,70,70,70,70,70,70,70,70,70,70,70,70],"card_choices":[{"not_picked":["Skewer","Setup"],"picked":"Well Laid Plans","floor":1},{"not_picked":["Dagger Throw","Quick Slash"],"picked":"PiercingWail","floor":3},{"not_picked":["Flying Knee","Underhanded Strike"],"picked":"PiercingWail","floor":7},{"not_picked":["Skewer","Blur"],"picked":"Sucker Punch","floor":8},{"not_picked":["Accuracy","Blade Dance"],"picked":"Footwork","floor":11}],"player_experience":127357,"relics_obtained":[{"floor":7,"key":"Lantern"},{"floor":9,"key":"Regal Pillow"}],"event_choices":[{"event_name":"Transmorgrifier","player_choice":"Transform","floor":2,"damage_taken":0},{"event_name":"Golden Idol","player_choice":"Take Damage","floor":5,"damage_taken":0}],"boss_relics":[],"items_purged_floors":[4],"is_endless":false,"potions_floor_spawned":[],"killed_by":"Gremlin Nob","ascension_level":4}