{"gold_per_floor":[114,134,134,146,146,146,178,178,178,178,205,217,229,253,265,382,394,421,32,32,6,16,16,16,36,36,53,68,68],"floor_reached":29,"playtime":1684,"items_purged":["Decay"],"score":360,"play_id":"08da8809-f514-4e5a-b1c6-55a2ad44a871","local_time":"20180914090504","is_ascension_mode":true,"campfire_choices":[{"data":"Neutralize","floor":6,"key":"SMITH"},{"floor":13,"key":"REST"},{"floor":15,"key":"REST"},{"data":"Infinite Blades","floor":23,"key":"SMITH"}],"neow_cost":"","seed_source_timestamp":191820637528590,"circlet_count":0,"master_deck":["Defend_G","Defend_G","Defend_G","Defend_G","Defend_G","Strike_G","Strike_G","Strike_G","Strike_G","Strike_G","Survivor","Neutralize+1","AscendersBane","Dagger Throw","Underhanded Strike","Blur","Footwork","Infinite Blades+1","Noxious Fumes","Tools of the Trade","Dagger Spray","Accuracy","Infinite Blades","Cloak And Dagger","Caltrops","Backstab","Underhanded Strike"],"relics":["Ring of the Snake","Question Card","Blood Vial","The Courier","MawBank","Nunchaku","WristBlade","OrangePellets","Strawberry","MutagenicStrength","Shuriken"],"potions_floor_usage":[7,7,22,22,28],"damage_taken":[{"damage":7,"enemies":"2 Louse","floor":1,"turns":3},{"damage":4,"enemies":"Jaw Worm","floor":2,"turns":5},{"damage":0,"enemies":"Cultist","floor":4,"turns":3},{"damage":12,"enemies":"Lagavulin","floor":7,"turns":5},{"damage":15,"enemies":"Gremlin Gang","floor":11,"turns":7},{"damage":8,"enemies":"Exordium Thugs","floor":14,"turns":7},{"damage":45,"enemies":"The Guardian","floor":16,"turns":17},{"damage":18,"enemies":"Spheric Guardian","floor":18,"turns":6},{"damage":11,"enemies":"3 Byrds","floor":22,"turns":3},{"damage":11,"enemies":"Snecko","floor":25,"turns":4},{"damage":46,"enemies":"Snake Plant","floor":27,"turns":4},{"damage":0,"enemies":"Sentry and Sphere","floor":28,"turns":4},{"damage":22,"enemies":"Slavers","floor":29,"turns":2}],"seed_played":"7934490453914114951","potions_obtained":[{"floor":2,"key":"Poison Potion"},{"floor":4,"key":"Poison Potion"},{"floor":16,"key":"LiquidBronze"},{"floor":18,"key":"LiquidBronze"},{"floor":27,"key":"Block Potion"}],"is_trial":false,"path_per_floor":["M","M","?","M","T","R","E","?","T","?","M","?","R","M","R","B",null,"M","$","?","$","M","R","?","M","T","M","M"],"character_chosen":"THE_SILENT","items_purchased":["OrangePellets","Accuracy","Strawberry","Infinite Blades"],"campfire_rested":2,"item_purchase_floors":[19,19,19,21],"current_hp_per_floor":[56,52,57,57,57,57,45,45,45,33,20,20,42,36,58,15,60,44,51,51,51,42,42,69,60,60,16,18,0],"gold":68,"neow_bonus":"","is_prod":false,"is_daily":false,"chose_seed":false,"campfire_upgraded":2,"win_rate":0,"timestamp":1536930304,"path_taken":["M","M","?","?","?","R","E","?","T","?","M","?","R","M","R","BOSS","M","$","?","?","M","R","?","?","T","M","M","E"],"build_version":"2018-09-06","purchased_purges":1,"victory":false,"max_hp_per_floor":[70,70,75,75,75,75,75,75,75,75,75,75,75,75,75,75,75,75,82,82,82,82,82,82,82,82,82,82,82],"card_choices":[{"not_picked":["Bane","Endless Agony"],"picked":"Dagger Throw","floor":1},{"not_picked":["Deadly Poison","Sucker Punch"],"picked":"Underhanded Strike","floor":2},{"not_picked":["Slice","Endless Agony"],"picked":"Blur","floor":4},{"not_picked":["Terror","Flechettes","Phantasmal Killer"],"picked":"Footwork","floor":7},{"not_picked":["Prepared","Sucker Punch","Blade Dance"],"picked":"Infinite Blades","floor":11},{"not_picked":["Backflip","Expertise","Outmaneuver"],"picked":"Noxious Fumes","floor":14},{"not_picked":["Malaise","Burst","Doppelganger"],"picked":"Tools of the Trade","floor":16},{"not_picked":["Bouncing Flask","Acrobatics","Poisoned Stab+1"],"picked":"Dagger Spray","floor":18},{"not_picked":["Crippling Poison","Accuracy","Dagger Throw"],"picked":"Cloak And Dagger","floor":22},{"not_picked":["Masterful Stab+1","Sucker Punch","Flying Knee"],"picked":"Caltrops","floor":25},{"not_picked":["Acrobatics","Flying Knee","Deflect+1"],"picked":"Backstab","floor":27},{"not_picked":["Flying Knee","Dagger Spray","Skewer"],"picked":"Underhanded Strike","floor":28}],"player_experience":1535071,"relics_obtained":[{"floor":5,"key":"Question Card"},{"floor":7,"key":"Blood Vial"},{"floor":9,"key":"The Courier"},{"floor":26,"key":"Shuriken"}],"event_choices":[{"event_name":"Big Fish","player_choice":"Donut","floor":3,"damage_taken":0},{"event_name":"Wheel of Change","player_choice":"Curse","floor":8,"damage_taken":0},{"event_name":"Scrap Ooze","player_choice":"success","floor":10,"damage_taken":12},{"event_name":"Dead Adventurer","player_choice":"Searched \u00271\u0027 times","floor":12,"damage_taken":0},{"event_name":"Drug Dealer","player_choice":"Inject Mutagens","floor":20,"damage_taken":0},{"event_name":"The Library","player_choice":"Heal","floor":24,"damage_taken":0}],"is_beta":false,"boss_relics":[{"not_picked":["Empty Cage","Black Star"],"picked":"WristBlade"}],"items_purged_floors":[19],"is_endless":false,"potions_floor_spawned":[2,4,16,18,27],"killed_by":"Slavers","ascension_level":12}