{"gold_per_floor":[114,114,114,189,34,34,34,52,52,52,68,82,102,122,122,253,253,267,267,23,23,47,47,61,61,61,61,36,51,71,90,90,90],"floor_reached":33,"playtime":1524,"items_purged":["Strike_R"],"score":335,"play_id":"81a7c22c-924a-424e-a927-b4dbe5fd23ff","local_time":"20180727234321","is_ascension_mode":true,"campfire_choices":[{"data":"Bash","floor":6,"key":"SMITH"},{"data":"Inflame","floor":10,"key":"SMITH"},{"data":"Rage","floor":15,"key":"SMITH"},{"floor":23,"key":"REST"},{"data":"Pummel","floor":25,"key":"SMITH"},{"data":"Whirlwind","floor":27,"key":"SMITH"},{"data":"Shrug It Off","floor":32,"key":"SMITH"}],"neow_cost":"NONE","seed_source_timestamp":194145630747867,"circlet_count":0,"master_deck":["Strike_R","Strike_R","Strike_R","Strike_R","Defend_R","Defend_R","Defend_R","Defend_R","Bash+1","Pummel+1","Inflame+1","Burning Pact","Rage+1","Thunderclap","Whirlwind+1","Reaper","Clash","Writhe","Shrug It Off+1","Intimidate","Clash","Intimidate","Clothesline","Anger"],"relics":["Burning Blood","Blood Vial","Golden Idol","Centennial Puzzle","Mark of Pain","Orichalcum","Paper Frog","Self Forming Clay","Bottled Flame"],"potions_floor_usage":[13,14,16,16,22,30,33],"damage_taken":[{"damage":6,"enemies":"Cultist","floor":1,"turns":4},{"damage":10,"enemies":"Small Slimes","floor":8,"turns":3},{"damage":19,"enemies":"Jaw Worm","floor":11,"turns":3},{"damage":19,"enemies":"3 Louse","floor":12,"turns":4},{"damage":13,"enemies":"Gremlin Gang","floor":13,"turns":5},{"damage":2,"enemies":"Large Slime","floor":14,"turns":6},{"damage":54,"enemies":"Hexaghost","floor":16,"turns":11},{"damage":46,"enemies":"Shell Parasite","floor":18,"turns":6},{"damage":12,"enemies":"2 Thieves","floor":22,"turns":3},{"damage":0,"enemies":"Centurion and Healer","floor":24,"turns":6},{"damage":22,"enemies":"Snecko","floor":29,"turns":5},{"damage":6,"enemies":"Chosen and Byrds","floor":30,"turns":3},{"damage":18,"enemies":"Cultist and Chosen","floor":31,"turns":6},{"damage":91,"enemies":"Automaton","floor":33,"turns":6}],"seed_played":"-2277922039630522443","potions_obtained":[{"floor":1,"key":"Block Potion"},{"floor":7,"key":"Regen Potion"},{"floor":7,"key":"Strength Potion"},{"floor":13,"key":"Block Potion"},{"floor":16,"key":"Explosive Potion"},{"floor":22,"key":"Energy Potion"},{"floor":31,"key":"PowerPotion"}],"is_trial":false,"path_per_floor":["M","?","?","?","$","R","?","M","T","R","M","M","M","M","R","B",null,"M","?","$","T","M","R","M","R","T","R","$","M","M","M","R"],"character_chosen":"IRONCLAD","items_purchased":["Inflame","Paper Frog","Clash"],"campfire_rested":1,"item_purchase_floors":[5,20,28],"current_hp_per_floor":[80,73,73,62,62,62,62,60,60,60,49,38,47,53,53,7,63,35,35,35,35,34,58,80,80,80,80,80,77,79,78,78,0],"gold":90,"neow_bonus":"TEN_PERCENT_HP_BONUS","is_prod":false,"is_daily":false,"chose_seed":false,"campfire_upgraded":6,"win_rate":0,"timestamp":1532749401,"path_taken":["M","?","?","?","$","R","?","M","T","R","M","?","M","M","R","BOSS","M","?","$","?","M","R","M","R","T","R","?","M","M","?","R","BOSS"],"build_version":"2018-07-26","purchased_purges":1,"victory":false,"max_hp_per_floor":[88,88,81,81,81,81,81,81,81,81,81,81,81,81,81,81,81,81,81,81,81,81,81,81,81,81,81,81,81,81,81,81,81],"card_choices":[{"not_picked":["Entrench","True Grit"],"picked":"Pummel","floor":1},{"not_picked":["Warcry","Feel No Pain","Perfected Strike"],"picked":"SKIP","floor":8},{"not_picked":["Wild Strike","Sever Soul"],"picked":"Burning Pact","floor":11},{"not_picked":["Perfected Strike","Havoc"],"picked":"Rage","floor":12},{"not_picked":["Flex","Searing Blow"],"picked":"Thunderclap","floor":13},{"not_picked":["Thunderclap","Dark Embrace"],"picked":"Whirlwind","floor":14},{"not_picked":["Dark Embrace","Feed"],"picked":"Reaper","floor":16},{"not_picked":["Wild Strike","Entrench"],"picked":"Clash","floor":18},{"not_picked":["Pommel Strike","Power Through"],"picked":"Shrug It Off","floor":22},{"not_picked":["Clash","Reckless Charge"],"picked":"Intimidate","floor":24},{"not_picked":["Anger","Clash"],"picked":"Intimidate","floor":29},{"not_picked":["Iron Wave+1","Twin Strike"],"picked":"Clothesline","floor":30},{"not_picked":["Dark Embrace","Sword Boomerang+1"],"picked":"Anger","floor":31}],"player_experience":1350333,"relics_obtained":[{"floor":9,"key":"Centennial Puzzle"},{"floor":21,"key":"Self Forming Clay"},{"floor":26,"key":"Bottled Flame"}],"event_choices":[{"event_name":"Scrap Ooze","player_choice":"success","floor":2,"damage_taken":7},{"event_name":"Golden Idol","player_choice":"Lose Max HP","floor":3,"damage_taken":0},{"event_name":"World of Goop","player_choice":"Gather Gold","floor":4,"damage_taken":0},{"event_name":"The Lab","player_choice":"Got Potions","floor":7,"damage_taken":0},{"event_name":"The Mausoleum","player_choice":"Yes","floor":19,"damage_taken":0}],"is_beta":false,"boss_relics":[{"not_picked":["Ectoplasm","Orrery"],"picked":"Mark of Pain"}],"items_purged_floors":[5],"is_endless":false,"potions_floor_spawned":[1,12,13,16,22,31],"killed_by":"Automaton","ascension_level":8}