{"gold_per_floor":[114,114,21,36,51,111,111,111,136,151,151,166,181,181,181,281,281,296,296,311,326,341,341,356,356,381,381,381,396,426,441,441,541,541,556,56,71,86,86,116,63,63,363,393,393,393,393,408,408,408],"floor_reached":51,"playtime":1504,"items_purged":[],"score":1029,"play_id":"58c8a2ee-fae2-4f45-8611-d4b42a00ffa0","local_time":"20180826152058","daily_mods":["Specialized","Cursed Run","Time Dilation"],"is_ascension_mode":false,"campfire_choices":[{"data":"Sword Boomerang","floor":7,"key":"SMITH"},{"data":"Perfected Strike","floor":11,"key":"SMITH"},{"data":"Iron Wave","floor":15,"key":"SMITH"},{"data":"Spot Weakness","floor":23,"key":"SMITH"},{"data":"Feel No Pain","floor":25,"key":"SMITH"},{"data":"Infernal Blade","floor":32,"key":"SMITH"},{"data":"Heavy Blade","floor":42,"key":"SMITH"},{"data":"Whirlwind","floor":47,"key":"SMITH"},{"data":"Corruption","floor":49,"key":"SMITH"}],"neow_cost":"","seed_source_timestamp":0,"circlet_count":0,"master_deck":["Strike_R","Strike_R","Defend_R","Defend_R","Defend_R","Defend_R","Bash+1","Offering","Offering","Offering","Offering","Offering","True Grit+1","Feel No Pain+1","Sword Boomerang+1","Cleave","Headbutt","Decay","Injury","Perfected Strike+1","Iron Wave+1","Spot Weakness+1","Clumsy","Reaper","Shockwave+1","Burning Pact+1","Wild Strike+1","True Grit+1","Sword Boomerang+1","Pommel Strike","Reaper","Pain","Shame","Decay","Clothesline+1","Disarm","Infernal Blade+1","Injury","Feed","Heavy Blade+1","Sword Boomerang","Flame Barrier","Shrug It Off","True Grit","Exhume","Corruption+1","Flame Barrier","Immolate","Whirlwind+1","Bandage Up+1","Master of Strategy+1","Dramatic Entrance","Exhume+1","True Grit+1","Injury","Rupture+1","Doubt","Battle Trance+1","Regret"],"special_seed":17769,"relics":["Cursed Key","Darkstone Periapt","Du-Vu Doll","Tiny Chest","Red Skull","Orichalcum","Astrolabe","Happy Flower","Torii","Calipers","Ice Cream","Orrery","Toxic Egg 2","Ginger","Old Coin","Gambling Chip"],"potions_floor_usage":[24,30,30,30,33,50],"damage_taken":[{"damage":4,"enemies":"2 Louse","floor":1,"turns":3},{"damage":12,"enemies":"Jaw Worm","floor":4,"turns":1},{"damage":0,"enemies":"Cultist","floor":5,"turns":3},{"damage":18,"enemies":"Lagavulin","floor":6,"turns":4},{"damage":12,"enemies":"Exordium Wildlife","floor":10,"turns":1},{"damage":0,"enemies":"Lots of Slimes","floor":12,"turns":3},{"damage":7,"enemies":"Large Slime","floor":13,"turns":3},{"damage":29,"enemies":"The Guardian","floor":16,"turns":4},{"damage":9,"enemies":"2 Thieves","floor":18,"turns":3},{"damage":12,"enemies":"Spheric Guardian","floor":20,"turns":3},{"damage":12,"enemies":"Shelled Parasite and Fungi","floor":21,"turns":1},{"damage":9,"enemies":"Snecko","floor":22,"turns":4},{"damage":6,"enemies":"Snake Plant","floor":24,"turns":2},{"damage":6,"enemies":"Cultist and Chosen","floor":29,"turns":1},{"damage":9,"enemies":"Slavers","floor":30,"turns":3},{"damage":9,"enemies":"Snecko","floor":31,"turns":2},{"damage":60,"enemies":"Automaton","floor":33,"turns":7},{"damage":14,"enemies":"3 Darklings","floor":35,"turns":4},{"damage":7,"enemies":"Orb Walker","floor":37,"turns":2},{"damage":6,"enemies":"4 Shapes","floor":38,"turns":2},{"damage":7,"enemies":"2 Orb Walkers","floor":40,"turns":2},{"damage":20,"enemies":"Giant Head","floor":44,"turns":5},{"damage":6,"enemies":"3 Darklings","floor":48,"turns":2},{"damage":28,"enemies":"Donu and Deca","floor":50,"turns":5}],"seed_played":"1407461410960682535","potions_obtained":[{"floor":6,"key":"PowerPotion"},{"floor":13,"key":"Explosive Potion"},{"floor":18,"key":"EntropicBrew"},{"floor":31,"key":"SpeedPotion"},{"floor":33,"key":"Dexterity Potion"},{"floor":48,"key":"Swift Potion"}],"is_trial":false,"path_per_floor":["M","?","$","M","M","E","R","T","T","M","R","M","M","?","R","B",null,"M","?","M","M","M","R","M","R","T","?","T","M","E","M","R","B",null,"M","$","M","M","?","E","$","R","T","E","?","?","R","M","R","B"],"character_chosen":"IRONCLAD","items_purchased":["Feel No Pain","Sword Boomerang","Corruption","Flame Barrier","Toxic Egg 2","Immolate","True Grit+1"],"campfire_rested":0,"item_purchase_floors":[3,3,36,36,36,36,41],"current_hp_per_floor":[76,76,76,64,64,46,46,52,58,46,46,46,39,39,39,16,98,98,98,86,74,65,65,59,59,65,71,77,116,115,106,106,88,122,122,122,115,109,99,92,92,92,98,84,134,134,134,134,134,124],"gold":408,"neow_bonus":"","is_prod":false,"is_daily":true,"chose_seed":false,"campfire_upgraded":9,"win_rate":0,"timestamp":1535289658,"path_taken":["M","?","$","M","M","E","R","?","T","M","R","?","M","?","R","BOSS","M","?","M","M","?","R","M","R","T","?","?","M","E","M","R","BOSS","M","$","M","M","?","E","$","R","T","E","?","?","R","M","R","BOSS"],"build_version":"2018-08-23v2","purchased_purges":0,"victory":true,"max_hp_per_floor":[80,80,80,80,80,80,80,86,92,92,92,92,92,92,92,98,98,98,98,98,98,98,98,98,98,104,110,116,116,116,116,116,122,122,122,122,122,122,122,122,122,122,128,128,134,134,134,134,134,140],"card_choices":[{"not_picked":["Fire Breathing","Heavy Blade"],"picked":"True Grit","floor":1},{"not_picked":["Clash","Pommel Strike"],"picked":"Cleave","floor":4},{"not_picked":["Dual Wield","Clash","Twin Strike"],"picked":"SKIP","floor":5},{"not_picked":["Power Through","Rampage"],"picked":"Headbutt","floor":6},{"not_picked":["Dual Wield","Evolve"],"picked":"Perfected Strike","floor":10},{"not_picked":["Entrench","Clash"],"picked":"Iron Wave","floor":12},{"not_picked":["Flame Barrier","Heavy Blade"],"picked":"Spot Weakness","floor":13},{"not_picked":["Exhume","Brutality"],"picked":"Reaper","floor":16},{"not_picked":["Cleave+1","Rage"],"picked":"True Grit+1","floor":18},{"not_picked":["Clash","Inflame","Headbutt+1"],"picked":"SKIP","floor":20},{"not_picked":["Wild Strike+1","Shrug It Off"],"picked":"Pommel Strike","floor":21},{"not_picked":["Wild Strike","Clash"],"picked":"Reaper","floor":22},{"not_picked":["Headbutt","Fire Breathing"],"picked":"Metallicize+1","floor":24},{"not_picked":["Iron Wave","Anger+1"],"picked":"Clothesline+1","floor":29},{"not_picked":["Clash+1","True Grit"],"picked":"Disarm","floor":30},{"not_picked":["Iron Wave+1","Twin Strike"],"picked":"Infernal Blade","floor":31},{"not_picked":["Offering","Reaper"],"picked":"Feed","floor":33},{"not_picked":["Fire Breathing","Evolve+1"],"picked":"Heavy Blade","floor":34},{"not_picked":["Body Slam+1","Juggernaut"],"picked":"Sword Boomerang","floor":34},{"not_picked":["Battle Trance","Wild Strike"],"picked":"Flame Barrier","floor":34},{"not_picked":["Shockwave","Clothesline"],"picked":"Shrug It Off","floor":34},{"not_picked":["Body Slam","Clash"],"picked":"True Grit","floor":34},{"not_picked":["Anger","Dropkick"],"picked":"Exhume","floor":35},{"not_picked":["Dropkick","Armaments+1"],"picked":"Whirlwind","floor":37},{"not_picked":["Carnage","Iron Wave+1","Rage+1"],"picked":"SKIP","floor":38},{"not_picked":["Dark Shackles+1","Master of Strategy+1"],"picked":"Bandage Up+1","floor":39},{"not_picked":["Enlightenment+1","Purity+1"],"picked":"Master of Strategy+1","floor":39},{"not_picked":["Magnetism","The Bomb+1"],"picked":"Dramatic Entrance","floor":39},{"not_picked":["Thunderclap","Twin Strike"],"picked":"Exhume+1","floor":40},{"not_picked":["Carnage","Spot Weakness+1"],"picked":"Rupture+1","floor":44},{"not_picked":["Iron Wave+1","Perfected Strike"],"picked":"Battle Trance+1","floor":48}],"player_experience":1343447,"relics_obtained":[{"floor":6,"key":"Tiny Chest"},{"floor":8,"key":"Red Skull"},{"floor":9,"key":"Orichalcum"},{"floor":26,"key":"Happy Flower"},{"floor":28,"key":"Calipers"},{"floor":30,"key":"Ice Cream"},{"floor":40,"key":"Ginger"},{"floor":43,"key":"Old Coin"},{"floor":44,"key":"Gambling Chip"}],"event_choices":[{"event_name":"Living Wall","player_choice":"Grow","floor":2,"damage_taken":0},{"event_name":"Upgrade Shrine","player_choice":"Upgraded","floor":14,"damage_taken":0},{"event_name":"Duplicator","player_choice":"One dupe","floor":19,"damage_taken":0},{"event_name":"Addict","player_choice":"Stole Relic","floor":27,"damage_taken":0},{"event_name":"SensoryStone","player_choice":"Memory 3","floor":39,"damage_taken":0},{"event_name":"MindBloom","player_choice":"Heal","floor":45,"damage_taken":0},{"event_name":"Falling","player_choice":"Removed Power","floor":46,"damage_taken":0}],"is_beta":false,"boss_relics":[{"not_picked":["Runic Dome","Runic Pyramid"],"picked":"Astrolabe"},{"not_picked":["Fusion Hammer","Coffee Dripper"],"picked":"Orrery"}],"items_purged_floors":[],"is_endless":false,"potions_floor_spawned":[6,13,18,21,31,33,35,37,40,48],"ascension_level":0}