{"gold_per_floor":[112,112,112,112,37,37,137,98,98,116,116,116,135,151,151,248,298,283,298,298,298,54,85,85,134,134,134,150,160,35,51,51,153,153,166,166,166,119,132,132,132,132,132,132,148,148],"floor_reached":46,"playtime":1270,"items_purged":["Normality","Regret","Decay"],"score":449,"play_id":"ae0c58b3-cd1d-4599-bb56-d399827d709a","local_time":"20180726180910","is_ascension_mode":false,"campfire_choices":[{"data":"Neutralize","floor":6,"key":"SMITH"},{"data":"Skewer","floor":11,"key":"SMITH"},{"data":"Dash","floor":15,"key":"SMITH"},{"data":"Wraith Form v2","floor":24,"key":"SMITH"},{"data":"Underhanded Strike","floor":27,"key":"SMITH"},{"floor":32,"key":"REST"},{"floor":40,"key":"REST"},{"floor":42,"key":"REST"},{"floor":44,"key":"REST"}],"neow_cost":"NONE","seed_source_timestamp":230648570077144,"circlet_count":0,"master_deck":["Defend_G","Defend_G","Defend_G","Defend_G","Defend_G","Strike_G","Strike_G","Strike_G","Strike_G+1","Survivor","Neutralize+1","Deadly Poison","Escape Plan","Skewer+1","Backflip","Underhanded Strike+1","Dash+1","Wraith Form v2+1","Dash+1","Underhanded Strike","Night Terror","Skewer+1","Underhanded Strike+1","Adrenaline","Outmaneuver+1","Flying Knee+1","Madness","Madness"],"relics":["HoveringKite","Ice Cream","Meat on the Bone","Shuriken","Calipers","Tiny House","Lantern","Molten Egg 2","Juzu Bracelet","Gremlin Horn","Black Star","Smiling Mask"],"potions_floor_usage":[16,23,23,23,33,33],"damage_taken":[{"damage":16,"enemies":"Jaw Worm","floor":1,"turns":6},{"damage":0,"enemies":"Small Slimes","floor":10,"turns":4},{"damage":3,"enemies":"2 Louse","floor":13,"turns":3},{"damage":0,"enemies":"Blue Slaver","floor":14,"turns":3},{"damage":15,"enemies":"Hexaghost","floor":16,"turns":8},{"damage":4,"enemies":"2 Thieves","floor":18,"turns":4},{"damage":16,"enemies":"Shell Parasite","floor":19,"turns":6},{"damage":21,"enemies":"Slavers","floor":23,"turns":5},{"damage":3,"enemies":"Chosen and Byrds","floor":28,"turns":5},{"damage":2,"enemies":"Snecko","floor":29,"turns":4},{"damage":2,"enemies":"Snake Plant","floor":31,"turns":2},{"damage":27,"enemies":"Collector","floor":33,"turns":8},{"damage":49,"enemies":"3 Darklings","floor":35,"turns":5},{"damage":30,"enemies":"3 Shapes","floor":39,"turns":3},{"damage":47,"enemies":"Transient","floor":45,"turns":5},{"damage":57,"enemies":"Giant Head","floor":46,"turns":8}],"seed_played":"5164420252336907305","potions_obtained":[{"floor":13,"key":"Fire Potion"},{"floor":14,"key":"SkillPotion"},{"floor":17,"key":"PowerPotion"},{"floor":19,"key":"AttackPotion"},{"floor":29,"key":"Energy Potion"},{"floor":31,"key":"Fire Potion"}],"is_trial":false,"path_per_floor":["M","?","?","?","$","R","?","$","T","M","R","T","M","M","R","B",null,"M","M","?","?","$","E","R","T","T","R","M","M","$","M","R","B",null,"M","?","?","$","M","R","?","R","T","R","M"],"character_chosen":"THE_SILENT","items_purchased":["Skewer","Lantern","Flying Knee+1"],"campfire_rested":4,"item_purchase_floors":[8,22,38],"current_hp_per_floor":[54,54,54,54,54,54,54,54,54,54,54,54,51,51,51,36,75,71,55,55,55,55,46,46,46,46,46,43,41,41,39,61,46,75,38,38,75,75,45,67,58,75,75,75,40,0],"gold":148,"neow_bonus":"BOSS_RELIC","is_prod":false,"is_daily":false,"chose_seed":false,"campfire_upgraded":5,"win_rate":0,"timestamp":1532594350,"path_taken":["M","?","?","?","$","R","?","$","T","?","R","?","?","M","R","BOSS","M","?","?","?","?","E","R","?","T","R","M","M","?","M","R","BOSS","M","?","?","$","M","R","?","R","T","R","M","E"],"build_version":"2018-07-19v2","purchased_purges":3,"victory":false,"max_hp_per_floor":[70,70,70,70,70,70,70,70,70,70,70,70,70,70,70,70,75,75,75,75,75,75,75,75,75,75,75,75,75,75,75,75,75,75,75,75,75,75,75,75,75,75,75,75,75,75],"card_choices":[{"not_picked":["PiercingWail","Outmaneuver"],"picked":"Deadly Poison","floor":1},{"not_picked":["Flying Knee","Dodge and Roll"],"picked":"Backflip","floor":10},{"not_picked":["Heel Hook","Bane"],"picked":"Underhanded Strike","floor":13},{"not_picked":["Concentrate","PiercingWail"],"picked":"Dash","floor":14},{"not_picked":["Burst","After Image"],"picked":"Wraith Form v2","floor":16},{"not_picked":["Sucker Punch","All Out Attack"],"picked":"Dash+1","floor":18},{"not_picked":["Prepared","Dodge and Roll"],"picked":"Catalyst","floor":19},{"not_picked":["Dagger Throw+1","Bane"],"picked":"Night Terror","floor":23},{"not_picked":["Flechettes+1","Outmaneuver"],"picked":"Skewer+1","floor":28},{"not_picked":["Deflect","Blur","Dagger Spray+1"],"picked":"SKIP","floor":29},{"not_picked":["Riddle With Holes+1","Dagger Throw+1"],"picked":"Underhanded Strike+1","floor":31},{"not_picked":["Tools of the Trade","Doppelganger"],"picked":"Adrenaline","floor":33},{"not_picked":["Eviscerate+1","Riddle With Holes+1"],"picked":"Outmaneuver+1","floor":35},{"not_picked":["Backflip","Quick Slash+1","Bouncing Flask+1"],"picked":"SKIP","floor":39},{"not_picked":["Bane+1","Acrobatics+1","PiercingWail"],"picked":"SKIP","floor":45}],"player_experience":258731,"relics_obtained":[{"floor":9,"key":"Shuriken"},{"floor":12,"key":"Calipers"},{"floor":23,"key":"Molten Egg 2"},{"floor":25,"key":"Juzu Bracelet"},{"floor":26,"key":"Gremlin Horn"},{"floor":43,"key":"Smiling Mask"}],"event_choices":[{"event_name":"Big Fish","player_choice":"Box","floor":2,"damage_taken":0},{"event_name":"Accursed Blacksmith","player_choice":"Rummage","floor":3,"damage_taken":0},{"event_name":"Living Wall","player_choice":"Change","floor":4,"damage_taken":0},{"event_name":"Golden Shrine","player_choice":"Pray","floor":7,"damage_taken":0},{"event_name":"The Library","player_choice":"Read","floor":20,"damage_taken":0},{"event_name":"Wheel of Change","player_choice":"Curse","floor":21,"damage_taken":0},{"event_name":"SensoryStone","player_choice":"Memory 1","floor":36,"damage_taken":0},{"event_name":"Bonfire Elementals","player_choice":"UNCOMMON","floor":37,"damage_taken":0},{"event_name":"Winding Halls","player_choice":"Embrace Madness","floor":41,"damage_taken":0}],"is_beta":false,"boss_relics":[{"not_picked":["Runic Dome","Eternal Feather"],"picked":"Tiny House"},{"not_picked":["White Beast Statue","Philosopher\u0027s Stone"],"picked":"Black Star"}],"items_purged_floors":[5,22,30],"is_endless":false,"potions_floor_spawned":[13,14,19,29,31],"killed_by":"Giant Head","ascension_level":0}