{"gold_per_floor":[114,114,131,143,218,246,246,265,265,265,290,310,82,82,82,185,185,201,116,136,136,146,146,156,56,56,56,74,85,85,110,110,110,110,121,131,231,106,122,133,133,161,161,195,215,65,81,111,111,111],"floor_reached":51,"playtime":2712,"items_purged":["Strike_R","Strike_R","Sword Boomerang","Anger"],"score":1187,"play_id":"83cf4249-235f-40bf-96ea-f965f835ebe0","local_time":"20180709211725","is_ascension_mode":true,"campfire_choices":[{"floor":7,"key":"REST"},{"floor":10,"key":"REST"},{"floor":15,"key":"REST"},{"data":"Dropkick","floor":23,"key":"SMITH"},{"data":"True Grit","floor":30,"key":"SMITH"},{"floor":32,"key":"REST"},{"floor":41,"key":"REST"},{"floor":49,"key":"REST"}],"neow_cost":"FIFTY_PERCENT_DAMAGE","seed_source_timestamp":1121323971857240,"circlet_count":0,"master_deck":["Bash+1","Dropkick+1","Dropkick+1","True Grit+1","Offering","Thunderclap","Iron Wave","Rage"],"relics":["Burning Blood","Whetstone","Bag of Preparation","Bottled Lightning","Vajra","Runic Pyramid","Oddly Smooth Stone","Thread and Needle","Enchiridion","Art of War","Pandora\u0027s Box","Dream Catcher","Strawberry","Kunai","Dodecahedron"],"potions_floor_usage":[6,16,16,50],"damage_taken":[{"damage":0,"enemies":"2 Louse","floor":1,"turns":4},{"damage":0,"enemies":"Cultist","floor":3,"turns":2},{"damage":0,"enemies":"Small Slimes","floor":4,"turns":3},{"damage":30,"enemies":"Lagavulin","floor":6,"turns":5},{"damage":9,"enemies":"Red Slaver","floor":8,"turns":2},{"damage":48,"enemies":"3 Sentries","floor":11,"turns":10},{"damage":0,"enemies":"2 Fungi Beasts","floor":12,"turns":2},{"damage":20,"enemies":"Hexaghost","floor":16,"turns":7},{"damage":4,"enemies":"Chosen","floor":18,"turns":1},{"damage":7,"enemies":"2 Thieves","floor":20,"turns":2},{"damage":4,"enemies":"Centurion and Healer","floor":22,"turns":2},{"damage":4,"enemies":"Snecko","floor":24,"turns":2},{"damage":4,"enemies":"Snake Plant","floor":28,"turns":1},{"damage":12,"enemies":"Sentry and Sphere","floor":29,"turns":3},{"damage":4,"enemies":"Slavers","floor":31,"turns":1},{"damage":4,"enemies":"Champ","floor":33,"turns":1},{"damage":4,"enemies":"Flame Bruiser 1 Orb","floor":35,"turns":2},{"damage":6,"enemies":"3 Darklings","floor":36,"turns":3},{"damage":4,"enemies":"Flame Bruiser 2 Orb","floor":39,"turns":1},{"damage":24,"enemies":"4 Shapes","floor":40,"turns":1},{"damage":4,"enemies":"2 Orb Walkers","floor":42,"turns":1},{"damage":4,"enemies":"Giant Head","floor":44,"turns":1},{"damage":4,"enemies":"Maw","floor":45,"turns":1},{"damage":4,"enemies":"Spire Growth","floor":47,"turns":1},{"damage":4,"enemies":"2 Orb Walkers","floor":48,"turns":1},{"damage":7,"enemies":"Donu and Deca","floor":50,"turns":3}],"seed_played":"5160807473763463430","potions_obtained":[{"floor":1,"key":"PowerPotion"},{"floor":4,"key":"Poison Potion"},{"floor":6,"key":"SpeedPotion"},{"floor":11,"key":"Block Potion"},{"floor":16,"key":"SneckoOil"},{"floor":18,"key":"SteroidPotion"},{"floor":31,"key":"Block Potion"},{"floor":35,"key":"Strength Potion"}],"is_trial":false,"path_per_floor":["M","?","M","M","?","E","R","M","T","R","E","M","$","?","R","B",null,"M","?","M","?","M","R","M","$","T","?","M","M","R","E","R","B",null,"M","M","?","$","M","M","R","E","T","E","M","$","M","E","R","B"],"character_chosen":"IRONCLAD","items_purchased":["Vajra"],"campfire_rested":6,"item_purchase_floors":[13],"current_hp_per_floor":[42,42,48,54,43,19,43,40,40,64,22,28,28,12,36,22,66,68,68,67,80,80,80,80,80,80,64,66,60,60,62,80,80,80,80,80,80,80,80,62,80,80,87,87,87,87,87,87,87,86],"gold":111,"neow_bonus":"REMOVE_TWO","is_prod":false,"is_daily":false,"chose_seed":false,"campfire_upgraded":2,"win_rate":0,"timestamp":1531189045,"path_taken":["M","?","M","?","?","E","R","M","T","R","E","M","$","?","R","BOSS","M","?","M","?","M","R","M","$","T","?","?","M","R","E","R","BOSS","M","M","?","$","M","M","R","E","T","E","M","$","M","E","R","BOSS"],"build_version":"2018-07-05","purchased_purges":4,"victory":true,"max_hp_per_floor":[80,80,80,80,80,80,80,80,80,80,80,80,80,80,80,80,80,80,80,80,80,80,80,80,80,80,80,80,80,80,80,80,80,80,80,80,80,80,80,80,80,80,87,87,87,87,87,87,87,87],"card_choices":[{"not_picked":["Spot Weakness","Fire Breathing"],"picked":"Dropkick","floor":1},{"not_picked":["Wild Strike","Hemokinesis","Sword Boomerang"],"picked":"SKIP","floor":3},{"not_picked":["Evolve","Thunderclap","Rage"],"picked":"SKIP","floor":4},{"not_picked":["Pommel Strike","Warcry","Infernal Blade"],"picked":"SKIP","floor":6},{"not_picked":["Clash","Pommel Strike","Perfected Strike"],"picked":"SKIP","floor":8},{"not_picked":["Sword Boomerang","Berserk","Body Slam"],"picked":"SKIP","floor":11},{"not_picked":["Blood for Blood","Wild Strike"],"picked":"True Grit","floor":12},{"not_picked":["Feed","Dark Embrace"],"picked":"Offering","floor":16},{"not_picked":["Bloodletting","Sword Boomerang+1","Pommel Strike"],"picked":"SKIP","floor":18},{"not_picked":["Heavy Blade","Infernal Blade","Sword Boomerang"],"picked":"SKIP","floor":20},{"not_picked":["Carnage","Uppercut+1","Rage"],"picked":"SKIP","floor":22},{"not_picked":["Perfected Strike","Anger"],"picked":"Thunderclap","floor":24},{"not_picked":["Carnage","Combust","Perfected Strike"],"picked":"SKIP","floor":28},{"not_picked":["Carnage","Combust","Perfected Strike"],"picked":"SKIP","floor":28},{"not_picked":["Carnage","Combust","Perfected Strike"],"picked":"SKIP","floor":28},{"not_picked":["Clash","Wild Strike+1","Anger"],"picked":"SKIP","floor":29},{"not_picked":["Fire Breathing","Carnage","Iron Wave"],"picked":"SKIP","floor":31},{"not_picked":["Warcry+1","Flex","Wild Strike+1"],"picked":"SKIP","floor":35},{"not_picked":["Entrench+1","Havoc+1","Twin Strike"],"picked":"SKIP","floor":36},{"not_picked":["Perfected Strike","True Grit","Burning Pact"],"picked":"SKIP","floor":39},{"not_picked":["Sword Boomerang+1","Spot Weakness+1","Infernal Blade+1"],"picked":"SKIP","floor":40},{"not_picked":["Headbutt","Shockwave","Shrug It Off"],"picked":"SKIP","floor":42},{"not_picked":["Dark Embrace","Carnage+1","Combust"],"picked":"SKIP","floor":44},{"not_picked":["Clash+1","Anger+1","Flex+1"],"picked":"SKIP","floor":45},{"not_picked":["Carnage+1","Metallicize","Pommel Strike+1"],"picked":"SKIP","floor":47},{"not_picked":["Uppercut","Shrug It Off+1","Twin Strike+1"],"picked":"SKIP","floor":48}],"player_experience":274310,"relics_obtained":[{"floor":6,"key":"Whetstone"},{"floor":9,"key":"Bag of Preparation"},{"floor":11,"key":"Bottled Lightning"},{"floor":26,"key":"Thread and Needle"},{"floor":27,"key":"Enchiridion"},{"floor":31,"key":"Art of War"},{"floor":42,"key":"Dream Catcher"},{"floor":43,"key":"Strawberry"},{"floor":44,"key":"Kunai"},{"floor":48,"key":"Dodecahedron"}],"event_choices":[{"event_name":"Transmorgrifier","player_choice":"Transform","floor":2,"damage_taken":0},{"event_name":"World of Goop","player_choice":"Gather Gold","floor":5,"damage_taken":0},{"event_name":"Shining Light","player_choice":"Entered Light","floor":14,"damage_taken":0},{"event_name":"Addict","player_choice":"Obtained Relic","floor":19,"damage_taken":0},{"event_name":"The Library","player_choice":"Heal","floor":21,"damage_taken":0},{"event_name":"Cursed Tome","player_choice":"Obtained Book","floor":27,"damage_taken":0},{"event_name":"Golden Shrine","player_choice":"Pray","floor":37,"damage_taken":0}],"boss_relics":[{"not_picked":["Eternal Feather","Cursed Key"],"picked":"Runic Pyramid"},{"not_picked":["Coffee Dripper","Philosopher\u0027s Stone"],"picked":"Pandora\u0027s Box"}],"items_purged_floors":[13,25,38,46],"is_endless":false,"potions_floor_spawned":[1,4,6,11,16,18,29,31,33,35,36,40,48],"ascension_level":6}