{"gold_per_floor":[111,111,111,124,143,143,158,187,211,226,226,240,266,282,282,381,431,451,469,469,20,33,33,44,44],"floor_reached":25,"playtime":1560,"items_purged":["Writhe"],"score":293,"play_id":"8870e0d0-38e6-4ffe-8b7e-965a91406c5c","local_time":"20190125090316","is_ascension_mode":true,"campfire_choices":[{"data":"Neutralize","floor":6,"key":"SMITH"},{"floor":11,"key":"REST"},{"data":"Leg Sweep","floor":15,"key":"SMITH"},{"floor":23,"key":"REST"}],"neow_cost":"NONE","seed_source_timestamp":462299486680797,"circlet_count":0,"master_deck":["Defend_G","Defend_G","Defend_G","Defend_G+1","Defend_G","Strike_G","Strike_G","Strike_G","Strike_G","Strike_G","Survivor+1","Neutralize+1","Dagger Throw","Mind Blast","Underhanded Strike","Noxious Fumes","Dagger Throw","Leg Sweep+1","Blur","Dagger Throw+1","Night Terror","Dash","Sucker Punch+1","Deadly Poison","Underhanded Strike","Dodge and Roll"],"relics":["Ring of the Snake","War Paint","Potion Belt","Juzu Bracelet","Tiny House","Letter Opener","Bottled Tornado"],"potions_floor_usage":[7,8,13,14,16,22,22,25],"damage_taken":[{"damage":0,"enemies":"2 Louse","floor":1,"turns":4},{"damage":0,"enemies":"Small Slimes","floor":4,"turns":4},{"damage":4,"enemies":"Cultist","floor":5,"turns":3},{"damage":0,"enemies":"3 Louse","floor":7,"turns":3},{"damage":12,"enemies":"3 Sentries","floor":8,"turns":8},{"damage":1,"enemies":"Red Slaver","floor":10,"turns":4},{"damage":0,"enemies":"Looter","floor":12,"turns":3},{"damage":11,"enemies":"Lagavulin","floor":13,"turns":5},{"damage":0,"enemies":"3 Louse","floor":14,"turns":2},{"damage":34,"enemies":"Hexaghost","floor":16,"turns":14},{"damage":12,"enemies":"Shell Parasite","floor":18,"turns":10},{"damage":33,"enemies":"Spheric Guardian","floor":19,"turns":8},{"damage":12,"enemies":"Centurion and Healer","floor":22,"turns":9},{"damage":27,"enemies":"Shelled Parasite and Fungi","floor":24,"turns":12},{"damage":12,"enemies":"3 Cultists","floor":25,"turns":3}],"seed_played":"2095201283980817946","potions_obtained":[{"floor":0,"key":"FearPotion"},{"floor":0,"key":"GhostInAJar"},{"floor":0,"key":"Dexterity Potion"},{"floor":8,"key":"SteroidPotion"},{"floor":13,"key":"Explosive Potion"},{"floor":17,"key":"SneckoOil"},{"floor":22,"key":"Swift Potion"},{"floor":24,"key":"PowerPotion"}],"is_trial":false,"path_per_floor":["M","?","?","M","M","R","M","E","T","M","R","M","E","M","R","B",null,"M","M","?","$","M","R","M","M"],"character_chosen":"THE_SILENT","items_purchased":["Bottled Tornado","Deadly Poison","Underhanded Strike","PowerPotion"],"campfire_rested":2,"item_purchase_floors":[21,21,21,21],"current_hp_per_floor":[63,68,68,68,64,64,64,52,52,51,73,73,62,62,62,28,68,56,23,23,23,11,35,8,0],"gold":44,"neow_bonus":"THREE_SMALL_POTIONS","is_prod":false,"is_daily":false,"chose_seed":false,"campfire_upgraded":2,"win_rate":0,"timestamp":1548428596,"path_taken":["M","?","?","M","M","R","M","E","T","M","R","M","E","M","R","BOSS","M","M","?","$","M","R","M","M"],"build_version":"2019-01-23","purchased_purges":1,"victory":false,"max_hp_per_floor":[70,75,75,75,75,75,75,75,75,75,75,75,75,75,75,75,80,80,80,80,80,80,80,80,80],"card_choices":[{"not_picked":["Calculated Gamble","Blade Dance"],"picked":"Dagger Throw","floor":1},{"not_picked":["Backflip","Dagger Throw"],"picked":"Underhanded Strike","floor":4},{"not_picked":["Deflect","Quick Slash"],"picked":"Noxious Fumes","floor":5},{"not_picked":["Deflect","PiercingWail"],"picked":"Dagger Throw","floor":7},{"not_picked":["Malaise","Reflex"],"picked":"Leg Sweep","floor":8},{"not_picked":["Dodge and Roll","Setup","Dagger Throw"],"picked":"SKIP","floor":10},{"not_picked":["Choke","Bane","Outmaneuver"],"picked":"SKIP","floor":12},{"not_picked":["Calculated Gamble","Underhanded Strike"],"picked":"Blur","floor":13},{"not_picked":["Cloak And Dagger","Slice"],"picked":"Dagger Throw","floor":14},{"not_picked":["Tools of the Trade","A Thousand Cuts"],"picked":"Night Terror","floor":16},{"not_picked":["Deadly Poison","Cloak And Dagger"],"picked":"Dash","floor":18},{"not_picked":["Setup","Cloak And Dagger"],"picked":"Sucker Punch+1","floor":19},{"not_picked":["Underhanded Strike","Deflect","Prepared"],"picked":"SKIP","floor":22},{"not_picked":["Acrobatics","Deflect"],"picked":"Dodge and Roll","floor":24}],"player_experience":638809,"relics_obtained":[{"floor":8,"key":"War Paint"},{"floor":9,"key":"Potion Belt"},{"floor":13,"key":"Juzu Bracelet"}],"event_choices":[{"damage_healed":0,"gold_gain":0,"player_choice":"Donut","damage_taken":0,"max_hp_gain":5,"max_hp_loss":0,"event_name":"Big Fish","floor":2,"gold_loss":0},{"damage_healed":0,"gold_gain":0,"player_choice":"1 cards matched","damage_taken":0,"max_hp_gain":0,"max_hp_loss":0,"event_name":"Match and Keep!","floor":3,"gold_loss":0,"cards_obtained":["Mind Blast"]},{"damage_healed":0,"gold_gain":0,"player_choice":"Opened","damage_taken":0,"relics_obtained":["Letter Opener"],"max_hp_gain":0,"max_hp_loss":0,"event_name":"The Mausoleum","floor":20,"gold_loss":0,"cards_obtained":["Writhe"]}],"is_beta":true,"boss_relics":[{"not_picked":["Eternal Feather","Empty Cage"],"picked":"Tiny House"}],"items_purged_floors":[21],"is_endless":false,"potions_floor_spawned":[4,8,13,22,24],"killed_by":"3 Cultists","ascension_level":7}