{"gold_per_floor":[361,2,2,2,77,77,108,124,148,148],"floor_reached":10,"playtime":363,"items_purged":["Strike_R"],"score":109,"play_id":"2ccd674a-6505-4b9d-8eb9-59ad672fb310","local_time":"20190116204919","is_ascension_mode":true,"campfire_choices":[{"floor":6,"key":"REST"}],"neow_cost":"TEN_PERCENT_HP_LOSS","seed_source_timestamp":667383678472390,"circlet_count":0,"master_deck":["AscendersBane","Strike_R","Strike_R","Strike_R","Defend_R","Defend_R","Defend_R","Defend_R","Bash","Battle Trance","Dropkick","Shrug It Off","Panache","Fire Breathing","Shrug It Off"],"relics":["Burning Blood","Mummified Hand","Bronze Scales"],"potions_floor_usage":[10],"damage_taken":[{"damage":10,"enemies":"Small Slimes","floor":1,"turns":4},{"damage":39,"enemies":"Gremlin Nob","floor":7,"turns":5},{"damage":6,"enemies":"2 Louse","floor":8,"turns":2},{"damage":40,"enemies":"3 Sentries","floor":10,"turns":6}],"seed_played":"3594996673611909760","potions_obtained":[{"floor":7,"key":"Block Potion"}],"is_trial":false,"path_per_floor":["M","$","?","?","?","R","E","M","T","E"],"character_chosen":"IRONCLAD","items_purchased":["Dropkick","Shrug It Off","Panache"],"campfire_rested":1,"item_purchase_floors":[2,2,2],"current_hp_per_floor":[64,64,69,62,51,72,39,39,39,0],"gold":148,"neow_bonus":"TWO_FIFTY_GOLD","is_prod":false,"is_daily":false,"chose_seed":false,"campfire_upgraded":0,"win_rate":0,"timestamp":1547689759,"path_taken":["M","$","?","?","?","R","E","M","T","E"],"build_version":"2019-01-10","purchased_purges":1,"victory":false,"max_hp_per_floor":[68,68,73,73,73,73,73,73,73,73],"card_choices":[{"not_picked":["Clash","Pommel Strike"],"picked":"Battle Trance","floor":1},{"not_picked":["Ghostly Armor","Twin Strike"],"picked":"Fire Breathing","floor":7},{"not_picked":["Havoc","Power Through"],"picked":"Shrug It Off","floor":8}],"player_experience":2137685,"relics_obtained":[{"floor":7,"key":"Mummified Hand"},{"floor":9,"key":"Bronze Scales"}],"event_choices":[{"damage_healed":0,"gold_gain":0,"player_choice":"Donut","damage_taken":0,"max_hp_gain":5,"max_hp_loss":0,"event_name":"Big Fish","floor":3,"gold_loss":0},{"cards_removed":["Strike_R"],"damage_healed":0,"gold_gain":0,"player_choice":"Card Removal","damage_taken":7,"max_hp_gain":0,"max_hp_loss":0,"event_name":"Golden Wing","floor":4,"gold_loss":0},{"damage_healed":0,"gold_gain":75,"player_choice":"Gather Gold","damage_taken":11,"max_hp_gain":0,"max_hp_loss":0,"event_name":"World of Goop","floor":5,"gold_loss":0}],"is_beta":false,"boss_relics":[],"items_purged_floors":[2],"is_endless":false,"potions_floor_spawned":[7],"killed_by":"3 Sentries","ascension_level":14}