{"path_per_floor":["M","M","?","?","?","R","E","R","T","M","M","R","M","E","R"],"character_chosen":"IRONCLAD","items_purchased":[],"gold_per_floor":[110,124,124,124,299,299,324,324,350,370,381,381,397,425,425,425],"floor_reached":16,"campfire_rested":2,"playtime":547,"current_hp_per_floor":[77,80,80,80,80,80,11,50,50,51,48,80,79,80,80,0],"items_purged":[],"gold":425,"score":116,"play_id":"ae90fd41-6387-45e7-a76c-24e59d63a71f","local_time":"20180326131335","is_prod":false,"is_daily":false,"is_ascension_mode":true,"campfire_upgraded":2,"timestamp":1522062815,"path_taken":["M","M","?","?","?","R","E","R","T","M","M","R","?","E","R","BOSS"],"build_version":"2018-03-22v2","purchased_purges":0,"victory":false,"master_deck":["Strike_R","Strike_R","Strike_R","Strike_R","Strike_R","Defend_R","Defend_R","Defend_R","Defend_R","Bash","Berserk","Reaper","Searing Blow+2","Doubt","Flex","Shrug It Off","Battle Trance","Pommel Strike","Seeing Red","Rampage+1"],"max_hp_per_floor":[80,80,80,80,80,80,80,80,80,80,80,80,80,80,80,80],"relics":["Burning Blood","Regal Pillow","Dream Catcher","Dodecahedron"],"card_choices":[{"not_picked":["Clothesline","Blood for Blood"],"picked":"Reaper","floor":1},{"not_picked":["Heavy Blade","Evolve"],"picked":"Searing Blow","floor":2},{"not_picked":["Wild Strike","Reckless Charge"],"picked":"Flex","floor":7},{"not_picked":["Wild Strike","Sentinel"],"picked":"Shrug It Off","floor":10},{"not_picked":["Blood for Blood","Warcry"],"picked":"Battle Trance","floor":11},{"not_picked":["Body Slam","Cleave"],"picked":"Pommel Strike","floor":12},{"not_picked":["Perfected Strike","Uppercut"],"picked":"Seeing Red","floor":13},{"not_picked":["Clash","Ghostly Armor"],"picked":"Rampage","floor":14}],"player_experience":187930,"potions_floor_usage":[7,13,14,16],"damage_taken":[{"damage":9,"enemies":"2 Louse","floor":1,"turns":3},{"damage":5,"enemies":"Small Slimes","floor":2,"turns":5},{"damage":75,"enemies":"Gremlin Nob","floor":7,"turns":6},{"damage":5,"enemies":"Jaw Worm","floor":10,"turns":4},{"damage":9,"enemies":"Blue Slaver","floor":11,"turns":4},{"damage":7,"enemies":"2 Fungi Beasts","floor":13,"turns":4},{"damage":4,"enemies":"3 Sentries","floor":14,"turns":7},{"damage":82,"enemies":"The Guardian","floor":16,"turns":11}],"event_choices":[{"event_name":"The Cleric","player_choice":"Leave","floor":3,"damage_taken":0},{"event_name":"Living Wall","player_choice":"Grow","floor":4,"damage_taken":0},{"event_name":"Liars Game","player_choice":"agreed","floor":5,"damage_taken":0}],"boss_relics":[],"potions_floor_spawned":[1,7,10,13],"seed_played":"-1587860146702333747","killed_by":"The Guardian","ascension_level":1,"is_trial":false}