{"gold_per_floor":[113,133,133,148,165,195,195,98,98,159,159,177,195,195,195,300,300,317,217,232,107,107,107,141,141,141,160,160,171,199,217,217,217],"floor_reached":33,"playtime":2854,"items_purged":["Dualcast","Strike_B","Strike_B"],"score":342,"play_id":"f223abf8-762c-4bee-9fec-1f7a6b435690","local_time":"20180628135544","is_ascension_mode":true,"campfire_choices":[{"floor":7,"key":"DIG"},{"floor":11,"key":"REST"},{"floor":15,"key":"DIG"},{"floor":23,"key":"DIG"},{"floor":25,"key":"DIG"},{"floor":32,"key":"DIG"}],"neow_cost":"TEN_PERCENT_HP_LOSS","seed_source_timestamp":144275301033087,"circlet_count":0,"master_deck":["Strike_B","Strike_B","Defend_B","Defend_B","Defend_B","Defend_B","Zap","Echo Form","Hologram","Undo","Ball Lightning","Thunder Strike","Ball Lightning","Cold Snap","Glacier","Genetic Algorithm","Seek","Steam","Ball Lightning","Double Energy","Reinforced Body"],"relics":["Cracked Core","Shovel","Pantograph","Dead Branch","Tiny Chest","Potion Belt","Coffee Dripper","Blood Vial","Unceasing Top","Pen Nib","Lantern","Vajra","Cables","Bag of Preparation"],"potions_floor_usage":[12,24,30,30,30,30,33],"damage_taken":[{"damage":3,"enemies":"Small Slimes","floor":1,"turns":3},{"damage":0,"enemies":"Cultist","floor":2,"turns":3},{"damage":13,"enemies":"Jaw Worm","floor":4,"turns":5},{"damage":3,"enemies":"Blue Slaver","floor":5,"turns":5},{"damage":35,"enemies":"3 Sentries","floor":6,"turns":7},{"damage":13,"enemies":"Gremlin Nob","floor":10,"turns":4},{"damage":1,"enemies":"Red Slaver","floor":12,"turns":4},{"damage":0,"enemies":"2 Fungi Beasts","floor":13,"turns":2},{"damage":23,"enemies":"Slime Boss","floor":16,"turns":9},{"damage":0,"enemies":"Chosen","floor":18,"turns":4},{"damage":0,"enemies":"Spheric Guardian","floor":20,"turns":3},{"damage":36,"enemies":"Book of Stabbing","floor":24,"turns":10},{"damage":19,"enemies":"Chosen and Byrds","floor":27,"turns":5},{"damage":0,"enemies":"Snake Plant","floor":29,"turns":5},{"damage":15,"enemies":"Slavers","floor":30,"turns":4},{"damage":0,"enemies":"3 Cultists","floor":31,"turns":4},{"damage":35,"enemies":"Collector","floor":33,"turns":8}],"seed_played":"2732970786016549347","potions_obtained":[{"floor":10,"key":"Block Potion"},{"floor":12,"key":"GamblersBrew"},{"floor":13,"key":"SkillPotion"},{"floor":16,"key":"Ancient Potion"},{"floor":24,"key":"LiquidBronze"},{"floor":27,"key":"AttackPotion"},{"floor":29,"key":"Explosive Potion"}],"is_trial":false,"path_per_floor":["M","M","?","M","M","E","R","$","T","E","R","M","M","?","R","B",null,"M","$","M","$","?","R","E","R","T","M","T","M","E","M","R"],"character_chosen":"DEFECT","items_purchased":["Cold Snap"],"campfire_rested":1,"item_purchase_floors":[8],"current_hp_per_floor":[65,65,65,52,49,14,14,14,14,1,21,20,20,20,20,22,68,68,68,68,68,68,68,32,32,32,15,15,17,4,6,6,0],"gold":217,"neow_bonus":"THREE_RARE_CARDS","is_prod":false,"is_daily":false,"chose_seed":false,"campfire_upgraded":0,"win_rate":0,"timestamp":1530212144,"path_taken":["M","M","?","M","M","E","R","$","T","E","R","M","M","?","R","BOSS","M","$","M","$","?","R","E","R","T","M","?","M","E","M","R","BOSS"],"build_version":"2018-06-27","purchased_purges":3,"victory":false,"max_hp_per_floor":[68,68,68,68,68,68,68,68,68,68,68,68,68,68,68,68,68,68,68,68,68,68,68,68,68,68,68,68,68,68,68,68,68],"card_choices":[{"not_picked":["Core Surge","Thunder Strike"],"picked":"Echo Form","floor":0},{"not_picked":["Stack","Turbo"],"picked":"Hologram","floor":1},{"not_picked":["Darkness","Redo"],"picked":"Undo","floor":2},{"not_picked":["White Noise","Storm"],"picked":"Ball Lightning","floor":4},{"not_picked":["Gash","Steam Power"],"picked":"Thunder Strike","floor":5},{"not_picked":["Darkness","Undo"],"picked":"Ball Lightning","floor":6},{"not_picked":["Recycle","Chaos"],"picked":"Glacier","floor":10},{"not_picked":["Ball Lightning","Compile Driver"],"picked":"Genetic Algorithm","floor":12},{"not_picked":["Coolheaded","Capacitor","Compile Driver"],"picked":"SKIP","floor":13},{"not_picked":["All For One","Machine Learning"],"picked":"Seek","floor":16},{"not_picked":["Stack","Double Energy"],"picked":"Steam","floor":18},{"not_picked":["Coolheaded","Rebound","Go for the Eyes"],"picked":"SKIP","floor":20},{"not_picked":["Barrage","Scrape"],"picked":"Ball Lightning","floor":24},{"not_picked":["Barrage","Beam Cell","Leap+1"],"picked":"SKIP","floor":27},{"not_picked":["Skim+1","Go for the Eyes","Chaos"],"picked":"SKIP","floor":29},{"not_picked":["Aggregate","Ball Lightning"],"picked":"Double Energy","floor":30},{"not_picked":["Aggregate+1","Barrage"],"picked":"Reinforced Body","floor":31}],"player_experience":153612,"relics_obtained":[{"floor":6,"key":"Shovel"},{"floor":7,"key":"Pantograph"},{"floor":9,"key":"Dead Branch"},{"floor":10,"key":"Tiny Chest"},{"floor":15,"key":"Potion Belt"},{"floor":23,"key":"Blood Vial"},{"floor":24,"key":"Unceasing Top"},{"floor":25,"key":"Pen Nib"},{"floor":26,"key":"Lantern"},{"floor":28,"key":"Vajra"},{"floor":30,"key":"Cables"},{"floor":32,"key":"Bag of Preparation"}],"event_choices":[{"event_name":"Wheel of Change","player_choice":"Curse","floor":3,"damage_taken":0},{"event_name":"Fountain of Cleansing","player_choice":"Removed Curse","floor":14,"damage_taken":0},{"event_name":"Vampires","player_choice":"Ignored","floor":22,"damage_taken":0}],"boss_relics":[{"not_picked":["Nuclear Battery","Eternal Feather"],"picked":"Coffee Dripper"}],"items_purged_floors":[8,19,21],"is_endless":false,"potions_floor_spawned":[10,12,13,16,24,27,29],"killed_by":"Collector","ascension_level":3}