{"path_per_floor":["M","M","$","?","M","R","?","?","T","T","E","M","$","?","R","B",null,"M","$","?","M","T","R","E","R","T","?","M","M","M","$","R"],"character_chosen":"DEFECT","items_purchased":["Static Discharge"],"gold_per_floor":[117,132,54,54,65,65,15,15,15,69,98,111,36,36,36,140,140,158,58,58,69,69,69,103,103,103,103,119,137,149,24,24,24],"floor_reached":33,"campfire_rested":4,"playtime":2261,"item_purchase_floors":[3],"current_hp_per_floor":[65,61,61,66,60,60,60,80,80,80,37,28,28,21,45,24,80,50,50,50,39,39,62,34,57,57,57,23,16,15,15,38,0],"items_purged":["Strike_B","Parasite","Strike_B"],"gold":24,"score":263,"play_id":"f4f37fbf-b807-4665-8dc4-6a700d0a52d1","local_time":"20180603152014","is_prod":false,"is_daily":false,"chose_seed":false,"is_ascension_mode":false,"campfire_upgraded":1,"win_rate":0,"timestamp":1528053614,"campfire_choices":[{"data":"Static Discharge","floor":6,"key":"SMITH"},{"floor":15,"key":"REST"},{"floor":23,"key":"REST"},{"floor":25,"key":"REST"},{"floor":32,"key":"REST"}],"path_taken":["M","M","$","?","M","R","?","?","T","?","E","?","$","?","R","BOSS","M","$","?","?","?","R","E","R","T","?","M","M","?","$","R","BOSS"],"build_version":"2018-05-31","seed_source_timestamp":247456811724895,"purchased_purges":3,"victory":false,"master_deck":["Defend_B","Defend_B","Defend_B","Defend_B","Zap","Dualcast","Fission","Stack","Lockon+1","Static Discharge+1","Melter+1","Capacitor","Steam","Echo Form","Coolheaded+1","Cold Snap","Glacier","Steam","Machine Learning+1","Steam"],"max_hp_per_floor":[75,75,75,80,80,80,80,80,80,80,80,80,80,80,80,80,80,80,77,77,77,77,77,77,77,77,77,77,77,77,77,77,77],"relics":["Cracked Core","Torii","Tiny Chest","Bag of Preparation","Black Star","Dodecahedron","Omamori","Frozen Egg 2","Nloth\u0027s Gift"],"card_choices":[{"not_picked":["Blizzard","Beam Cell"],"picked":"Stack","floor":1},{"not_picked":["Go for the Eyes","Coolheaded"],"picked":"Lockon","floor":2},{"not_picked":["Steam","Go for the Eyes"],"picked":"Melter","floor":5},{"not_picked":["White Noise","Double Energy"],"picked":"Capacitor","floor":11},{"not_picked":["Sweeping Beam","Streamline"],"picked":"Steam","floor":12},{"not_picked":["Biased Cognition","Fission"],"picked":"Echo Form","floor":16},{"not_picked":["Melter+1","FTL"],"picked":"Coolheaded+1","floor":18},{"not_picked":["Sunder","Ball Lightning"],"picked":"Cold Snap","floor":21},{"not_picked":["Compile Driver","Ball Lightning"],"picked":"Glacier","floor":24},{"not_picked":["Sunder","Turbo"],"picked":"Steam","floor":28},{"not_picked":["Ball Lightning+1","FTL+1"],"picked":"Machine Learning+1","floor":29},{"not_picked":["Go for the Eyes+1","Sunder"],"picked":"Steam","floor":30}],"player_experience":284927,"potions_floor_usage":[5,24,33],"damage_taken":[{"damage":10,"enemies":"Cultist","floor":1,"turns":4},{"damage":4,"enemies":"2 Louse","floor":2,"turns":3},{"damage":6,"enemies":"Jaw Worm","floor":5,"turns":4},{"damage":43,"enemies":"Gremlin Nob","floor":11,"turns":4},{"damage":9,"enemies":"Blue Slaver","floor":12,"turns":4},{"damage":21,"enemies":"Hexaghost","floor":16,"turns":9},{"damage":30,"enemies":"2 Thieves","floor":18,"turns":4},{"damage":11,"enemies":"Spheric Guardian","floor":21,"turns":3},{"damage":28,"enemies":"Slavers","floor":24,"turns":5},{"damage":34,"enemies":"Cultist and Chosen","floor":28,"turns":7},{"damage":7,"enemies":"Snecko","floor":29,"turns":8},{"damage":1,"enemies":"Sentry and Sphere","floor":30,"turns":5},{"damage":39,"enemies":"Automaton","floor":33,"turns":10}],"relics_obtained":[{"floor":9,"key":"Torii"},{"floor":10,"key":"Tiny Chest"},{"floor":11,"key":"Bag of Preparation"},{"floor":22,"key":"Dodecahedron"},{"floor":24,"key":"Omamori"},{"floor":24,"key":"Whetstone"},{"floor":26,"key":"Frozen Egg 2"}],"event_choices":[{"event_name":"Big Fish","player_choice":"Donut","floor":4,"damage_taken":0},{"event_name":"The Cleric","player_choice":"Card Removal","floor":7,"damage_taken":0},{"event_name":"Mushrooms","player_choice":"Healed and dodged fight","floor":8,"damage_taken":0},{"event_name":"Golden Wing","player_choice":"Card Removal","floor":14,"damage_taken":0},{"event_name":"Vampires","player_choice":"Ignored","floor":20,"damage_taken":0},{"event_name":"N\u0027loth","player_choice":"Traded a Whetstone","floor":27,"damage_taken":0}],"boss_relics":[{"not_picked":["Runic Dome","Tiny House"],"picked":"Black Star"}],"items_purged_floors":[13,19,31],"potions_floor_spawned":[1,18,30],"seed_played":"6177780713931915475","killed_by":"Automaton","ascension_level":0,"potions_obtained":[{"floor":1,"key":"AttackPotion"},{"floor":18,"key":"FocusPotion"},{"floor":30,"key":"Swift Potion"}],"is_trial":false}