{"gold_per_floor":[111,122,122,133,99,99,109,109,133,167,178,178,196,209,209,209],"floor_reached":16,"playtime":1025,"items_purged":[],"score":135,"play_id":"ff8be0a4-16c9-45d8-80ac-17b20122c1cf","local_time":"20180625220117","is_ascension_mode":true,"campfire_choices":[{"floor":6,"key":"REST"},{"floor":12,"key":"REST"},{"floor":15,"key":"REST"}],"neow_cost":"NONE","seed_source_timestamp":94555039793165,"circlet_count":0,"master_deck":["Strike_B","Strike_B","Defend_B","Defend_B","Defend_B","Defend_B","Zap+1","Dualcast","Leap","Beam Cell","Coolheaded","Capacitor","Coolheaded","Doom and Gloom","Leap"],"relics":["Empty Cage","Strawberry","Lantern"],"potions_floor_usage":[16],"damage_taken":[{"damage":10,"enemies":"Cultist","floor":1,"turns":4},{"damage":6,"enemies":"2 Louse","floor":2,"turns":2},{"damage":3,"enemies":"Jaw Worm","floor":4,"turns":4},{"damage":7,"enemies":"Blue Slaver","floor":7,"turns":5},{"damage":34,"enemies":"Lagavulin","floor":10,"turns":10},{"damage":24,"enemies":"Gremlin Gang","floor":11,"turns":8},{"damage":9,"enemies":"Looter","floor":13,"turns":4},{"damage":13,"enemies":"Exordium Thugs","floor":14,"turns":5},{"damage":52,"enemies":"The Guardian","floor":16,"turns":8}],"seed_played":"-4755141645437176770","potions_obtained":[{"floor":1,"key":"SkillPotion"},{"floor":4,"key":"SteroidPotion"},{"floor":11,"key":"Swift Potion"}],"is_trial":false,"path_per_floor":["M","M","?","M","$","R","M","?","T","E","M","R","M","M","R"],"character_chosen":"DEFECT","items_purchased":["Capacitor"],"campfire_rested":3,"item_purchase_floors":[5],"current_hp_per_floor":[58,52,52,49,49,71,64,64,71,37,13,37,28,15,39,0],"gold":209,"neow_bonus":"BOSS_RELIC","is_prod":false,"is_daily":false,"chose_seed":false,"campfire_upgraded":0,"win_rate":0,"timestamp":1529978477,"path_taken":["M","?","?","M","$","R","?","?","T","E","M","R","?","M","R","BOSS"],"build_version":"2018-06-21v2","purchased_purges":0,"victory":false,"max_hp_per_floor":[75,75,75,75,75,75,75,75,82,82,82,82,82,82,82,82],"card_choices":[{"not_picked":["Skim","Undo"],"picked":"Leap","floor":1},{"not_picked":["Stack","Hologram"],"picked":"Beam Cell","floor":2},{"not_picked":["Conserve Battery","Hologram"],"picked":"Coolheaded","floor":4},{"not_picked":["Rebound","Ball Lightning"],"picked":"Coolheaded","floor":7},{"not_picked":["Meteor Strike","Aggregate","Coolheaded"],"picked":"SKIP","floor":10},{"not_picked":["Compile Driver","Streamline"],"picked":"Doom and Gloom","floor":11},{"not_picked":["Heatsinks","Sweeping Beam"],"picked":"Leap","floor":13},{"not_picked":["Rebound","Beam Cell","Doom and Gloom"],"picked":"SKIP","floor":14}],"player_experience":773630,"relics_obtained":[{"floor":9,"key":"Strawberry"},{"floor":10,"key":"Lantern"}],"event_choices":[{"event_name":"Living Wall","player_choice":"Grow","floor":3,"damage_taken":0},{"event_name":"The Woman in Blue","player_choice":"Bought 0 Potions","floor":8,"damage_taken":0}],"boss_relics":[],"items_purged_floors":[],"is_endless":false,"potions_floor_spawned":[1,4,11],"killed_by":"The Guardian","ascension_level":6}