{"path_per_floor":["M","$","?","M","$","R","?","$","T","R","M","?","M","M","R"],"character_chosen":"IRONCLAD","items_purchased":["Flex"],"gold_per_floor":[112,37,37,54,54,54,54,32,32,32,48,148,159,178,178,178],"floor_reached":16,"campfire_rested":0,"playtime":382,"item_purchase_floors":[8],"current_hp_per_floor":[76,76,76,72,72,72,72,72,72,72,78,78,78,80,80,0],"items_purged":["Strike_R"],"gold":178,"score":90,"play_id":"cc286778-955b-4df2-aaf8-b8409a49c378","local_time":"20180611185759","is_prod":false,"is_daily":false,"chose_seed":false,"is_ascension_mode":false,"campfire_upgraded":3,"win_rate":0,"timestamp":1528761479,"campfire_choices":[{"data":"Cleave","floor":6,"key":"SMITH"},{"data":"Flex","floor":10,"key":"SMITH"},{"data":"Thunderclap","floor":15,"key":"SMITH"}],"path_taken":["M","$","?","M","?","R","?","$","T","R","?","?","?","M","R","BOSS"],"build_version":"2018-06-08","seed_source_timestamp":605960886807635,"purchased_purges":1,"victory":false,"master_deck":["Strike_R","Strike_R","Strike_R","Strike_R","Defend_R","Defend_R","Defend_R","Bash","Cleave+1","Flex+1","Thunderclap+1"],"max_hp_per_floor":[80,80,80,80,80,80,80,80,80,80,80,80,80,80,80,80],"relics":["Burning Blood","Bag of Preparation","Gremlin Horn"],"card_choices":[{"not_picked":["Havoc","Metallicize"],"picked":"Cleave","floor":1},{"not_picked":["Wild Strike","Warcry","Bloodletting"],"picked":"SKIP","floor":4},{"not_picked":["Headbutt","Armaments","Burning Pact"],"picked":"SKIP","floor":11},{"not_picked":["Body Slam","Ghostly Armor"],"picked":"Thunderclap","floor":13},{"not_picked":["Uppercut","Shrug It Off","Searing Blow"],"picked":"SKIP","floor":14}],"player_experience":196792,"potions_floor_usage":[13,16],"damage_taken":[{"damage":10,"enemies":"Jaw Worm","floor":1,"turns":7},{"damage":10,"enemies":"Small Slimes","floor":4,"turns":3},{"damage":0,"enemies":"Cultist","floor":11,"turns":2},{"damage":6,"enemies":"Exordium Wildlife","floor":13,"turns":3},{"damage":0,"enemies":"Lots of Slimes","floor":14,"turns":1},{"damage":80,"enemies":"Hexaghost","floor":16,"turns":9}],"relics_obtained":[{"floor":9,"key":"Gremlin Horn"}],"event_choices":[{"event_name":"Living Wall","player_choice":"Forget","floor":3,"damage_taken":0},{"event_name":"The Woman in Blue","player_choice":"Bought 0 Potions","floor":7,"damage_taken":0},{"event_name":"Golden Shrine","player_choice":"Pray","floor":12,"damage_taken":0}],"boss_relics":[],"items_purged_floors":[2],"potions_floor_spawned":[4,14],"seed_played":"8688064417919864795","killed_by":"Hexaghost","ascension_level":0,"potions_obtained":[{"floor":4,"key":"SkillPotion"},{"floor":14,"key":"SkillPotion"}],"is_trial":false}