{"gold_per_floor":[112,123,48,62,78,105,105,185,236,236,256,269,298,330,342,450,462,491,52,69,69,82,82,144,144,144,161,161,180,180],"floor_reached":30,"playtime":1478,"items_purged":["Regret","Strike_R"],"score":275,"play_id":"0722e317-d1cb-49cf-b986-e1eb9c0f49a6","local_time":"20181003235006","is_ascension_mode":true,"campfire_choices":[{"data":"Iron Wave","floor":7.0,"key":"SMITH"},{"floor":10.0,"key":"REST"},{"data":"Barricade","floor":15.0,"key":"SMITH"},{"data":"True Grit","floor":23,"key":"SMITH"},{"floor":25,"key":"REST"},{"floor":28,"key":"REST"}],"neow_cost":"CURSE","seed_source_timestamp":0,"circlet_count":0,"master_deck":["Strike_R","Strike_R","Strike_R","Strike_R","Defend_R","Defend_R","Defend_R","Defend_R","Bash","Pommel Strike","Wild Strike","Clothesline","Disarm","Iron Wave+1","Barricade+1","Spot Weakness","Sword Boomerang","Reaper","Flex","True Grit+1","Pummel","Clothesline"],"special_seed":0,"relics":["Burning Blood","Nunchaku","Dodecahedron","Ancient Tea Set","MawBank","Odd Mushroom","Snecko Eye","Incense Burner","Tiny Chest","The Courier"],"potions_floor_usage":[24,29],"damage_taken":[{"damage":12.0,"enemies":"2 Louse","floor":1.0,"turns":3.0},{"damage":4.0,"enemies":"Small Slimes","floor":2.0,"turns":4.0},{"damage":1.0,"enemies":"Jaw Worm","floor":4.0,"turns":3.0},{"damage":1.0,"enemies":"3 Louse","floor":5.0,"turns":2.0},{"damage":32.0,"enemies":"Lagavulin","floor":6.0,"turns":7.0},{"damage":1.0,"enemies":"2 Fungi Beasts","floor":11.0,"turns":3.0},{"damage":2.0,"enemies":"Looter","floor":12.0,"turns":3.0},{"damage":21.0,"enemies":"Gremlin Nob","floor":13.0,"turns":5.0},{"damage":14.0,"enemies":"The Mushroom Lair","floor":14.0,"turns":4.0},{"damage":40.0,"enemies":"The Guardian","floor":16.0,"turns":14.0},{"damage":20.0,"enemies":"2 Thieves","floor":18.0,"turns":4.0},{"damage":25,"enemies":"3 Byrds","floor":20,"turns":5},{"damage":18,"enemies":"Shelled Parasite and Fungi","floor":22,"turns":6},{"damage":42,"enemies":"Book of Stabbing","floor":24,"turns":6},{"damage":28,"enemies":"Sentry and Sphere","floor":27,"turns":6},{"damage":13,"enemies":"Snake Plant","floor":29,"turns":6},{"damage":76,"enemies":"Gremlin Leader","floor":30,"turns":10}],"seed_played":"4749792811401955913","potions_obtained":[{"floor":1.0,"key":"Explosive Potion"},{"floor":5.0,"key":"LiquidBronze"},{"floor":13.0,"key":"GamblersBrew"},{"floor":14.0,"key":"SpeedPotion"},{"floor":20,"key":"SpeedPotion"},{"floor":27,"key":"SpeedPotion"}],"is_trial":false,"path_per_floor":["M","M","$","M","M","E","R","?","T","R","M","M","E","?","R","B",null,"M","$","M","?","M","R","E","R","T","M","R","M"],"character_chosen":"IRONCLAD","items_purchased":["Incense Burner","True Grit"],"campfire_rested":3,"item_purchase_floors":[19,19],"current_hp_per_floor":[74,76,76,80,80,54,54,54,54,78,80,80,65,57,57,23,80,70,70,59,59,54,54,28,52,52,33,57,56,0],"gold":180,"neow_bonus":"ONE_RARE_RELIC","is_prod":false,"is_daily":false,"chose_seed":false,"campfire_upgraded":3,"win_rate":0,"timestamp":1538628606,"path_taken":["M","M","$","M","M","E","R","?","T","R","M","M","E","?","R","BOSS","M","$","M","?","M","R","E","R","T","M","R","M","E"],"build_version":"2018-09-27","purchased_purges":2,"victory":false,"max_hp_per_floor":[80,80,80,80,80,80,80,80,80,80,80,80,80,80,80,80,80,80,80,80,80,80,80,80,80,80,80,80,80,80],"card_choices":[{"not_picked":["Seeing Red","Evolve"],"picked":"Pommel Strike","floor":1.0},{"not_picked":["Hemokinesis","Pommel Strike"],"picked":"Wild Strike","floor":2.0},{"not_picked":["Heavy Blade","Wild Strike"],"picked":"Clothesline","floor":4.0},{"not_picked":["Perfected Strike","Pommel Strike"],"picked":"Disarm","floor":5.0},{"not_picked":["Perfected Strike","Wild Strike"],"picked":"Iron Wave","floor":6.0},{"not_picked":["True Grit","Whirlwind"],"picked":"Barricade","floor":11.0},{"not_picked":["Anger","Carnage"],"picked":"Spot Weakness","floor":12.0},{"not_picked":["Dual Wield","Feel No Pain","Hemokinesis"],"picked":"SKIP","floor":13.0},{"not_picked":["Twin Strike","Corruption"],"picked":"Sword Boomerang","floor":14.0},{"not_picked":["Brutality","Dark Embrace"],"picked":"Reaper","floor":16.0},{"not_picked":["Clothesline","Pommel Strike+1"],"picked":"Flex","floor":18.0},{"not_picked":["Bloodletting","True Grit"],"picked":"Pummel","floor":20},{"not_picked":["Intimidate","Flex+1","Pummel"],"picked":"SKIP","floor":22},{"not_picked":["Warcry","Pommel Strike","Burning Pact"],"picked":"SKIP","floor":24},{"not_picked":["Sword Boomerang","Shrug It Off"],"picked":"Clothesline","floor":27},{"not_picked":["Havoc+1","Clash+1","Iron Wave+1"],"picked":"SKIP","floor":29}],"player_experience":709173,"relics_obtained":[{"floor":6.0,"key":"Dodecahedron"},{"floor":9.0,"key":"Ancient Tea Set"},{"floor":13.0,"key":"MawBank"},{"floor":14.0,"key":"Odd Mushroom"},{"floor":24,"key":"Tiny Chest"},{"floor":26,"key":"The Courier"}],"event_choices":[{"event_name":"Golden Wing","player_choice":"Gained Gold","floor":8.0,"damage_taken":0.0},{"event_name":"Mushrooms","player_choice":"Fought Mushrooms","floor":14.0,"damage_taken":0.0},{"event_name":"Beggar","player_choice":"Ignored","floor":21,"damage_taken":0}],"is_beta":false,"boss_relics":[{"not_picked":["Empty Cage","Eternal Feather"],"picked":"Snecko Eye"}],"items_purged_floors":[3,19],"is_endless":false,"potions_floor_spawned":[1,5,13,14,20,27],"killed_by":"Gremlin Leader","ascension_level":1}