{"gold_per_floor":[110,127,139,89,14,39,60,60,60,77,103,103,123,23,23,23],"floor_reached":16,"playtime":1343,"items_purged":["Strike_R","Strike_R"],"score":132,"play_id":"22ab5f40-4d8d-4e1d-8a68-0706f9ee6869","local_time":"20190213080543","is_ascension_mode":true,"campfire_choices":[{"data":"Flame Barrier","floor":15,"key":"SMITH"}],"neow_cost":"NONE","seed_source_timestamp":51230938920725,"circlet_count":0,"master_deck":["Strike_R","Strike_R","Strike_R","Defend_R","Defend_R","Defend_R","Bash+1","Iron Wave","Battle Trance","Clothesline","Flame Barrier+1","Iron Wave","Ghostly Armor"],"relics":["Burning Blood","Bottled Lightning","Odd Mushroom","Juzu Bracelet","Dodecahedron"],"potions_floor_usage":[6,7,11,11,16,16],"damage_taken":[{"damage":4,"enemies":"2 Louse","floor":1,"turns":4},{"damage":14,"enemies":"Jaw Worm","floor":2,"turns":5},{"damage":0,"enemies":"Small Slimes","floor":3,"turns":5},{"damage":28,"enemies":"3 Sentries","floor":6,"turns":10},{"damage":21,"enemies":"The Mushroom Lair","floor":7,"turns":4},{"damage":32,"enemies":"Exordium Thugs","floor":10,"turns":10},{"damage":16,"enemies":"Lagavulin","floor":11,"turns":9},{"damage":1,"enemies":"Blue Slaver","floor":13,"turns":5},{"damage":40,"enemies":"Slime Boss","floor":16,"turns":5}],"seed_played":"-6716824285421969115","potions_obtained":[{"floor":0,"key":"Dexterity Potion"},{"floor":0,"key":"Regen Potion"},{"floor":0,"key":"Swift Potion"},{"floor":2,"key":"Explosive Potion"},{"floor":6,"key":"GamblersBrew"},{"floor":10,"key":"Block Potion"},{"floor":12,"key":"Strength Potion"},{"floor":12,"key":"Strength Potion"}],"is_trial":false,"path_per_floor":["M","M","M","?","$","E","?","?","T","M","E","?","M","$","R","B"],"character_chosen":"IRONCLAD","items_purchased":[],"campfire_rested":0,"item_purchase_floors":[],"current_hp_per_floor":[80,72,78,78,78,56,41,41,41,15,20,20,25,25,25,0],"gold":23,"neow_bonus":"THREE_SMALL_POTIONS","is_prod":false,"is_daily":false,"chose_seed":false,"campfire_upgraded":1,"win_rate":0,"timestamp":1550066743,"path_taken":["M","M","M","?","$","E","?","?","T","M","E","?","M","?","R","BOSS"],"build_version":"2019-02-06","purchased_purges":2,"victory":false,"max_hp_per_floor":[80,80,80,80,80,80,80,80,80,80,80,80,80,80,80,80],"card_choices":[{"not_picked":["Clash","Dropkick"],"picked":"Iron Wave","floor":1},{"not_picked":["Headbutt","Reckless Charge"],"picked":"Battle Trance","floor":2},{"not_picked":["Flex","Cleave"],"picked":"Clothesline","floor":3},{"not_picked":["Havoc","Entrench","Offering"],"picked":"SKIP","floor":6},{"not_picked":["Heavy Blade","Disarm"],"picked":"Flame Barrier","floor":7},{"not_picked":["Combust","Pommel Strike"],"picked":"Iron Wave","floor":10},{"not_picked":["Headbutt","Clothesline"],"picked":"Ghostly Armor","floor":11},{"not_picked":["Infernal Blade","Dark Embrace","Spot Weakness"],"picked":"SKIP","floor":13}],"player_experience":129086,"relics_obtained":[{"floor":6,"key":"Bottled Lightning"},{"floor":7,"key":"Odd Mushroom"},{"floor":9,"key":"Juzu Bracelet"},{"floor":11,"key":"Dodecahedron"}],"event_choices":[{"cards_removed":["Defend_R"],"damage_healed":0,"gold_gain":0,"player_choice":"Card Removal","damage_taken":0,"max_hp_gain":0,"max_hp_loss":0,"event_name":"The Cleric","floor":4,"gold_loss":50},{"damage_healed":0,"gold_gain":0,"player_choice":"Fought Mushrooms","damage_taken":0,"max_hp_gain":0,"max_hp_loss":0,"event_name":"Mushrooms","floor":7,"gold_loss":0},{"damage_healed":0,"gold_gain":0,"player_choice":"Forge","damage_taken":0,"max_hp_gain":0,"max_hp_loss":0,"event_name":"Accursed Blacksmith","floor":8,"gold_loss":0,"cards_upgraded":["Bash"]},{"damage_healed":0,"gold_gain":0,"player_choice":"Got Potions","damage_taken":0,"max_hp_gain":0,"max_hp_loss":0,"event_name":"Lab","floor":12,"gold_loss":0}],"is_beta":true,"boss_relics":[],"items_purged_floors":[5,14],"is_endless":false,"potions_floor_spawned":[2,6,10],"killed_by":"Slime Boss","ascension_level":4}