{"gold_per_floor":[112,112,131,151,171,197,197,197,197,212,245,245,7,22,22,22],"floor_reached":16,"playtime":647,"items_purged":["Strike_R"],"score":207,"play_id":"6fc10a7b-59dd-4ea8-a823-0c841e7920ee","local_time":"20190211143627","is_ascension_mode":true,"campfire_choices":[{"data":"Rampage","floor":7,"key":"SMITH"},{"floor":12,"key":"REST"},{"floor":15,"key":"REST"}],"neow_cost":"NONE","seed_source_timestamp":692491839160020,"circlet_count":0,"master_deck":["AscendersBane","Strike_R","Strike_R","Strike_R","Strike_R","Defend_R","Defend_R","Defend_R","Defend_R","Bash","Corruption","Rampage+1","Headbutt","True Grit","Intimidate"],"relics":["Burning Blood","NeowsBlessing","Sundial","Letter Opener","Darkstone Periapt","PreservedInsect"],"potions_floor_usage":[10],"damage_taken":[{"damage":0,"enemies":"Small Slimes","floor":1,"turns":1},{"damage":0,"enemies":"Cultist","floor":3,"turns":1},{"damage":0,"enemies":"Jaw Worm","floor":4,"turns":1},{"damage":11,"enemies":"Blue Slaver","floor":5,"turns":4},{"damage":32,"enemies":"Gremlin Nob","floor":6,"turns":4},{"damage":14,"enemies":"Large Slime","floor":10,"turns":4},{"damage":31,"enemies":"3 Sentries","floor":11,"turns":8},{"damage":0,"enemies":"Exordium Wildlife","floor":14,"turns":4},{"damage":73,"enemies":"The Guardian","floor":16,"turns":11}],"seed_played":"664538634650509949","potions_obtained":[{"floor":2,"key":"FairyPotion"},{"floor":2,"key":"Fire Potion"},{"floor":11,"key":"Explosive Potion"}],"is_trial":false,"path_per_floor":["M","?","M","M","M","E","R","?","T","M","E","R","$","M","R","B"],"character_chosen":"IRONCLAD","items_purchased":["PreservedInsect"],"campfire_rested":2,"item_purchase_floors":[13],"current_hp_per_floor":[74,74,75,75,70,44,44,44,44,36,11,33,33,39,61,0],"gold":22,"neow_bonus":"THREE_ENEMY_KILL","is_prod":false,"is_daily":false,"chose_seed":false,"campfire_upgraded":1,"win_rate":0,"timestamp":1549913787,"path_taken":["M","?","M","?","?","E","R","?","T","M","E","R","$","M","R","BOSS"],"build_version":"2019-01-23","purchased_purges":1,"victory":false,"max_hp_per_floor":[75,75,75,75,75,75,75,75,75,75,75,75,75,75,75,75],"card_choices":[{"not_picked":["Shrug It Off","Iron Wave"],"picked":"Corruption","floor":1},{"not_picked":["Headbutt","Sentinel"],"picked":"Rampage","floor":3},{"not_picked":["Intimidate","Cleave"],"picked":"Headbutt","floor":4},{"not_picked":["Wild Strike","Clothesline"],"picked":"True Grit","floor":5},{"not_picked":["Rampage","Anger","Heavy Blade"],"picked":"SKIP","floor":6},{"not_picked":["Perfected Strike","Anger","Rupture"],"picked":"SKIP","floor":10},{"not_picked":["Exhume","Twin Strike"],"picked":"Intimidate","floor":11},{"not_picked":["Body Slam","Infernal Blade","Perfected Strike"],"picked":"SKIP","floor":14}],"player_experience":2397740,"relics_obtained":[{"floor":6,"key":"Sundial"},{"floor":9,"key":"Letter Opener"},{"floor":11,"key":"Darkstone Periapt"}],"event_choices":[{"damage_healed":0,"gold_gain":0,"player_choice":"Got Potions","damage_taken":0,"max_hp_gain":0,"max_hp_loss":0,"event_name":"Lab","floor":2,"gold_loss":0},{"damage_healed":0,"gold_gain":0,"player_choice":"Ignored","damage_taken":0,"max_hp_gain":0,"max_hp_loss":0,"event_name":"Shining Light","floor":8,"gold_loss":0}],"is_beta":false,"boss_relics":[],"items_purged_floors":[13],"is_endless":false,"potions_floor_spawned":[3,4,5,11,14],"killed_by":"The Guardian","ascension_level":17}