{"path_per_floor":["M","M","$","?","M","R","?","R","T","M","R","M","T","M","R","B",null,"M","M","M","?","?","R","?","R","T","M","M","$","E","M","R","B",null,"M","M","?","M","M","R","M","$","T","M","?","R"],"character_chosen":"IRONCLAD","items_purchased":["Perfected Strike","Flex","Dream Catcher","Blood Vial"],"gold_per_floor":[112,131,9,9,21,21,21,21,21,32,32,51,51,62,62,159,159,176,194,213,213,128,128,128,128,176,188,200,7,38,58,58,157,157,169,189,189,208,220,220,220,76,100,112,112,112,112],"floor_reached":47,"campfire_rested":4,"playtime":1620,"item_purchase_floors":[3,29,29,42],"current_hp_per_floor":[80,80,80,64,68,68,68,68,82,78,94,94,94,94,94,11,94,94,78,79,79,79,79,79,79,79,80,86,86,65,71,94,65,94,94,86,86,68,17,45,60,60,60,39,39,69,0],"items_purged":["Defend_R"],"gold":112,"score":466,"play_id":"bd21daa5-0583-4656-9ead-2f3744c5fd74","local_time":"20180520122259","is_prod":false,"is_daily":false,"chose_seed":false,"is_ascension_mode":false,"campfire_upgraded":5,"timestamp":1526836979,"campfire_choices":[{"data":"Whirlwind","floor":6,"key":"SMITH"},{"data":"Twin Strike","floor":8,"key":"SMITH"},{"floor":11,"key":"REST"},{"data":"Thunderclap","floor":15,"key":"SMITH"},{"data":"Offering","floor":23,"key":"SMITH"},{"data":"Shrug It Off","floor":25,"key":"SMITH"},{"floor":32,"key":"REST"},{"floor":40,"key":"REST"},{"floor":46,"key":"REST"}],"path_taken":["M","?","$","?","M","R","?","R","T","M","R","?","?","M","R","BOSS","M","?","M","?","?","R","?","R","T","M","?","$","E","M","R","BOSS","M","M","?","M","?","R","M","?","T","M","?","R","M"],"build_version":"2018-05-18","seed_source_timestamp":324461068690860,"purchased_purges":1,"victory":false,"master_deck":["Strike_R+1","Strike_R","Strike_R","Strike_R","Strike_R","Defend_R+1","Defend_R","Bash","Twin Strike+1","Heavy Blade+1","Perfected Strike+1","Whirlwind+1","Anger+1","Shrug It Off+1","Thunderclap+1","Offering+1","Cleave","Anger+1","Headbutt","Clash+1","Whirlwind+1","Flex","Cleave+1","Headbutt+1","Demon Form","Inflame+1","Flex","Feed","Fiend Fire"],"max_hp_per_floor":[80,80,80,80,80,80,80,80,94,94,94,94,94,94,94,94,94,94,94,94,94,94,94,94,94,94,94,94,94,94,94,94,94,94,94,94,94,94,94,94,99,99,99,102,102,102,102],"relics":["Black Blood","Mango","Gremlin Horn","Ginger","Lantern","Dream Catcher","Pen Nib","Runic Pyramid","Blood Vial","Whetstone"],"card_choices":[{"not_picked":["Searing Blow","Sword Boomerang"],"picked":"Twin Strike","floor":1},{"not_picked":["Clothesline","Intimidate"],"picked":"Heavy Blade","floor":2},{"not_picked":["Searing Blow","Twin Strike"],"picked":"Whirlwind","floor":5},{"not_picked":["Rupture","Headbutt"],"picked":"Anger","floor":10},{"not_picked":["Rage","Sever Soul"],"picked":"Shrug It Off","floor":12},{"not_picked":["Armaments","True Grit"],"picked":"Thunderclap","floor":14},{"not_picked":["Impervious","Barricade"],"picked":"Offering","floor":16},{"not_picked":["Iron Wave","Armaments+1"],"picked":"Cleave","floor":18},{"not_picked":["Entrench","Flame Barrier","Corruption"],"picked":"SKIP","floor":19},{"not_picked":["Body Slam","Dropkick"],"picked":"Anger+1","floor":20},{"not_picked":["Entrench","Anger"],"picked":"Clash+1","floor":27},{"not_picked":["Twin Strike","Warcry"],"picked":"Whirlwind+1","floor":28},{"not_picked":["Disarm","Power Through+1"],"picked":"Cleave+1","floor":30},{"not_picked":["Battle Trance","Pommel Strike"],"picked":"Headbutt+1","floor":31},{"not_picked":["Reaper","Dark Embrace"],"picked":"Demon Form","floor":33},{"not_picked":["Headbutt+1","Heavy Blade","Searing Blow"],"picked":"SKIP","floor":35},{"not_picked":["Disarm+1","Warcry"],"picked":"Inflame+1","floor":36},{"not_picked":["Body Slam+1","Shrug It Off+1"],"picked":"Flex","floor":38},{"not_picked":["Inflame","Twin Strike"],"picked":"Feed","floor":39},{"not_picked":["Dropkick+1","Cleave","Seeing Red+1"],"picked":"SKIP","floor":44}],"player_experience":93677,"potions_floor_usage":[2,20,31,35,38,41,41],"damage_taken":[{"damage":5,"enemies":"Cultist","floor":1,"turns":4},{"damage":6,"enemies":"Jaw Worm","floor":2,"turns":3},{"damage":2,"enemies":"2 Louse","floor":5,"turns":3},{"damage":10,"enemies":"Looter","floor":10,"turns":2},{"damage":0,"enemies":"Large Slime","floor":12,"turns":3},{"damage":4,"enemies":"Blue Slaver","floor":14,"turns":3},{"damage":89,"enemies":"Hexaghost","floor":16,"turns":10},{"damage":6,"enemies":"2 Thieves","floor":18,"turns":2},{"damage":26,"enemies":"Spheric Guardian","floor":19,"turns":4},{"damage":9,"enemies":"Cultist and Chosen","floor":20,"turns":6},{"damage":9,"enemies":"Snake Plant","floor":27,"turns":2},{"damage":4,"enemies":"Chosen and Byrds","floor":28,"turns":2},{"damage":31,"enemies":"Slavers","floor":30,"turns":2},{"damage":4,"enemies":"3 Cultists","floor":31,"turns":3},{"damage":39,"enemies":"Collector","floor":33,"turns":5},{"damage":2,"enemies":"Orb Walker","floor":35,"turns":2},{"damage":18,"enemies":"3 Shapes","floor":36,"turns":2},{"damage":28,"enemies":"Maw","floor":38,"turns":6},{"damage":61,"enemies":"4 Shapes","floor":39,"turns":2},{"damage":0,"enemies":"Spire Growth","floor":41,"turns":2},{"damage":36,"enemies":"Flame Bruiser 2 Orb","floor":44,"turns":5},{"damage":75,"enemies":"Maw","floor":47,"turns":6}],"relics_obtained":[{"floor":9,"key":"Mango"},{"floor":13,"key":"Gremlin Horn"},{"floor":26,"key":"Lantern"},{"floor":30,"key":"Pen Nib"},{"floor":43,"key":"Whetstone"}],"event_choices":[{"event_name":"Shining Light","player_choice":"Entered Light","floor":4,"damage_taken":0},{"event_name":"Living Wall","player_choice":"Grow","floor":7,"damage_taken":0},{"event_name":"The Library","player_choice":"Read","floor":21,"damage_taken":0},{"event_name":"Addict","player_choice":"Obtained Relic","floor":22,"damage_taken":0},{"event_name":"Ghosts","player_choice":"Ignored","floor":24,"damage_taken":0},{"event_name":"Match and Keep!","player_choice":"0 cards matched","floor":37,"damage_taken":0},{"event_name":"Transmorgrifier","player_choice":"Transform","floor":45,"damage_taken":0}],"boss_relics":[{"not_picked":["Astrolabe","Ectoplasm"],"picked":"Black Blood"},{"not_picked":["Velvet Choker","Snecko Eye"],"picked":"Runic Pyramid"}],"items_purged_floors":[3],"potions_floor_spawned":[1,5,12,16,20,27,30,33,36,39,41],"seed_played":"6779086256419721765","killed_by":"Maw","ascension_level":0,"potions_obtained":[{"floor":1,"key":"PowerPotion"},{"floor":5,"key":"SteroidPotion"},{"floor":12,"key":"SpeedPotion"},{"floor":16,"key":"SmokeBomb"},{"floor":20,"key":"LiquidBronze"},{"floor":30,"key":"Block Potion"},{"floor":33,"key":"Ancient Potion"},{"floor":36,"key":"AttackPotion"},{"floor":39,"key":"Fruit Juice"}],"is_trial":false}