{"path_per_floor":["M","M","?","?","M","R","M","M","T","M","$"],"character_chosen":"IRONCLAD","items_purchased":["Apotheosis"],"gold_per_floor":[118,134,134,209,227,227,246,262,262,272,19,19],"floor_reached":12,"campfire_rested":0,"playtime":578,"item_purchase_floors":[11],"current_hp_per_floor":[80,80,64,53,59,59,58,26,36,36,36,0],"items_purged":["Defend_R"],"gold":19,"score":86,"play_id":"3ad38823-bb39-40c7-ba15-85e8dbd85e0b","local_time":"20180617142037","is_prod":false,"is_daily":false,"chose_seed":false,"is_ascension_mode":true,"campfire_upgraded":1,"win_rate":0,"timestamp":1529259637,"campfire_choices":[{"data":"Flame Barrier","floor":6,"key":"SMITH"}],"path_taken":["M","?","?","?","M","R","M","M","T","?","$","E"],"build_version":"2018-06-14v2","seed_source_timestamp":298388806806216,"purchased_purges":1,"victory":false,"master_deck":["Strike_R","Strike_R","Strike_R+1","Strike_R","Strike_R","Defend_R","Defend_R","Defend_R+1","Bash","Pommel Strike","Flame Barrier+1","Rage","Demon Form","Battle Trance","Heavy Blade","Apotheosis"],"max_hp_per_floor":[80,80,80,80,80,80,80,80,90,90,90,90],"relics":["Burning Blood","NeowsBlessing","Pear"],"card_choices":[{"not_picked":["Entrench","Combust"],"picked":"Pommel Strike","floor":1},{"not_picked":["Iron Wave","Feel No Pain"],"picked":"Flame Barrier","floor":2},{"not_picked":["Wild Strike","True Grit"],"picked":"Rage","floor":5},{"not_picked":["Headbutt","Heavy Blade"],"picked":"Demon Form","floor":7},{"not_picked":["Body Slam","Uppercut"],"picked":"Battle Trance","floor":8},{"not_picked":["Pommel Strike","Clothesline"],"picked":"Heavy Blade","floor":10}],"player_experience":614342,"potions_floor_usage":[],"damage_taken":[{"damage":0,"enemies":"Cultist","floor":1,"turns":1},{"damage":0,"enemies":"Small Slimes","floor":2,"turns":1},{"damage":0,"enemies":"Jaw Worm","floor":5,"turns":1},{"damage":7,"enemies":"Blue Slaver","floor":7,"turns":2},{"damage":38,"enemies":"Lots of Slimes","floor":8,"turns":5},{"damage":6,"enemies":"Red Slaver","floor":10,"turns":4},{"damage":40,"enemies":"3 Sentries","floor":12,"turns":7}],"relics_obtained":[{"floor":9,"key":"Pear"}],"event_choices":[{"event_name":"Shining Light","player_choice":"Entered Light","floor":3,"damage_taken":0},{"event_name":"World of Goop","player_choice":"Gather Gold","floor":4,"damage_taken":0}],"boss_relics":[],"items_purged_floors":[11],"is_endless":false,"potions_floor_spawned":[1,5,10],"seed_played":"3159061294555484402","killed_by":"3 Sentries","ascension_level":4,"potions_obtained":[{"floor":1,"key":"Dexterity Potion"},{"floor":5,"key":"GamblersBrew"},{"floor":10,"key":"FearPotion"}],"is_trial":false}