{"gold_per_floor":[111,28,28,3,3,36,50,50,76,110,135,149,164,164],"floor_reached":14,"playtime":501,"items_purged":[],"score":231,"play_id":"aa6c0ca5-03d7-4c68-8adf-81c2d47fca13","local_time":"20190211140220","is_ascension_mode":true,"campfire_choices":[{"data":"True Grit","floor":8,"key":"SMITH"}],"neow_cost":"NONE","seed_source_timestamp":690590853054891,"circlet_count":0,"master_deck":["AscendersBane","Strike_R","Strike_R","Strike_R","Strike_R","Strike_R","Defend_R","Defend_R","Defend_R","Defend_R","Bash","Thunderclap","Blood for Blood","True Grit+1","Pommel Strike","Sword Boomerang","Perfected Strike","Shockwave","Inflame","Heavy Blade"],"relics":["Burning Blood","NeowsBlessing","Golden Idol","Pantograph","Oddly Smooth Stone","Strawberry"],"potions_floor_usage":[10,14],"damage_taken":[{"damage":0,"enemies":"2 Louse","floor":1,"turns":1},{"damage":0,"enemies":"Gremlin Nob","floor":6,"turns":1},{"damage":0,"enemies":"Jaw Worm","floor":7,"turns":1},{"damage":22,"enemies":"3 Sentries","floor":10,"turns":9},{"damage":0,"enemies":"Cultist","floor":11,"turns":2},{"damage":26,"enemies":"Lots of Slimes","floor":12,"turns":4},{"damage":10,"enemies":"3 Louse","floor":13,"turns":3},{"damage":40,"enemies":"Lagavulin","floor":14,"turns":5}],"seed_played":"574052375148806037","potions_obtained":[{"floor":1,"key":"LiquidBronze"},{"floor":7,"key":"GamblersBrew"},{"floor":11,"key":"PowerPotion"},{"floor":12,"key":"Fire Potion"}],"is_trial":false,"path_per_floor":["M","$","?","$","?","E","M","R","T","E","M","M","M","E"],"character_chosen":"IRONCLAD","items_purchased":["Blood for Blood","True Grit"],"campfire_rested":0,"item_purchase_floors":[2,4],"current_hp_per_floor":[74,74,48,48,48,54,60,60,60,51,57,37,33,0],"gold":164,"neow_bonus":"THREE_ENEMY_KILL","is_prod":false,"is_daily":false,"chose_seed":false,"campfire_upgraded":1,"win_rate":0,"timestamp":1549911740,"path_taken":["M","$","?","$","?","E","M","R","T","E","M","?","M","E"],"build_version":"2019-01-23","purchased_purges":0,"victory":false,"max_hp_per_floor":[75,75,75,75,75,75,75,75,75,82,82,82,82,82],"card_choices":[{"not_picked":["Evolve","Twin Strike"],"picked":"Thunderclap","floor":1},{"not_picked":["Havoc","Iron Wave"],"picked":"Pommel Strike","floor":6},{"not_picked":["Heavy Blade","Corruption"],"picked":"Sword Boomerang","floor":7},{"not_picked":["Flex","Shrug It Off"],"picked":"Perfected Strike","floor":10},{"not_picked":["True Grit","Heavy Blade"],"picked":"Shockwave","floor":11},{"not_picked":["Sword Boomerang","Bloodletting"],"picked":"Inflame","floor":12},{"not_picked":["Barricade","Combust"],"picked":"Heavy Blade","floor":13}],"player_experience":2395920,"relics_obtained":[{"floor":6,"key":"Pantograph"},{"floor":9,"key":"Oddly Smooth Stone"},{"floor":10,"key":"Strawberry"}],"event_choices":[{"damage_healed":0,"gold_gain":0,"player_choice":"Take Damage","damage_taken":26,"relics_obtained":["Golden Idol"],"max_hp_gain":0,"max_hp_loss":0,"event_name":"Golden Idol","floor":3,"gold_loss":0},{"damage_healed":0,"gold_gain":0,"player_choice":"Leave","damage_taken":0,"max_hp_gain":0,"max_hp_loss":0,"event_name":"The Cleric","floor":5,"gold_loss":0}],"is_beta":false,"boss_relics":[],"items_purged_floors":[],"is_endless":false,"potions_floor_spawned":[1,7,11,12],"killed_by":"Lagavulin","ascension_level":17}