{"gold_per_floor":[114,429,444,459,474,474,489,519,544,544,574,574,574,589,589,689,689,704,719,734,749,258,288,303,333,333,348,363,393,408,438,450,562,574,601,308,323,131,146,176,176,176,176,206,221,236,251,266,266,266],"floor_reached":51,"playtime":2922,"items_purged":[],"score":1209,"play_id":"5158ff67-80cd-43c6-9f09-361d766901f2","local_time":"20190108153401","daily_mods":["Insanity","Vintage","Night Terrors"],"is_ascension_mode":false,"campfire_choices":[{"data":"Shockwave","floor":6.0,"key":"SMITH"},{"data":"Pommel Strike","floor":10.0,"key":"SMITH"},{"data":"Body Slam","floor":15.0,"key":"SMITH"},{"data":"Uppercut","floor":32.0,"key":"SMITH"},{"data":"Armaments","floor":41,"key":"SMITH"},{"data":"Demon Form","floor":49,"key":"SMITH"}],"neow_cost":"","seed_source_timestamp":0,"circlet_count":0,"master_deck":["Heavy Blade","Wild Strike","Intimidate","Perfected Strike","Bloodletting","True Grit","True Grit","Warcry","Shockwave+1","Twin Strike","Dual Wield","Flex","Iron Wave","Flame Barrier","Iron Wave","True Grit","Combust","Perfected Strike","Body Slam","Flex","Body Slam+1","Uppercut+1","Dropkick","Heavy Blade","Uppercut","Spot Weakness","Armaments+1","Wild Strike","Rampage","Twin Strike","Thunderclap","Perfected Strike","Warcry","Disarm","Body Slam","Body Slam","Burning Pact","Heavy Blade","Headbutt","Armaments","Entrench","Rampage+1","Iron Wave","Wild Strike","Rampage+1","Havoc","Blood for Blood","Metallicize","Thunderclap","Iron Wave","Pommel Strike+1","Shrug It Off","Dark Embrace","Battle Trance","Shockwave","Headbutt+1","Fiend Fire","Feel No Pain","Whirlwind","Corruption","Impervious","Corruption+1","Apotheosis","Mind Blast","Demon Form+1","Parasite"],"special_seed":17904,"relics":["Burning Blood","Nunchaku","Old Coin","Bottled Tornado","Strawberry","Ornamental Fan","Orichalcum","Bottled Flame","Pen Nib","Ancient Tea Set","Vajra","Philosopher\u0027s Stone","Calipers","Kunai","Regal Pillow","Blood Vial","Membership Card","Paper Frog","Singing Bowl","Letter Opener","Boot","Pear","PreservedInsect","Bag of Preparation","Red Skull","Question Card","Lantern","MawBank","Snecko Eye","Self Forming Clay","Mummified Hand","Lee\u0027s Waffle","Pantograph","Anchor","Whetstone","Gremlin Horn","Molten Egg 2","Sundial","Meat on the Bone","StoneCalendar","Potion Belt","Mercury Hourglass"],"potions_floor_usage":[50,50],"damage_taken":[{"damage":4.0,"enemies":"Jaw Worm","floor":1.0,"turns":3.0},{"damage":5.0,"enemies":"Small Slimes","floor":2.0,"turns":3.0},{"damage":0.0,"enemies":"Cultist","floor":3.0,"turns":2.0},{"damage":2.0,"enemies":"2 Fungi Beasts","floor":4.0,"turns":2.0},{"damage":5.0,"enemies":"3 Louse","floor":5.0,"turns":3.0},{"damage":3.0,"enemies":"Red Slaver","floor":7.0,"turns":3.0},{"damage":3.0,"enemies":"Gremlin Nob","floor":8.0,"turns":3.0},{"damage":3.0,"enemies":"3 Sentries","floor":11.0,"turns":5.0},{"damage":3.0,"enemies":"Gremlin Gang","floor":14.0,"turns":3.0},{"damage":6.0,"enemies":"Slime Boss","floor":16.0,"turns":5.0},{"damage":4.0,"enemies":"2 Thieves","floor":18.0,"turns":3.0},{"damage":8.0,"enemies":"Shell Parasite","floor":19.0,"turns":4.0},{"damage":2.0,"enemies":"Centurion and Healer","floor":20.0,"turns":4.0},{"damage":17.0,"enemies":"Snake Plant","floor":21.0,"turns":4.0},{"damage":8.0,"enemies":"Gremlin Leader","floor":23.0,"turns":6.0},{"damage":10.0,"enemies":"Snecko","floor":24.0,"turns":4.0},{"damage":29.0,"enemies":"Slavers","floor":25.0,"turns":4.0},{"damage":3.0,"enemies":"Chosen and Byrds","floor":27.0,"turns":4.0},{"damage":2.0,"enemies":"3 Cultists","floor":28.0,"turns":3.0},{"damage":18.0,"enemies":"Book of Stabbing","floor":29.0,"turns":3.0},{"damage":1.0,"enemies":"Centurion and Healer","floor":30.0,"turns":5.0},{"damage":11.0,"enemies":"Slavers","floor":31.0,"turns":2.0},{"damage":10.0,"enemies":"Champ","floor":33.0,"turns":7.0},{"damage":0.0,"enemies":"Orb Walker","floor":35.0,"turns":2.0},{"damage":9.0,"enemies":"3 Shapes","floor":37.0,"turns":3.0},{"damage":0.0,"enemies":"Transient","floor":39.0,"turns":5.0},{"damage":9,"enemies":"Nemesis","floor":40,"turns":3},{"damage":1,"enemies":"Giant Head","floor":44,"turns":2},{"damage":0,"enemies":"Spire Growth","floor":45,"turns":2},{"damage":0,"enemies":"4 Shapes","floor":46,"turns":1},{"damage":7,"enemies":"Writhing Mass","floor":47,"turns":5},{"damage":0,"enemies":"Sphere and 2 Shapes","floor":48,"turns":1},{"damage":0,"enemies":"Time Eater","floor":50,"turns":4}],"seed_played":"-1546988897683153099","potions_obtained":[{"floor":2.0,"key":"SkillPotion"},{"floor":3.0,"key":"LiquidBronze"},{"floor":4.0,"key":"Ancient Potion"},{"floor":11.0,"key":"Dexterity Potion"},{"floor":13.0,"key":"Energy Potion"},{"floor":16.0,"key":"Weak Potion"},{"floor":27.0,"key":"PowerPotion"},{"floor":37.0,"key":"Poison Potion"},{"floor":46,"key":"SkillPotion"},{"floor":47,"key":"LiquidBronze"}],"is_trial":false,"path_per_floor":["M","M","M","M","M","R","M","E","T","R","E","?","?","M","R","B",null,"M","M","M","M","$","E","M","E","T","M","M","E","M","E","R","B",null,"M","$","M","$","M","E","R","?","T","E","M","M","M","M","R","B",null],"character_chosen":"IRONCLAD","items_purchased":["Membership Card","Paper Frog","Singing Bowl","Battle Trance","Mummified Hand","Feel No Pain","Lee\u0027s Waffle","Whirlwind","Corruption","Impervious","Anchor"],"campfire_rested":0,"item_purchase_floors":[22,22,22,22,36,36,36,36,38,38,38],"current_hp_per_floor":[80,80,80,87,87,87,87,87,87,87,87,92,92,92,92,92,92,92,90,92,81,81,83,81,70,70,75,81,73,80,77,77,75,106,106,113,110,110,113,110,110,102,102,109,115,115,114,115,115,115],"gold":266,"neow_bonus":"","is_prod":false,"is_daily":true,"chose_seed":false,"campfire_upgraded":6,"win_rate":0,"timestamp":1546958041,"path_taken":["M","M","M","M","M","R","M","E","T","R","E","?","?","M","R","BOSS","M","M","M","M","$","E","M","E","T","?","M","E","M","E","R","BOSS","M","$","M","$","M","E","R","?","T","E","M","M","M","M","R","BOSS"],"build_version":"2019-01-03v4","purchased_purges":0,"victory":true,"max_hp_per_floor":[80,80,80,87,87,87,87,87,87,87,87,92,92,92,92,92,92,92,92,92,92,92,94,94,104,104,104,104,106,106,106,106,106,106,106,113,113,113,113,113,113,115,115,115,115,115,115,115,115,115],"card_choices":[{"not_picked":["Fire Breathing","Ghostly Armor"],"picked":"Pommel Strike","floor":8.0},{"not_picked":["Cleave","Sword Boomerang"],"picked":"Shrug It Off","floor":11.0},{"not_picked":["Immolate","Juggernaut"],"picked":"Dark Embrace","floor":16.0},{"not_picked":["Clothesline","Reaper","Twin Strike+1"],"picked":"Singing Bowl","floor":23.0},{"not_picked":["Hemokinesis+1","True Grit"],"picked":"Shockwave","floor":25.0},{"not_picked":["Warcry","Wild Strike","Infernal Blade"],"picked":"Singing Bowl","floor":29.0},{"not_picked":["Clothesline","Body Slam","Pummel"],"picked":"Headbutt+1","floor":31.0},{"not_picked":["Immolate","Exhume","Dark Embrace"],"picked":"Fiend Fire","floor":33.0},{"not_picked":["Ghostly Armor+1","Heavy Blade+1","Twin Strike+1"],"picked":"Corruption+1","floor":40},{"not_picked":["HandOfGreed","Jack Of All Trades","Good Instincts"],"picked":"Apotheosis","floor":42},{"not_picked":["Finesse","Purity","Dark Shackles","Enlightenment"],"picked":"Singing Bowl","floor":42},{"not_picked":["Mayhem","HandOfGreed","Magnetism"],"picked":"Mind Blast","floor":42},{"not_picked":["Body Slam+1","Armaments","Clothesline+1"],"picked":"Demon Form","floor":44}],"player_experience":1846149,"relics_obtained":[{"floor":1.0,"key":"Nunchaku"},{"floor":2.0,"key":"Old Coin"},{"floor":3.0,"key":"Bottled Tornado"},{"floor":4.0,"key":"Strawberry"},{"floor":5.0,"key":"Ornamental Fan"},{"floor":7.0,"key":"Orichalcum"},{"floor":8.0,"key":"Bottled Flame"},{"floor":9.0,"key":"Pen Nib"},{"floor":11.0,"key":"Ancient Tea Set"},{"floor":14.0,"key":"Vajra"},{"floor":18.0,"key":"Calipers"},{"floor":19.0,"key":"Kunai"},{"floor":20.0,"key":"Regal Pillow"},{"floor":21.0,"key":"Blood Vial"},{"floor":23.0,"key":"Letter Opener"},{"floor":24.0,"key":"Boot"},{"floor":25.0,"key":"Pear"},{"floor":26.0,"key":"PreservedInsect"},{"floor":27.0,"key":"Bag of Preparation"},{"floor":28.0,"key":"Red Skull"},{"floor":29.0,"key":"Question Card"},{"floor":30.0,"key":"Lantern"},{"floor":31.0,"key":"MawBank"},{"floor":35.0,"key":"Self Forming Clay"},{"floor":37.0,"key":"Pantograph"},{"floor":39.0,"key":"Whetstone"},{"floor":40,"key":"Gremlin Horn"},{"floor":43,"key":"Molten Egg 2"},{"floor":44,"key":"Sundial"},{"floor":45,"key":"Meat on the Bone"},{"floor":46,"key":"StoneCalendar"},{"floor":47,"key":"Potion Belt"},{"floor":48,"key":"Mercury Hourglass"}],"event_choices":[{"damage_healed":0.0,"max_hp_gain":5.0,"max_hp_loss":0.0,"gold_gain":0.0,"event_name":"Big Fish","player_choice":"Donut","floor":12.0,"gold_loss":0.0,"damage_taken":0.0},{"damage_healed":0.0,"max_hp_gain":0.0,"max_hp_loss":0.0,"gold_gain":0.0,"event_name":"Lab","player_choice":"Got Potions","floor":13.0,"gold_loss":0.0,"damage_taken":0.0},{"damage_healed":0,"gold_gain":0,"player_choice":"Memory 3","damage_taken":10,"max_hp_gain":0,"max_hp_loss":0,"event_name":"SensoryStone","floor":42,"gold_loss":0}],"is_beta":false,"boss_relics":[{"not_picked":["Runic Cube","Velvet Choker"],"picked":"Philosopher\u0027s Stone"},{"not_picked":["Black Blood","Empty Cage"],"picked":"Snecko Eye"}],"items_purged_floors":[],"is_endless":false,"potions_floor_spawned":[2,3,4,11,14,16,18,20,27,28,29,30,31,37,40,45,46,47],"ascension_level":0}