{"gold_per_floor":[117,42,117,117,33,33,66,66,140,140,140,150,168,16,16,90,90,109,124,124],"floor_reached":20,"playtime":627,"items_purged":["Strike_B","Strike_B"],"score":351,"play_id":"4194082f-bc87-4ec0-baaa-614617bb7c5e","local_time":"20181108203454","is_ascension_mode":true,"campfire_choices":[{"data":"Zap","floor":6,"key":"SMITH"},{"data":"Dualcast","floor":8,"key":"SMITH"},{"data":"Doom and Gloom","floor":11,"key":"SMITH"},{"floor":15,"key":"REST"}],"neow_cost":"NONE","seed_source_timestamp":256911748790147,"circlet_count":0,"master_deck":["AscendersBane","Strike_B","Strike_B","Defend_B","Defend_B","Defend_B","Defend_B","Zap+1","Dualcast+1","Doom and Gloom+1","Go for the Eyes","Gash","Defragment+1","Beam Cell","Leap","Go for the Eyes","Core Surge","Compile Driver","Beam Cell+1"],"relics":["Cracked Core","NeowsBlessing","Lantern","Bottled Lightning","Eternal Feather"],"potions_floor_usage":[16,16,19],"damage_taken":[{"damage":0,"enemies":"Small Slimes","floor":1,"turns":1},{"damage":0,"enemies":"Lagavulin","floor":7,"turns":1},{"damage":0,"enemies":"Cultist","floor":12,"turns":1},{"damage":12,"enemies":"Jaw Worm","floor":13,"turns":2},{"damage":1,"enemies":"The Guardian","floor":16,"turns":10},{"damage":27,"enemies":"Shell Parasite","floor":18,"turns":7},{"damage":34,"enemies":"2 Thieves","floor":19,"turns":4},{"damage":21,"enemies":"Sentry and Sphere","floor":20,"turns":2}],"seed_played":"-5787945031890539391","potions_obtained":[{"floor":1,"key":"EssenceOfSteel"},{"floor":13,"key":"Fire Potion"},{"floor":18,"key":"AttackPotion"}],"is_trial":false,"path_per_floor":["M","$","?","?","$","R","E","R","T","?","R","M","M","$","R","B",null,"M","M","M"],"character_chosen":"DEFECT","items_purchased":["Go for the Eyes","Gash","Go for the Eyes"],"campfire_rested":1,"item_purchase_floors":[5,5,14],"current_hp_per_floor":[64,64,53,58,58,58,58,58,58,58,58,58,46,46,68,67,74,47,13,0],"gold":124,"neow_bonus":"THREE_ENEMY_KILL","is_prod":false,"is_daily":false,"chose_seed":false,"campfire_upgraded":3,"win_rate":0,"timestamp":1541727294,"path_taken":["M","$","?","?","$","R","E","R","T","?","R","M","?","$","R","BOSS","M","M","M"],"build_version":"2018-11-08","purchased_purges":2,"victory":false,"max_hp_per_floor":[71,71,71,76,76,76,76,76,76,76,76,76,76,76,76,76,76,76,76,76],"card_choices":[{"not_picked":["Conserve Battery","Hologram"],"picked":"Doom and Gloom","floor":1},{"not_picked":["Compile Driver","Conserve Battery"],"picked":"Defragment","floor":7},{"not_picked":["Stack","Steam"],"picked":"Beam Cell","floor":12},{"not_picked":["Chaos","Turbo"],"picked":"Leap","floor":13},{"not_picked":["Seek","Fission"],"picked":"Core Surge","floor":16},{"not_picked":["Ball Lightning","Fusion"],"picked":"Compile Driver","floor":18},{"not_picked":["Turbo","Storm"],"picked":"Beam Cell+1","floor":19}],"player_experience":1660903,"relics_obtained":[{"floor":7,"key":"Lantern"},{"floor":9,"key":"Bottled Lightning"}],"event_choices":[{"damage_healed":0,"gold_gain":75,"player_choice":"Gather Gold","damage_taken":11,"max_hp_gain":0,"max_hp_loss":0,"event_name":"World of Goop","floor":3,"gold_loss":0},{"damage_healed":0,"gold_gain":0,"player_choice":"Donut","damage_taken":0,"max_hp_gain":5,"max_hp_loss":0,"event_name":"Big Fish","floor":4,"gold_loss":0},{"damage_healed":0,"gold_gain":0,"player_choice":"Forge","damage_taken":0,"max_hp_gain":0,"max_hp_loss":0,"event_name":"Accursed Blacksmith","floor":10,"gold_loss":0,"cards_upgraded":["Defragment"]}],"is_beta":false,"boss_relics":[{"not_picked":["Philosopher\u0027s Stone","Runic Dome"],"picked":"Eternal Feather"}],"items_purged_floors":[2,14],"is_endless":false,"potions_floor_spawned":[1,13,18],"killed_by":"Sentry and Sphere","ascension_level":16}