{"gold_per_floor":[112,31,31,106,123,123,123,134,159,159,159,159,84,95,95,195,195,212,224,424,438,457,457,467,486,486,486,496,508,525,725,725,827,827,847,518,530,542,553,553,576,576,621,634,648,648,648,438,438,438],"floor_reached":51,"playtime":4992,"items_purged":["Strike_B","Strike_B","Strike_B+1"],"score":643,"play_id":"158302c3-53f3-4d14-b830-8d81c0638b4f","local_time":"20190130033836","is_ascension_mode":false,"campfire_choices":[{"data":"Self Repair","floor":6.0,"key":"SMITH"},{"data":"Zap","floor":10.0,"key":"SMITH"},{"data":"Coolheaded","floor":15.0,"key":"SMITH"},{"data":"Amplify","floor":23.0,"key":"SMITH"},{"data":"Go for the Eyes","floor":27.0,"key":"SMITH"},{"data":"BootSequence","floor":32.0,"key":"SMITH"},{"data":"Loop","floor":40,"key":"SMITH"},{"floor":47,"key":"RECALL"},{"data":"Defragment","floor":49,"key":"SMITH"}],"neow_cost":"NONE","seed_source_timestamp":283850511193861,"circlet_count":0,"master_deck":["Strike_B+1","Defend_B+1","Defend_B+1","Defend_B+1","Defend_B+1","Zap+1","Dualcast+1","Self Repair+1","Defragment+1","Coolheaded+1","Amplify+1","BootSequence+1","Go for the Eyes+1","Go for the Eyes+1","Self Repair+1","Consume+1","Cold Snap+1","Coolheaded+1","Double Energy+1","Amplify+1","Loop+1","Blizzard+1","Double Energy+1","Storm+1","Hologram+1","Defragment+1"],"special_seed":0,"relics":["Coffee Dripper","Mark of the Bloom"],"potions_floor_usage":[38,44,50,50,50],"damage_taken":[{"damage":3.0,"enemies":"Small Slimes","floor":1.0,"turns":3.0},{"damage":9.0,"enemies":"Jaw Worm","floor":5.0,"turns":4.0},{"damage":2.0,"enemies":"2 Louse","floor":8.0,"turns":2.0},{"damage":0.0,"enemies":"2 Fungi Beasts","floor":14.0,"turns":3.0},{"damage":31.0,"enemies":"Hexaghost","floor":16.0,"turns":11.0},{"damage":30.0,"enemies":"3 Byrds","floor":18.0,"turns":5.0},{"damage":5.0,"enemies":"Chosen","floor":19.0,"turns":7.0},{"damage":38.0,"enemies":"3 Cultists","floor":21.0,"turns":8.0},{"damage":21.0,"enemies":"Centurion and Healer","floor":22.0,"turns":15.0},{"damage":13.0,"enemies":"Shelled Parasite and Fungi","floor":24.0,"turns":14.0},{"damage":26.0,"enemies":"3 Cultists","floor":25.0,"turns":4.0},{"damage":9.0,"enemies":"Cultist and Chosen","floor":28.0,"turns":10.0},{"damage":14.0,"enemies":"Centurion and Healer","floor":29.0,"turns":15.0},{"damage":16.0,"enemies":"Shelled Parasite and Fungi","floor":30.0,"turns":12.0},{"damage":55.0,"enemies":"Champ","floor":33.0,"turns":21.0},{"damage":65.0,"enemies":"3 Darklings","floor":35.0,"turns":25.0},{"damage":17.0,"enemies":"3 Shapes","floor":37.0,"turns":9.0},{"damage":42,"enemies":"Jaw Worm Horde","floor":38,"turns":9},{"damage":21,"enemies":"3 Darklings","floor":39,"turns":9},{"damage":15,"enemies":"Sphere and 2 Shapes","floor":44,"turns":4},{"damage":16,"enemies":"Maw","floor":45,"turns":7},{"damage":19,"enemies":"Awakened One","floor":50,"turns":19}],"seed_played":"6208454496088111741","potions_obtained":[{"floor":1.0,"key":"Fire Potion"},{"floor":14.0,"key":"Poison Potion"},{"floor":16.0,"key":"Explosive Potion"},{"floor":22.0,"key":"PowerPotion"},{"floor":25.0,"key":"Explosive Potion"},{"floor":29.0,"key":"Swift Potion"},{"floor":30.0,"key":"Energy Potion"},{"floor":33.0,"key":"Dexterity Potion"},{"floor":38,"key":"Dexterity Potion"},{"floor":39,"key":"Poison Potion"},{"floor":44,"key":"Dexterity Potion"}],"is_trial":false,"path_per_floor":["M","$","?","?","M","R","?","M","T","R","?","T","$","M","R","B",null,"M","M","?","M","M","R","M","M","T","R","M","M","M","?","R","B",null,"M","$","M","M","M","R","T","?","T","M","M","?","R","$","R","B",null],"character_chosen":"DEFECT","items_purchased":["Defragment","Blizzard","FairyPotion","Dexterity Potion","Defragment","Block Potion"],"campfire_rested":0,"item_purchase_floors":[2,36,36,36,48,48],"current_hp_per_floor":[72,72,57,46,44,44,44,52,52,52,52,52,52,62,62,41,75,65,60,60,42,31,31,38,32,32,32,53,75,75,75,75,50,75,40,40,33,47,56,56,56,56,56,51,75,75,75,75,75,56],"gold":438,"neow_bonus":"BOSS_RELIC","is_prod":false,"is_daily":false,"chose_seed":false,"campfire_upgraded":8,"win_rate":0,"timestamp":1548781716,"path_taken":["M","$","?","?","?","R","?","M","T","R","?","?","$","M","R","BOSS","M","M","?","M","M","R","M","M","T","R","?","M","?","?","R","BOSS","M","$","M","?","?","R","?","?","T","M","M","?","R","?","R","BOSS"],"build_version":"2019-01-23","purchased_purges":3,"victory":true,"max_hp_per_floor":[75,75,75,75,75,75,75,75,75,75,75,75,75,75,75,75,75,75,75,75,75,75,75,75,75,75,75,75,75,75,75,75,75,75,75,75,75,75,75,75,75,75,75,75,75,75,75,75,75,75],"card_choices":[{"not_picked":["Melter","Aggregate"],"picked":"Self Repair","floor":1.0},{"not_picked":["Turbo","Skim","Lockon"],"picked":"SKIP","floor":5.0},{"not_picked":["Streamline","Force Field","Melter"],"picked":"SKIP","floor":8.0},{"not_picked":["Steam Power","Melter"],"picked":"Coolheaded","floor":14.0},{"not_picked":["Multi-Cast","Seek"],"picked":"Amplify","floor":16.0},{"not_picked":["Heatsinks+1","Ball Lightning"],"picked":"BootSequence","floor":18.0},{"not_picked":["Skim+1","Coolheaded"],"picked":"Go for the Eyes","floor":19.0},{"not_picked":["Sweeping Beam+1","Genetic Algorithm"],"picked":"Go for the Eyes+1","floor":21.0},{"not_picked":["Glacier","White Noise"],"picked":"Self Repair+1","floor":22.0},{"not_picked":["Steam","Beam Cell+1","Skim"],"picked":"SKIP","floor":24.0},{"not_picked":["Gash+1","Barrage"],"picked":"Consume+1","floor":25.0},{"not_picked":["Sweeping Beam","Ball Lightning"],"picked":"Cold Snap","floor":28.0},{"not_picked":["Leap","Conserve Battery"],"picked":"Coolheaded+1","floor":29.0},{"not_picked":["Scrape+1","Streamline"],"picked":"Double Energy+1","floor":30.0},{"not_picked":["Rainbow","Seek"],"picked":"Amplify","floor":33.0},{"not_picked":["Go for the Eyes","Sweeping Beam+1"],"picked":"Loop","floor":35.0},{"not_picked":["Aggregate","Leap+1"],"picked":"Double Energy+1","floor":37.0},{"not_picked":["Steam","Hello World","Lockon+1"],"picked":"SKIP","floor":38},{"not_picked":["Tempest","Auto Shields"],"picked":"Storm+1","floor":39},{"not_picked":["Reprogram","Fusion"],"picked":"Hologram+1","floor":44},{"not_picked":["Amplify","Steam Power","Turbo+1"],"picked":"SKIP","floor":45}],"player_experience":540622,"relics_obtained":[],"event_choices":[{"damage_healed":0.0,"max_hp_gain":0.0,"max_hp_loss":0.0,"gold_gain":0.0,"event_name":"Shining Light","player_choice":"Entered Light","floor":3.0,"gold_loss":0.0,"damage_taken":15.0,"cards_upgraded":["Defragment","Strike_B"]},{"damage_healed":0.0,"max_hp_gain":0.0,"max_hp_loss":0.0,"gold_gain":75.0,"event_name":"World of Goop","player_choice":"Gather Gold","floor":4.0,"gold_loss":0.0,"damage_taken":11.0},{"damage_healed":0.0,"max_hp_gain":0.0,"max_hp_loss":0.0,"gold_gain":0.0,"event_name":"Scrap Ooze","player_choice":"Fled","floor":7.0,"gold_loss":0.0,"damage_taken":0.0},{"damage_healed":0.0,"max_hp_gain":0.0,"max_hp_loss":0.0,"gold_gain":0.0,"event_name":"Golden Idol","player_choice":"Ignored","floor":11.0,"gold_loss":0.0,"damage_taken":0.0},{"damage_healed":0.0,"max_hp_gain":0.0,"max_hp_loss":0.0,"gold_gain":250.0,"event_name":"The Joust","player_choice":"Bet on Owner","floor":20.0,"gold_loss":50.0,"damage_taken":0.0},{"damage_healed":0.0,"max_hp_gain":0.0,"max_hp_loss":0.0,"gold_gain":200.0,"event_name":"Wheel of Change","player_choice":"Gold","floor":31.0,"gold_loss":0.0,"damage_taken":0.0},{"damage_healed":0,"gold_gain":0,"player_choice":"Ignored","damage_taken":0,"max_hp_gain":0,"max_hp_loss":0,"event_name":"Mysterious Sphere","floor":42,"gold_loss":0},{"damage_healed":0,"gold_gain":0,"player_choice":"Upgrade","damage_taken":0,"relics_obtained":["Mark of the Bloom"],"max_hp_gain":0,"max_hp_loss":0,"event_name":"MindBloom","floor":46,"gold_loss":0,"cards_upgraded":["Strike_B","Defend_B","Defend_B","Defend_B","Defend_B","Dualcast","Cold Snap","Amplify","Blizzard"]}],"is_beta":false,"boss_relics":[{"not_picked":[]},{"not_picked":[]}],"items_purged_floors":[13,36,48],"is_endless":false,"potions_floor_spawned":[1,14,16,22,25,29,30,33,38,39,44],"ascension_level":0}