{"gold_per_floor":[216,141,154,166,166,166,210,210,234,234,249,292,118,143,143,266,266,287,307,406,406,419,419,463,476,503,503,517,540,465,498,498,628,628,648,672,672,797,797,797,833,853,853,853,869,676,700,759,759,759,759,759,3,36,36],"floor_reached":56,"playtime":4299,"items_purged":["Strike_R","Strike_R","Armaments+1"],"score":1442,"play_id":"28f36233-e915-43bc-8f92-4bf17b2a440f","local_time":"20190213094734","is_ascension_mode":true,"campfire_choices":[{"data":"Armaments","floor":6,"key":"SMITH"},{"floor":8,"key":"REST"},{"data":"Whirlwind","floor":15,"key":"SMITH"},{"data":"Feed","floor":23,"key":"SMITH"},{"floor":27,"key":"REST"},{"data":"Battle Trance","floor":32,"key":"SMITH"},{"floor":40,"key":"RECALL"},{"data":"1","floor":44,"key":"LIFT"},{"floor":49,"key":"REST"},{"data":"Apotheosis","floor":52,"key":"SMITH"}],"neow_cost":"NONE","seed_source_timestamp":54364722330873,"circlet_count":0,"master_deck":["Defend_R","Defend_R","Defend_R","Defend_R","Bash+1","Twin Strike","Shrug It Off","Anger","Battle Trance+1","Whirlwind+1","Feed+1","Bite+1","Bite","Bite","Bite","Bite+1","Uppercut+1","Shrug It Off+1","Corruption+1","Double Tap","Body Slam+1","Flame Barrier","Enlightenment","Apotheosis+1","Dark Shackles","Burning Pact+1","Master of Strategy","Flame Barrier","Corruption","Thinking Ahead","Dramatic Entrance","Burning Pact+1"],"relics":["Burning Blood","Golden Idol","Strawberry","Pen Nib","Dead Branch","Sozu","Whetstone","Orichalcum","Mark of Pain","Girya","Anchor","Shuriken","Charon\u0027s Ashes","Bag of Marbles","Bag of Preparation","Calipers"],"potions_floor_usage":[7,12,18,24],"damage_taken":[{"damage":3,"enemies":"Jaw Worm","floor":1,"turns":5},{"damage":0,"enemies":"Small Slimes","floor":3,"turns":3},{"damage":6,"enemies":"Cultist","floor":4,"turns":3},{"damage":25,"enemies":"3 Sentries","floor":7,"turns":9},{"damage":10,"enemies":"Large Slime","floor":11,"turns":6},{"damage":17,"enemies":"Lagavulin","floor":12,"turns":5},{"damage":0,"enemies":"3 Louse","floor":14,"turns":2},{"damage":15,"enemies":"Hexaghost","floor":16,"turns":7},{"damage":15,"enemies":"2 Thieves","floor":18,"turns":4},{"damage":4,"enemies":"Chosen","floor":19,"turns":3},{"damage":50,"enemies":"Shelled Parasite and Fungi","floor":22,"turns":5},{"damage":42,"enemies":"Book of Stabbing","floor":24,"turns":5},{"damage":2,"enemies":"Snecko","floor":25,"turns":3},{"damage":8,"enemies":"Snake Plant","floor":28,"turns":4},{"damage":15,"enemies":"3 Cultists","floor":29,"turns":4},{"damage":28,"enemies":"Slavers","floor":31,"turns":4},{"damage":52,"enemies":"Collector","floor":33,"turns":7},{"damage":11,"enemies":"3 Shapes","floor":35,"turns":5},{"damage":6,"enemies":"Orb Walker","floor":36,"turns":4},{"damage":4,"enemies":"Mind Bloom Boss Battle","floor":38,"turns":5},{"damage":66,"enemies":"Giant Head","floor":41,"turns":7},{"damage":7,"enemies":"Jaw Worm Horde","floor":42,"turns":5},{"damage":6,"enemies":"3 Darklings","floor":45,"turns":3},{"damage":19,"enemies":"Writhing Mass","floor":47,"turns":4},{"damage":19,"enemies":"2 Orb Walkers","floor":48,"turns":5},{"damage":21,"enemies":"Time Eater","floor":50,"turns":5},{"damage":0,"enemies":"Shield and Spear","floor":54,"turns":5},{"damage":37,"enemies":"The Heart","floor":55,"turns":6}],"seed_played":"8696402471390706775","potions_obtained":[{"floor":3,"key":"SkillPotion"},{"floor":11,"key":"SkillPotion"},{"floor":14,"key":"Fire Potion"},{"floor":16,"key":"Ancient Potion"}],"is_trial":false,"path_per_floor":["M","$","M","M","?","R","E","R","T","?","M","E","$","M","R","B",null,"M","M","?","?","M","R","E","M","T","R","M","M","?","E","R","B",null,"M","M","?","?","?","R","E","M","T","R","M","$","M","?","R","B",null,"R","$","E","B",null],"character_chosen":"IRONCLAD","items_purchased":["Whirlwind","Master of Strategy","Corruption","Bag of Marbles","Bag of Preparation","Thinking Ahead","Dramatic Entrance"],"campfire_rested":3,"item_purchase_floors":[13,46,53,53,53,53,53],"current_hp_per_floor":[80,80,80,80,60,60,48,74,74,74,70,59,59,65,65,56,87,81,83,83,63,35,35,12,21,21,40,46,41,41,31,31,11,66,67,70,70,70,60,60,13,28,28,28,34,34,28,30,52,49,74,74,74,74,62],"gold":36,"neow_bonus":"HUNDRED_GOLD","is_prod":false,"is_daily":false,"chose_seed":false,"campfire_upgraded":5,"win_rate":0,"timestamp":1550072854,"path_taken":["M","$","M","M","?","R","E","R","T","?","M","E","$","?","R","BOSS","M","M","?","?","M","R","E","M","T","R","M","M","?","E","R","BOSS","M","M","?","?","?","R","E","?","T","R","M","$","M","?","R","BOSS","R","$","E","BOSS"],"build_version":"2019-02-06","purchased_purges":3,"victory":true,"max_hp_per_floor":[80,80,80,80,80,80,87,87,87,87,87,87,87,87,87,87,87,90,90,90,63,66,66,66,66,66,66,66,66,66,66,66,66,66,70,70,70,70,70,70,70,74,74,74,74,74,74,74,74,74,74,74,74,74,78],"card_choices":[{"not_picked":["Havoc","Entrench"],"picked":"Pommel Strike","floor":1},{"not_picked":["Headbutt","Clothesline"],"picked":"Armaments","floor":3},{"not_picked":["Thunderclap","Evolve"],"picked":"Twin Strike","floor":4},{"not_picked":["True Grit","Barricade"],"picked":"Shrug It Off","floor":7},{"not_picked":["Thunderclap","Dropkick"],"picked":"Anger","floor":11},{"not_picked":["Heavy Blade","Rupture"],"picked":"Battle Trance","floor":12},{"not_picked":["Pommel Strike","Warcry","Rupture"],"picked":"SKIP","floor":14},{"not_picked":["Immolate","Demon Form"],"picked":"Feed","floor":16},{"not_picked":["Uppercut","Twin Strike","Pommel Strike"],"picked":"SKIP","floor":18},{"not_picked":["Thunderclap","Wild Strike","Headbutt"],"picked":"SKIP","floor":19},{"not_picked":["Battle Trance+1","Cleave"],"picked":"Uppercut+1","floor":22},{"not_picked":["Inflame","Barricade"],"picked":"Shrug It Off+1","floor":24},{"not_picked":["Sever Soul","Havoc","Clothesline"],"picked":"SKIP","floor":25},{"not_picked":["Fire Breathing","Havoc","Pommel Strike"],"picked":"SKIP","floor":28},{"not_picked":["Shrug It Off","Burning Pact"],"picked":"Corruption+1","floor":29},{"not_picked":["Heavy Blade","Fire Breathing+1","Clash"],"picked":"SKIP","floor":31},{"not_picked":["Offering","Brutality"],"picked":"Double Tap","floor":33},{"not_picked":["Fire Breathing","Clothesline+1","Battle Trance"],"picked":"SKIP","floor":35},{"not_picked":["Iron Wave","Burning Pact+1"],"picked":"Body Slam+1","floor":36},{"not_picked":["Body Slam","True Grit"],"picked":"Flame Barrier","floor":38},{"not_picked":["Trip","Impatience"],"picked":"Enlightenment","floor":39},{"not_picked":["Violence","Discovery"],"picked":"Apotheosis","floor":39},{"not_picked":["Dramatic Entrance","Swift Strike"],"picked":"Dark Shackles","floor":39},{"not_picked":["Armaments","Second Wind"],"picked":"Burning Pact+1","floor":41},{"not_picked":["Twin Strike","Armaments+1","Anger"],"picked":"SKIP","floor":42},{"not_picked":["Perfected Strike+1","Pummel+1","Havoc+1"],"picked":"SKIP","floor":45},{"not_picked":["Body Slam+1","Combust+1"],"picked":"Flame Barrier","floor":47},{"not_picked":["Twin Strike+1","Clothesline+1"],"picked":"Burning Pact+1","floor":54}],"player_experience":132173,"relics_obtained":[{"floor":7,"key":"Strawberry"},{"floor":9,"key":"Pen Nib"},{"floor":12,"key":"Dead Branch"},{"floor":24,"key":"Whetstone"},{"floor":31,"key":"Orichalcum"},{"floor":38,"key":"Girya"},{"floor":41,"key":"Anchor"},{"floor":43,"key":"Shuriken"},{"floor":48,"key":"Charon\u0027s Ashes"},{"floor":54,"key":"Calipers"}],"event_choices":[{"damage_healed":0,"gold_gain":0,"player_choice":"Take Damage","damage_taken":20,"relics_obtained":["Golden Idol"],"max_hp_gain":0,"max_hp_loss":0,"event_name":"Golden Idol","floor":5,"gold_loss":0},{"damage_healed":0,"gold_gain":0,"player_choice":"Forge","damage_taken":0,"max_hp_gain":0,"max_hp_loss":0,"event_name":"Accursed Blacksmith","floor":10,"gold_loss":0,"cards_upgraded":["Bash"]},{"damage_healed":0,"gold_gain":99,"player_choice":"Stole From Cult","damage_taken":0,"max_hp_gain":0,"max_hp_loss":0,"event_name":"Nest","floor":20,"gold_loss":0},{"damage_healed":0,"gold_gain":0,"player_choice":"Became a vampire","damage_taken":0,"max_hp_gain":0,"max_hp_loss":27,"event_name":"Vampires","floor":21,"gold_loss":0,"cards_obtained":["Bite","Bite","Bite","Bite","Bite"]},{"cards_removed":["Pommel Strike"],"damage_healed":0,"gold_gain":0,"player_choice":"Gave Gold","damage_taken":0,"max_hp_gain":0,"max_hp_loss":0,"event_name":"Beggar","floor":30,"gold_loss":75},{"damage_healed":0,"gold_gain":0,"player_choice":"Ignored","damage_taken":0,"max_hp_gain":0,"max_hp_loss":0,"event_name":"Tomb of Lord Red Mask","floor":37,"gold_loss":0},{"damage_healed":0,"gold_gain":0,"player_choice":"Fight","damage_taken":0,"max_hp_gain":0,"max_hp_loss":0,"event_name":"MindBloom","floor":38,"gold_loss":0},{"damage_healed":0,"gold_gain":0,"player_choice":"Memory 3","damage_taken":10,"max_hp_gain":0,"max_hp_loss":0,"event_name":"SensoryStone","floor":39,"gold_loss":0},{"damage_healed":0,"gold_gain":0,"player_choice":"Fight","damage_taken":0,"max_hp_gain":0,"max_hp_loss":0,"event_name":"Mysterious Sphere","floor":48,"gold_loss":0}],"is_beta":true,"boss_relics":[{"not_picked":["Calling Bell","Cursed Key"],"picked":"Sozu"},{"not_picked":["Black Star","Runic Dome"],"picked":"Mark of Pain"}],"items_purged_floors":[2,13,53],"is_endless":false,"potions_floor_spawned":[3,11,14,16,18,24,25,29,33,36,38,48],"ascension_level":4}