{"gold_per_floor":[114,129,129,148,148,148,179,200,224,210,210,210,210,170,170,301,301,317,40,40,60,83,121,41,41,87,107,107,107,39,39,39,169,169,194,35,55,55,55,75,96,115,161,161,184,209,224,224,224,224],"floor_reached":51,"playtime":3771,"items_purged":[],"score":675,"play_id":"9ab0fea2-ff1e-4b5f-927d-cf66a5dee27e","local_time":"20190206193517","is_ascension_mode":true,"campfire_choices":[{"floor":6.0,"key":"REST"},{"floor":12.0,"key":"REST"},{"floor":15.0,"key":"REST"},{"floor":25,"key":"REST"},{"floor":29,"key":"REST"},{"floor":32,"key":"REST"},{"floor":44,"key":"REST"},{"floor":49,"key":"REST"}],"neow_cost":"NONE","seed_source_timestamp":0,"circlet_count":0,"master_deck":["Defend_G","Defend_G","Defend_G","Defend_G","Strike_G","Strike_G","Strike_G+1","Strike_G","Strike_G+1","Survivor","Neutralize","Dagger Spray","Deadly Poison","Dodge and Roll","After Image","Backflip","Backflip","Infinite Blades","Burst+1","Crippling Poison+1","Noxious Fumes","Bouncing Flask","Die Die Die","Accuracy","Acrobatics","Dodge and Roll+1","Adrenaline","Noxious Fumes+1","After Image","Tools of the Trade","Writhe","After Image","Cloak And Dagger","Blur","Escape Plan","Terror+1","Finesse","Blur+1","Backflip","Parasite","PiercingWail","Bane+1","Blade Dance","Footwork+1"],"special_seed":0,"relics":["Ring of the Snake","Potion Belt","Golden Idol","Snake Skull","Whetstone","Fusion Hammer","TwistedFunnel","Bag of Preparation","Pen Nib","Lantern","HoveringKite","Orichalcum"],"potions_floor_usage":[23,41,50,50],"damage_taken":[{"damage":0.0,"enemies":"Small Slimes","floor":1.0,"turns":3.0},{"damage":0.0,"enemies":"2 Louse","floor":2.0,"turns":2.0},{"damage":0.0,"enemies":"Cultist","floor":4.0,"turns":3.0},{"damage":43.0,"enemies":"Gremlin Nob","floor":7.0,"turns":5.0},{"damage":10.0,"enemies":"Exordium Wildlife","floor":8.0,"turns":6.0},{"damage":0.0,"enemies":"Exordium Thugs","floor":10.0,"turns":5.0},{"damage":13.0,"enemies":"Slime Boss","floor":16.0,"turns":15.0},{"damage":2,"enemies":"Shell Parasite","floor":18,"turns":6},{"damage":12,"enemies":"2 Thieves","floor":21,"turns":4},{"damage":12,"enemies":"Snake Plant","floor":22,"turns":5},{"damage":6,"enemies":"Book of Stabbing","floor":23,"turns":6},{"damage":15,"enemies":"Snecko","floor":27,"turns":4},{"damage":46,"enemies":"Champ","floor":33,"turns":11},{"damage":0,"enemies":"Orb Walker","floor":35,"turns":4},{"damage":0,"enemies":"3 Shapes","floor":37,"turns":2},{"damage":23,"enemies":"Maw","floor":40,"turns":7},{"damage":14,"enemies":"Jaw Worm Horde","floor":41,"turns":5},{"damage":0,"enemies":"Writhing Mass","floor":42,"turns":5},{"damage":0,"enemies":"Maw","floor":45,"turns":7},{"damage":0,"enemies":"3 Darklings","floor":46,"turns":4},{"damage":8,"enemies":"Transient","floor":47,"turns":5},{"damage":37,"enemies":"Time Eater","floor":50,"turns":14}],"seed_played":"456190532605439304","potions_obtained":[{"floor":2.0,"key":"SteroidPotion"},{"floor":7.0,"key":"Dexterity Potion"},{"floor":8.0,"key":"Dexterity Potion"},{"floor":18,"key":"LiquidBronze"},{"floor":23,"key":"Ancient Potion"},{"floor":27,"key":"AttackPotion"},{"floor":37,"key":"SpeedPotion"},{"floor":47,"key":"PowerPotion"}],"is_trial":false,"path_per_floor":["M","M","?","M","?","R","E","M","T","M","?","R","?","$","R","B",null,"M","$","?","M","M","E","$","R","T","M","?","R","$","?","R","B",null,"M","$","M","?","?","M","M","M","T","R","M","M","M","?","R","B",null],"character_chosen":"THE_SILENT","items_purchased":["Infinite Blades","TwistedFunnel","Noxious Fumes","Adrenaline","Tools of the Trade","Blur","Escape Plan"],"campfire_rested":8,"item_purchase_floors":[14,19,19,24,30,36,36],"current_hp_per_floor":[70,70,70,70,53,70,27,17,17,17,22,44,44,44,66,53,75,73,73,73,61,49,43,43,65,65,50,50,72,72,72,75,29,75,75,75,75,75,75,52,38,38,38,60,60,60,52,52,74,37],"gold":224,"neow_bonus":"RANDOM_COMMON_RELIC","is_prod":false,"is_daily":false,"chose_seed":false,"campfire_upgraded":0,"win_rate":0,"timestamp":1549452917,"path_taken":["M","M","?","M","?","R","E","M","T","M","?","R","?","$","R","BOSS","M","$","?","M","?","E","$","R","T","M","?","R","?","?","R","BOSS","M","$","M","?","?","M","M","M","T","R","M","?","M","?","R","BOSS"],"build_version":"2019-01-23","purchased_purges":0,"victory":true,"max_hp_per_floor":[70,70,70,70,70,70,70,70,70,70,75,75,75,75,75,75,75,75,75,75,75,75,75,75,75,75,75,75,75,75,75,75,75,75,75,75,75,75,75,75,75,75,75,75,75,75,75,75,75,75],"card_choices":[{"not_picked":["Prepared","Sucker Punch"],"picked":"Dagger Spray","floor":1.0},{"not_picked":["Bane","Prepared"],"picked":"Deadly Poison","floor":2.0},{"not_picked":["Poisoned Stab","Deadly Poison"],"picked":"Dodge and Roll","floor":4.0},{"not_picked":["Infinite Blades","Poisoned Stab"],"picked":"After Image","floor":7.0},{"not_picked":["Dodge and Roll","Calculated Gamble"],"picked":"Predator","floor":8.0},{"not_picked":["Deflect","Sucker Punch"],"picked":"Backflip","floor":10.0},{"not_picked":["Bullet Time","Phantasmal Killer"],"picked":"Burst","floor":16.0},{"not_picked":["Skewer","Finisher"],"picked":"Crippling Poison+1","floor":18},{"not_picked":["Quick Slash","Terror"],"picked":"Accuracy","floor":21},{"not_picked":["Slice","Underhanded Strike"],"picked":"Acrobatics","floor":22},{"not_picked":["Expertise","Flechettes"],"picked":"Dodge and Roll+1","floor":23},{"not_picked":["Concentrate","Accuracy"],"picked":"Noxious Fumes+1","floor":27},{"not_picked":["Malaise","Glass Knife"],"picked":"After Image","floor":33},{"not_picked":["Sucker Punch+1","Noxious Fumes"],"picked":"Cloak And Dagger","floor":35},{"not_picked":["Outmaneuver+1","Riddle With Holes"],"picked":"Terror+1","floor":37},{"not_picked":["Mind Blast","Swift Strike"],"picked":"Finesse","floor":38},{"not_picked":["Backstab","Distraction+1"],"picked":"Blur+1","floor":40},{"not_picked":["Backstab+1","Dodge and Roll"],"picked":"Backflip","floor":41},{"not_picked":["Sucker Punch","Dagger Spray+1"],"picked":"PiercingWail","floor":42},{"not_picked":["Caltrops","PiercingWail+1"],"picked":"Bane+1","floor":45},{"not_picked":["Doppelganger","Skewer+1"],"picked":"Blade Dance","floor":46},{"not_picked":["Choke+1","Well Laid Plans"],"picked":"Footwork+1","floor":47}],"player_experience":38801,"relics_obtained":[{"floor":7.0,"key":"Snake Skull"},{"floor":9.0,"key":"Whetstone"},{"floor":23,"key":"Bag of Preparation"},{"floor":26,"key":"Pen Nib"},{"floor":43,"key":"Orichalcum"}],"event_choices":[{"damage_healed":0.0,"max_hp_gain":0.0,"max_hp_loss":0.0,"gold_gain":0.0,"event_name":"Golden Wing","player_choice":"Ignored","floor":3.0,"gold_loss":0.0,"damage_taken":0.0},{"damage_healed":0.0,"max_hp_gain":0.0,"max_hp_loss":0.0,"gold_gain":0.0,"event_name":"Golden Idol","player_choice":"Take Damage","floor":5.0,"gold_loss":0.0,"damage_taken":17.0,"relics_obtained":["Golden Idol"]},{"damage_healed":0.0,"max_hp_gain":5.0,"max_hp_loss":0.0,"gold_gain":0.0,"event_name":"Big Fish","player_choice":"Donut","floor":11.0,"gold_loss":0.0,"damage_taken":0.0},{"damage_healed":0.0,"max_hp_gain":0.0,"max_hp_loss":0.0,"gold_gain":0.0,"cards_transformed":["Defend_G"],"event_name":"Living Wall","player_choice":"Change","floor":13.0,"gold_loss":0.0,"damage_taken":0.0,"cards_obtained":["Backflip"]},{"damage_healed":0,"gold_gain":0,"player_choice":"2 cards matched","damage_taken":0,"max_hp_gain":0,"max_hp_loss":0,"event_name":"Match and Keep!","floor":20,"gold_loss":0,"cards_obtained":["Bouncing Flask","Die Die Die"]},{"damage_healed":0,"gold_gain":0,"player_choice":"Copied","damage_taken":0,"max_hp_gain":0,"max_hp_loss":0,"event_name":"Duplicator","floor":28,"gold_loss":0,"cards_obtained":["After Image"]},{"damage_healed":0,"gold_gain":0,"player_choice":"Opened","damage_taken":0,"relics_obtained":["Lantern"],"max_hp_gain":0,"max_hp_loss":0,"event_name":"The Mausoleum","floor":31,"gold_loss":0,"cards_obtained":["Writhe"]},{"damage_healed":0,"gold_gain":0,"player_choice":"Memory 1","damage_taken":0,"max_hp_gain":0,"max_hp_loss":0,"event_name":"SensoryStone","floor":38,"gold_loss":0},{"damage_healed":0,"gold_gain":0,"player_choice":"Forge","damage_taken":0,"max_hp_gain":0,"max_hp_loss":0,"event_name":"Accursed Blacksmith","floor":39,"gold_loss":0,"cards_upgraded":["Burst"]},{"cards_removed":["Predator"],"damage_healed":0,"gold_gain":0,"player_choice":"Removed Attack","damage_taken":0,"max_hp_gain":0,"max_hp_loss":0,"event_name":"Falling","floor":48,"gold_loss":0}],"is_beta":false,"boss_relics":[{"not_picked":["Coffee Dripper","WristBlade"],"picked":"Fusion Hammer"},{"not_picked":["Snecko Eye","Philosopher\u0027s Stone"],"picked":"HoveringKite"}],"items_purged_floors":[],"is_endless":false,"potions_floor_spawned":[2,7,8,18,23,27,37,47],"ascension_level":1}