{"gold_per_floor":[116,116,116,130,142,142,26,26,26,44,44,119,119,135,135,230,230,249,23,41,52,52,52,65,65],"floor_reached":25,"playtime":642,"items_purged":["Parasite"],"score":193,"play_id":"8869bdd6-ce82-4b3f-aff6-9d2fcf523931","local_time":"20180728010048","is_ascension_mode":false,"campfire_choices":[{"data":"Glass Knife","floor":6,"key":"SMITH"},{"data":"Infinite Blades","floor":8,"key":"SMITH"},{"data":"Cloak And Dagger","floor":15,"key":"SMITH"},{"floor":23,"key":"REST"}],"neow_cost":"NONE","seed_source_timestamp":44942648305623,"circlet_count":0,"master_deck":["Defend_G","Defend_G","Defend_G","Defend_G","Defend_G","Strike_G","Strike_G","Strike_G","Strike_G","Strike_G","Survivor","Neutralize","Outmaneuver","Choke","Cloak And Dagger","All Out Attack","Glass Knife+1","Infinite Blades+1","All Out Attack","Bouncing Flask","Accuracy","Bouncing Flask","Cloak And Dagger+1","A Thousand Cuts","Riddle With Holes+1","Deadly Poison","PiercingWail+1","Crippling Poison","Backflip+1","Night Terror","Riddle With Holes+1","Underhanded Strike+1"],"relics":["Ring of the Snake","Strawberry","Prayer Wheel","Paper Crane","Question Card","Black Star","Juzu Bracelet"],"potions_floor_usage":[16,24,25],"damage_taken":[{"damage":10,"enemies":"2 Louse","floor":1,"turns":4},{"damage":10,"enemies":"Small Slimes","floor":4,"turns":4},{"damage":10,"enemies":"Jaw Worm","floor":5,"turns":3},{"damage":4,"enemies":"3 Louse","floor":10,"turns":2},{"damage":12,"enemies":"Blue Slaver","floor":14,"turns":3},{"damage":22,"enemies":"The Guardian","floor":16,"turns":12},{"damage":10,"enemies":"Shell Parasite","floor":18,"turns":5},{"damage":35,"enemies":"Spheric Guardian","floor":20,"turns":7},{"damage":12,"enemies":"Snake Plant","floor":21,"turns":5},{"damage":20,"enemies":"Centurion and Healer","floor":24,"turns":6},{"damage":34,"enemies":"Snecko","floor":25,"turns":4}],"seed_played":"-5402561084029214616","potions_obtained":[{"floor":1,"key":"Swift Potion"},{"floor":10,"key":"Dexterity Potion"},{"floor":18,"key":"Dexterity Potion"},{"floor":20,"key":"Dexterity Potion"},{"floor":24,"key":"Regen Potion"}],"is_trial":false,"path_per_floor":["M","?","T","M","M","R","$","R","T","M","?","?","?","M","R","B",null,"M","$","M","M","$","R","M"],"character_chosen":"THE_SILENT","items_purchased":["Infinite Blades","All Out Attack","Juzu Bracelet"],"campfire_rested":1,"item_purchase_floors":[7,7,19],"current_hp_per_floor":[67,67,67,57,47,47,47,47,47,43,62,51,51,39,39,17,77,67,67,32,20,20,42,22,0],"gold":65,"neow_bonus":"RANDOM_COMMON_RELIC","is_prod":false,"is_daily":false,"chose_seed":false,"campfire_upgraded":3,"win_rate":0,"timestamp":1532705448,"path_taken":["M","?","?","M","M","R","$","R","T","M","?","?","?","M","R","BOSS","M","$","M","M","$","R","M","M"],"build_version":"2018-07-26","purchased_purges":1,"victory":false,"max_hp_per_floor":[77,77,77,77,77,77,77,77,77,77,77,77,77,77,77,77,77,77,74,74,74,74,74,74,74],"card_choices":[{"not_picked":["Tactician","Dagger Throw"],"picked":"Outmaneuver","floor":1},{"not_picked":["Tactician","Predator"],"picked":"Choke","floor":4},{"not_picked":["Bane","Dagger Throw"],"picked":"Cloak And Dagger","floor":4},{"not_picked":["Outmaneuver","Acrobatics"],"picked":"All Out Attack","floor":5},{"not_picked":["Dagger Spray","Quick Slash"],"picked":"Glass Knife","floor":5},{"not_picked":["Endless Agony","Riddle With Holes","Finisher"],"picked":"Bouncing Flask","floor":10},{"not_picked":["Concentrate","All Out Attack","Cloak And Dagger"],"picked":"Accuracy","floor":10},{"not_picked":["Dodge and Roll","Endless Agony","Deflect"],"picked":"Bouncing Flask","floor":14},{"not_picked":["Deflect","Doppelganger","Endless Agony"],"picked":"Cloak And Dagger","floor":14},{"not_picked":["Grand Finale","After Image","Doppelganger"],"picked":"A Thousand Cuts","floor":16},{"not_picked":["Flying Knee","Dagger Spray","Calculated Gamble"],"picked":"Riddle With Holes+1","floor":18},{"not_picked":["Well Laid Plans+1","Flying Knee+1","Backflip+1"],"picked":"Deadly Poison","floor":18},{"not_picked":["Flying Knee","Well Laid Plans","Doppelganger"],"picked":"PiercingWail+1","floor":20},{"not_picked":["Accuracy","Quick Slash","Acrobatics"],"picked":"Crippling Poison","floor":20},{"not_picked":["Reflex","Bane","Outmaneuver+1"],"picked":"Backflip+1","floor":21},{"not_picked":["Sucker Punch","Slice+1","Terror"],"picked":"Night Terror","floor":21},{"not_picked":["Underhanded Strike+1","Poisoned Stab+1","Dodge and Roll+1"],"picked":"Riddle With Holes+1","floor":24},{"not_picked":["Setup+1","Well Laid Plans","PiercingWail"],"picked":"Underhanded Strike+1","floor":24}],"player_experience":277166,"relics_obtained":[{"floor":3,"key":"Paper Crane"},{"floor":9,"key":"Question Card"}],"event_choices":[{"event_name":"Big Fish","player_choice":"Box","floor":2,"damage_taken":0},{"event_name":"Mushrooms","player_choice":"Healed and dodged fight","floor":11,"damage_taken":0},{"event_name":"World of Goop","player_choice":"Gather Gold","floor":12,"damage_taken":0},{"event_name":"Living Wall","player_choice":"Forget","floor":13,"damage_taken":0}],"is_beta":false,"boss_relics":[{"not_picked":["Astrolabe","Pandora\u0027s Box"],"picked":"Black Star"}],"items_purged_floors":[19],"is_endless":false,"potions_floor_spawned":[1,10,18,20,24],"killed_by":"Snecko","ascension_level":0}