{"gold_per_floor":[116,27,44,44,5,40,40,65,65,65,78,78,92,167,167,240,240,257,257,257,270,270,270],"floor_reached":23,"playtime":630,"items_purged":[],"score":422,"play_id":"ba33fdc9-c4b0-45be-9764-672e826e1ddd","local_time":"20181231104055","is_ascension_mode":true,"campfire_choices":[{"data":"1","floor":7,"key":"LIFT"},{"floor":10,"key":"REST"},{"floor":12,"key":"REST"},{"floor":15,"key":"REST"}],"neow_cost":"NONE","seed_source_timestamp":976252759798653,"circlet_count":0,"master_deck":["AscendersBane","Strike_B+1","Strike_B+1","Strike_B+1","Defend_B+1","Defend_B+1","Defend_B+1","Defend_B+1","Zap","Dualcast","Storm","Loop","Conserve Battery","Machine Learning","Zap","Static Discharge","Thunder Strike","Chill","Beam Cell","Seek","Buffer","Rebound","Steam","Sunder"],"relics":["Cracked Core","NeowsBlessing","Girya","Pantograph","Sozu"],"potions_floor_usage":[8,8,16],"damage_taken":[{"damage":0,"enemies":"Cultist","floor":1,"turns":1},{"damage":0,"enemies":"2 Louse","floor":3,"turns":1},{"damage":0,"enemies":"Lagavulin","floor":6,"turns":1},{"damage":58,"enemies":"3 Sentries","floor":8,"turns":6},{"damage":14,"enemies":"Small Slimes","floor":11,"turns":3},{"damage":6,"enemies":"2 Fungi Beasts","floor":13,"turns":2},{"damage":33,"enemies":"Hexaghost","floor":16,"turns":6},{"damage":26,"enemies":"Chosen","floor":18,"turns":3},{"damage":11,"enemies":"Spheric Guardian","floor":21,"turns":4},{"damage":24,"enemies":"Slavers","floor":23,"turns":5}],"seed_played":"6761574755453130065","potions_obtained":[{"floor":1,"key":"LiquidBronze"},{"floor":6,"key":"LiquidBronze"},{"floor":13,"key":"AttackPotion"}],"is_trial":false,"path_per_floor":["M","$","M","?","$","E","R","E","T","R","M","R","M","?","R","B",null,"M","?","?","M","?","E"],"character_chosen":"DEFECT","items_purchased":["Loop","Static Discharge"],"campfire_rested":3,"item_purchase_floors":[2,5],"current_hp_per_floor":[64,64,64,64,64,64,64,6,6,27,13,34,28,17,38,30,61,35,35,35,24,24,0],"gold":270,"neow_bonus":"THREE_ENEMY_KILL","is_prod":false,"is_daily":false,"chose_seed":false,"campfire_upgraded":0,"win_rate":0,"timestamp":1546270855,"path_taken":["M","$","?","?","?","E","R","E","T","R","M","R","M","?","R","BOSS","M","?","?","M","?","E"],"build_version":"2018-12-20","purchased_purges":0,"victory":false,"max_hp_per_floor":[71,71,71,71,71,71,71,71,71,71,71,71,71,71,71,71,71,71,71,71,71,71,71],"card_choices":[{"not_picked":["Blizzard","Conserve Battery"],"picked":"Storm","floor":1},{"not_picked":["Doom and Gloom","Scrape"],"picked":"Conserve Battery","floor":3},{"not_picked":["Undo","Compile Driver"],"picked":"Thunder Strike","floor":6},{"not_picked":["FTL","Beam Cell"],"picked":"Chill","floor":8},{"not_picked":["Sweeping Beam","Hologram"],"picked":"Beam Cell","floor":11},{"not_picked":["Blizzard","Turbo"],"picked":"Seek","floor":13},{"not_picked":["Amplify","All For One"],"picked":"Buffer","floor":16},{"not_picked":["Doom and Gloom","Go for the Eyes"],"picked":"Rebound","floor":18},{"not_picked":["Chaos","Turbo"],"picked":"Steam","floor":21}],"player_experience":1967202,"relics_obtained":[{"floor":6,"key":"Girya"},{"floor":8,"key":"Pantograph"}],"event_choices":[{"damage_healed":0,"gold_gain":0,"player_choice":"2 cards matched","damage_taken":0,"max_hp_gain":0,"max_hp_loss":0,"event_name":"Match and Keep!","floor":4,"gold_loss":0,"cards_obtained":["Machine Learning","Zap"]},{"damage_healed":0,"gold_gain":75,"player_choice":"Gather Gold","damage_taken":11,"max_hp_gain":0,"max_hp_loss":0,"event_name":"World of Goop","floor":14,"gold_loss":0},{"damage_healed":0,"gold_gain":0,"player_choice":"Ignored","damage_taken":0,"max_hp_gain":0,"max_hp_loss":0,"event_name":"The Mausoleum","floor":19,"gold_loss":0},{"damage_healed":0,"gold_gain":0,"player_choice":"Simplicity","damage_taken":0,"max_hp_gain":0,"max_hp_loss":0,"event_name":"Back to Basics","floor":20,"gold_loss":0,"cards_upgraded":["Strike_B","Strike_B","Strike_B","Strike_B","Defend_B","Defend_B","Defend_B","Defend_B"]},{"damage_healed":0,"gold_gain":0,"cards_transformed":["Strike_B"],"player_choice":"Transformed","damage_taken":0,"max_hp_gain":0,"max_hp_loss":0,"event_name":"Transmorgrifier","floor":22,"gold_loss":0,"cards_obtained":["Sunder"]}],"is_beta":false,"boss_relics":[{"not_picked":["Busted Crown","Runic Pyramid"],"picked":"Sozu"}],"items_purged_floors":[],"is_endless":false,"potions_floor_spawned":[1,6,13,18],"killed_by":"Slavers","ascension_level":18}