{"gold_per_floor":[119,131,11,26,40,40,40,40,63,63,63,63,63,76,76,200,200,213,213,138],"floor_reached":20,"playtime":1064,"items_purged":["Strike_B"],"score":262,"play_id":"106c5ae6-7bd7-4862-a73a-871cf4db5b9b","local_time":"20180715133951","is_ascension_mode":false,"campfire_choices":[{"data":"Zap","floor":6,"key":"SMITH"},{"floor":8,"key":"REST"},{"data":"Aggregate","floor":13,"key":"SMITH"},{"floor":15,"key":"REST"}],"neow_cost":"","seed_source_timestamp":0,"circlet_count":0,"master_deck":["Strike_B+1","Strike_B","Strike_B+1","Defend_B","Defend_B","Defend_B+1","Defend_B+1","Zap+1","Dualcast","Tempest","Fusion+1","Conserve Battery","Capacitor","Aggregate+1","Injury","Conserve Battery","Fission","Consume"],"relics":["Cracked Core","Whetstone","Golden Idol","Nloth\u0027s Gift"],"potions_floor_usage":[14,16,18,20],"damage_taken":[{"damage":0,"enemies":"Cultist","floor":1,"turns":4},{"damage":0,"enemies":"Small Slimes","floor":2,"turns":3},{"damage":0,"enemies":"2 Louse","floor":4,"turns":2},{"damage":36,"enemies":"Gremlin Gang","floor":5,"turns":5},{"damage":9,"enemies":"3 Louse","floor":14,"turns":3},{"damage":38,"enemies":"Hexaghost","floor":16,"turns":14},{"damage":41,"enemies":"3 Byrds","floor":18,"turns":5},{"damage":37,"enemies":"2 Thieves","floor":20,"turns":3}],"seed_played":"801162945175202704","potions_obtained":[{"floor":4,"key":"Weak Potion"},{"floor":5,"key":"Swift Potion"},{"floor":16,"key":"Poison Potion"},{"floor":18,"key":"AttackPotion"}],"is_trial":true,"path_per_floor":["M","M","$","M","M","R","$","R","T","?","?","?","R","M","R","B",null,"M","?"],"character_chosen":"DEFECT","items_purchased":["Conserve Battery"],"campfire_rested":2,"item_purchase_floors":[3],"current_hp_per_floor":[75,75,75,75,39,39,39,61,61,61,61,46,46,37,59,21,75,34,34,0],"gold":138,"neow_bonus":"","is_prod":false,"is_daily":false,"chose_seed":false,"campfire_upgraded":2,"win_rate":0,"timestamp":1531676391,"path_taken":["M","M","$","?","M","R","$","R","T","?","?","?","R","?","R","BOSS","M","?","M"],"build_version":"2018-07-12","purchased_purges":1,"victory":false,"max_hp_per_floor":[75,75,75,75,75,75,75,75,75,75,75,75,75,75,75,75,75,75,75,75],"card_choices":[{"not_picked":["Conserve Battery","Beam Cell"],"picked":"Tempest","floor":1},{"not_picked":["Leap","Melter"],"picked":"Fusion","floor":2},{"not_picked":["Reprogram","Turbo"],"picked":"Capacitor","floor":4},{"not_picked":["Self Repair","Rebound"],"picked":"Aggregate","floor":5},{"not_picked":["Rainbow","Scrape"],"picked":"Conserve Battery","floor":14},{"not_picked":["Biased Cognition","All For One"],"picked":"Fission","floor":16},{"not_picked":["Turbo","Steam"],"picked":"Consume","floor":18}],"player_experience":1115944,"relics_obtained":[{"floor":9,"key":"Whetstone"}],"event_choices":[{"event_name":"Upgrade Shrine","player_choice":"Upgraded","floor":10,"damage_taken":0},{"event_name":"Golden Idol","player_choice":"Take Wound","floor":11,"damage_taken":0},{"event_name":"Shining Light","player_choice":"Entered Light","floor":12,"damage_taken":0},{"event_name":"N\u0027loth","player_choice":"Traded a White Beast Statue","floor":19,"damage_taken":0}],"boss_relics":[{"not_picked":["Velvet Choker","Coffee Dripper"],"picked":"White Beast Statue"}],"items_purged_floors":[3],"is_endless":true,"potions_floor_spawned":[4,5,16,18],"killed_by":"2 Thieves","ascension_level":0}