{"gold_per_floor":[209,209,209,228,240,240,190,190,190,218,218,229,304,317,317,418,418,438,438,457,123,123,123,141,159,159,171,171,71,91,103,103,103],"floor_reached":33,"playtime":1737,"items_purged":["Strike_R","Strike_R"],"score":386,"play_id":"0ffce6fb-86d8-48b6-a519-7f0a1eb3aaa9","local_time":"20180830202319","is_ascension_mode":true,"campfire_choices":[{"data":"Bash","floor":6,"key":"SMITH"},{"data":"Cleave","floor":8,"key":"SMITH"},{"floor":11,"key":"REST"},{"floor":15,"key":"REST"},{"floor":23,"key":"REST"},{"floor":28,"key":"REST"},{"floor":32,"key":"REST"}],"neow_cost":"NONE","seed_source_timestamp":849546931434156,"circlet_count":0,"master_deck":["Strike_R","Defend_R","Defend_R","Defend_R","Defend_R","Bash+1","AscendersBane","Headbutt","Cleave+1","Bandage Up","Twin Strike","Disarm","Rage","Impervious","Limit Break","Headbutt","Flex","Sword Boomerang","Pummel","Shockwave","Pummel"],"relics":["Burning Blood","Sundial","Red Skull","Fusion Hammer","Shuriken","Art of War"],"potions_floor_usage":[12,14,16,24,27,33,33],"damage_taken":[{"damage":11,"enemies":"Small Slimes","floor":1,"turns":4},{"damage":12,"enemies":"2 Louse","floor":4,"turns":3},{"damage":14,"enemies":"Jaw Worm","floor":5,"turns":3},{"damage":34,"enemies":"Gremlin Nob","floor":10,"turns":4},{"damage":8,"enemies":"Lots of Slimes","floor":12,"turns":3},{"damage":8,"enemies":"Exordium Wildlife","floor":14,"turns":4},{"damage":59,"enemies":"Slime Boss","floor":16,"turns":12},{"damage":35,"enemies":"Shell Parasite","floor":18,"turns":6},{"damage":15,"enemies":"3 Byrds","floor":20,"turns":6},{"damage":11,"enemies":"Centurion and Healer","floor":24,"turns":6},{"damage":32,"enemies":"Shelled Parasite and Fungi","floor":25,"turns":5},{"damage":17,"enemies":"Snake Plant","floor":27,"turns":4},{"damage":30,"enemies":"Cultist and Chosen","floor":30,"turns":7},{"damage":9,"enemies":"Centurion and Healer","floor":31,"turns":4},{"damage":69,"enemies":"Automaton","floor":33,"turns":8}],"seed_played":"4564945854970955333","potions_obtained":[{"floor":4,"key":"Dexterity Potion"},{"floor":10,"key":"Explosive Potion"},{"floor":12,"key":"Explosive Potion"},{"floor":14,"key":"FearPotion"},{"floor":18,"key":"Ancient Potion"},{"floor":22,"key":"Block Potion"},{"floor":30,"key":"Strength Potion"},{"floor":31,"key":"Explosive Potion"}],"is_trial":false,"path_per_floor":["M","?","?","M","M","R","?","R","T","E","R","M","?","M","R","B",null,"M","?","M","$","?","R","M","M","T","M","R","$","M","M","R"],"character_chosen":"IRONCLAD","items_purchased":["Shuriken"],"campfire_rested":5,"item_purchase_floors":[21],"current_hp_per_floor":[67,60,60,58,54,54,54,54,54,30,54,56,45,47,71,22,66,41,41,36,36,36,60,59,37,37,30,54,54,34,35,59,0],"gold":103,"neow_bonus":"HUNDRED_GOLD","is_prod":false,"is_daily":false,"chose_seed":false,"campfire_upgraded":2,"win_rate":0,"timestamp":1535674999,"path_taken":["M","?","?","?","M","R","?","R","T","E","R","M","?","M","R","BOSS","M","?","M","?","?","R","?","M","T","?","R","$","M","M","R","BOSS"],"build_version":"2018-08-23v2","purchased_purges":2,"victory":false,"max_hp_per_floor":[80,80,80,80,80,80,80,80,80,80,80,80,80,80,80,80,80,80,80,80,80,80,80,80,80,80,80,80,80,80,80,80,80],"card_choices":[{"not_picked":["Havoc","Clash"],"picked":"Headbutt","floor":1},{"not_picked":["Combust","Warcry"],"picked":"Twin Strike","floor":4},{"not_picked":["Hemokinesis","Reckless Charge"],"picked":"Disarm","floor":5},{"not_picked":["Evolve","Headbutt"],"picked":"Rage","floor":10},{"not_picked":["Havoc","Anger","Combust"],"picked":"SKIP","floor":12},{"not_picked":["Anger","Wild Strike"],"picked":"Impervious","floor":14},{"not_picked":["Dark Embrace","Bludgeon"],"picked":"Limit Break","floor":16},{"not_picked":["Cleave","Iron Wave"],"picked":"Headbutt","floor":18},{"not_picked":["Entrench","Body Slam"],"picked":"Flex","floor":20},{"not_picked":["Reckless Charge","Cleave","Wild Strike+1"],"picked":"SKIP","floor":24},{"not_picked":["Headbutt","Twin Strike"],"picked":"Sword Boomerang","floor":25},{"not_picked":["Rampage+1","Sword Boomerang+1"],"picked":"Pummel","floor":27},{"not_picked":["Wild Strike","Headbutt"],"picked":"Shockwave","floor":30},{"not_picked":["Clothesline+1","Pommel Strike"],"picked":"Pummel","floor":31}],"player_experience":1506085,"relics_obtained":[{"floor":9,"key":"Sundial"},{"floor":10,"key":"Red Skull"},{"floor":26,"key":"Art of War"}],"event_choices":[{"event_name":"Golden Wing","player_choice":"Card Removal","floor":2,"damage_taken":0},{"event_name":"Match and Keep!","player_choice":"2 cards matched","floor":3,"damage_taken":0},{"event_name":"The Cleric","player_choice":"Card Removal","floor":7,"damage_taken":0},{"event_name":"World of Goop","player_choice":"Gather Gold","floor":13,"damage_taken":0},{"event_name":"Match and Keep!","player_choice":"0 cards matched","floor":19,"damage_taken":0},{"event_name":"The Lab","player_choice":"Got Potions","floor":22,"damage_taken":0}],"is_beta":false,"boss_relics":[{"not_picked":["Coffee Dripper","Orrery"],"picked":"Fusion Hammer"}],"items_purged_floors":[21,29],"is_endless":false,"potions_floor_spawned":[4,10,12,14,18,20,30,31],"killed_by":"Automaton","ascension_level":11}