{"gold_per_floor":[363,363,56,76,76,102,155,155,155,190,210,267,267,267,267,344,344,360,360,379,379,95,95,113,113,113,113,144,144,157,40,40,113,113,125,137,137,151,92,123,123,57,81,81,97,10,10,20,20,20,20],"floor_reached":51,"playtime":2282,"items_purged":["Strike_G"],"score":1348,"play_id":"9fd0bba6-4315-4a47-abf0-51487ea5b4fc","local_time":"20190125115253","is_ascension_mode":true,"campfire_choices":[{"data":"Neutralize","floor":8.0,"key":"SMITH"},{"data":"Noxious Fumes","floor":13.0,"key":"SMITH"},{"data":"Poisoned Stab","floor":15.0,"key":"SMITH"},{"data":"Crippling Poison","floor":23.0,"key":"SMITH"},{"data":"Crippling Poison","floor":25.0,"key":"SMITH"},{"data":"Adrenaline","floor":29.0,"key":"SMITH"},{"data":"Infinite Blades","floor":32.0,"key":"SMITH"},{"floor":41.0,"key":"REST"},{"floor":44,"key":"RECALL"},{"floor":47,"key":"REST"},{"floor":49,"key":"REST"}],"neow_cost":"TEN_PERCENT_HP_LOSS","seed_source_timestamp":0,"circlet_count":0,"master_deck":["AscendersBane","Defend_G","Defend_G","Defend_G","Defend_G","Defend_G","Strike_G","Strike_G","Strike_G","Strike_G","Survivor","Neutralize+1","Quick Slash","Poisoned Stab+1","Noxious Fumes+1","Adrenaline+1","Crippling Poison+1","Crippling Poison+1","Backstab","Infinite Blades+1","Malaise","PiercingWail","Skewer","Cloak And Dagger+1","Dodge and Roll","Dodge and Roll","Catalyst","Burst"],"special_seed":0,"relics":["Ring of the Snake","Bronze Scales","Thread and Needle","Orichalcum","Singing Bowl","Pen Nib","WingedGreaves","Sozu","Nilry\u0027s Codex","Meat on the Bone","Kunai","Sundial","Fusion Hammer","Ancient Tea Set","Unceasing Top"],"potions_floor_usage":[],"damage_taken":[{"damage":7.0,"enemies":"Jaw Worm","floor":1.0,"turns":5.0},{"damage":5.0,"enemies":"Small Slimes","floor":4.0,"turns":3.0},{"damage":23.0,"enemies":"Gremlin Nob","floor":6.0,"turns":5.0},{"damage":0.0,"enemies":"3 Sentries","floor":10.0,"turns":7.0},{"damage":0.0,"enemies":"Cultist","floor":11.0,"turns":3.0},{"damage":10.0,"enemies":"Lagavulin Event","floor":12.0,"turns":5.0},{"damage":1.0,"enemies":"Hexaghost","floor":16.0,"turns":9.0},{"damage":8.0,"enemies":"Spheric Guardian","floor":18.0,"turns":4.0},{"damage":2.0,"enemies":"Shell Parasite","floor":20.0,"turns":4.0},{"damage":2.0,"enemies":"3 Cultists","floor":24.0,"turns":3.0},{"damage":2.0,"enemies":"Gremlin Leader","floor":28.0,"turns":4.0},{"damage":11.0,"enemies":"Cultist and Chosen","floor":30.0,"turns":5.0},{"damage":26.0,"enemies":"Automaton","floor":33.0,"turns":10.0},{"damage":0.0,"enemies":"3 Shapes","floor":35.0,"turns":3.0},{"damage":10.0,"enemies":"3 Darklings","floor":36.0,"turns":5.0},{"damage":0.0,"enemies":"Sphere and 2 Shapes","floor":38.0,"turns":5.0},{"damage":49.0,"enemies":"Giant Head","floor":40.0,"turns":10.0},{"damage":0,"enemies":"4 Shapes","floor":45,"turns":7},{"damage":21,"enemies":"3 Darklings","floor":48,"turns":4},{"damage":35,"enemies":"Awakened One","floor":50,"turns":14},{"damage":38,"enemies":"Donu and Deca","floor":51,"turns":3}],"seed_played":"7435584839745444662","potions_obtained":[{"floor":4.0,"key":"GhostInAJar"},{"floor":16.0,"key":"Energy Potion"}],"is_trial":false,"path_per_floor":["M","?","$","M","?","E","T","R","T","E","M","?","R","?","R","B",null,"M","?","M","?","$","R","M","R","T","?","E","R","M","$","R","B",null,"M","M","?","M","$","E","R","?","T","R","M","$","R","M","R","B","B"],"character_chosen":"THE_SILENT","items_purchased":["Bronze Scales","PowerPotion","Poison Potion","All Out Attack","Meat on the Bone","Infinite Blades","Dodge and Roll","Burst"],"campfire_rested":3,"item_purchase_floors":[3,3,3,3,22,31,39,46],"current_hp_per_floor":[52,52,52,47,47,24,24,24,24,26,26,18,18,18,18,17,52,44,44,44,23,23,23,35,35,35,35,45,45,48,48,48,34,61,61,51,70,70,70,33,54,54,54,54,54,54,70,51,72,37,0],"gold":20,"neow_bonus":"TWO_FIFTY_GOLD","is_prod":false,"is_daily":false,"chose_seed":false,"campfire_upgraded":7,"win_rate":0,"timestamp":1548413573,"path_taken":["M","?","$","M","?","E","?","R","T","E","M","?","R","?","R","BOSS","M","?","?","?","$","R","M","R","T","?","E","R","M","$","R","BOSS","M","M","?","?","$","E","R","?","T","R","?","$","R","M","R","BOSS","BOSS"],"build_version":"2019-01-23","purchased_purges":1,"victory":false,"max_hp_per_floor":[60,60,60,60,60,60,60,60,60,62,62,64,64,64,64,64,64,64,64,66,66,66,66,68,68,68,68,68,68,70,70,70,70,70,70,70,70,70,70,70,70,70,70,70,70,70,70,72,72,72,72],"card_choices":[{"not_picked":["Blade Dance","Setup"],"picked":"Quick Slash","floor":1.0},{"not_picked":["Setup","PiercingWail"],"picked":"Poisoned Stab","floor":4.0},{"not_picked":["Backflip","Blur","Dagger Throw"],"picked":"SKIP","floor":6.0},{"not_picked":["Underhanded Strike","Leg Sweep","Acrobatics"],"picked":"Singing Bowl","floor":10.0},{"not_picked":["Deflect","Setup"],"picked":"Noxious Fumes","floor":11.0},{"not_picked":["Acrobatics","Slice","Reflex"],"picked":"Singing Bowl","floor":12.0},{"not_picked":["Doppelganger","Die Die Die"],"picked":"Adrenaline","floor":16.0},{"not_picked":["Cloak And Dagger+1","Eviscerate"],"picked":"Crippling Poison","floor":18.0},{"not_picked":["Terror","Reflex","Quick Slash"],"picked":"Singing Bowl","floor":20.0},{"not_picked":["Underhanded Strike","Choke","Escape Plan"],"picked":"Singing Bowl","floor":24.0},{"not_picked":["Cloak And Dagger","Sucker Punch"],"picked":"Backstab","floor":28.0},{"not_picked":["Quick Slash+1","Dagger Spray","Endless Agony"],"picked":"Singing Bowl","floor":30.0},{"not_picked":["Venomology","Glass Knife"],"picked":"Malaise","floor":33.0},{"not_picked":["Masterful Stab","Backflip"],"picked":"PiercingWail","floor":35.0},{"not_picked":["Slice","Cloak And Dagger"],"picked":"Skewer","floor":36.0},{"not_picked":["Prepared+1","Deadly Poison+1"],"picked":"Cloak And Dagger+1","floor":38.0},{"not_picked":["Infinite Blades","Outmaneuver"],"picked":"Dodge and Roll","floor":40.0},{"not_picked":["Leg Sweep","Sucker Punch"],"picked":"Catalyst","floor":45},{"not_picked":["Masterful Stab","Dodge and Roll","Reflex+1"],"picked":"Singing Bowl","floor":48}],"player_experience":1925830,"relics_obtained":[{"floor":6.0,"key":"Thread and Needle"},{"floor":7.0,"key":"Orichalcum"},{"floor":9.0,"key":"Singing Bowl"},{"floor":10.0,"key":"Pen Nib"},{"floor":12.0,"key":"WingedGreaves"},{"floor":21.0,"key":"Nilry\u0027s Codex"},{"floor":26.0,"key":"Kunai"},{"floor":28.0,"key":"Sundial"},{"floor":40.0,"key":"Ancient Tea Set"}],"event_choices":[{"damage_healed":0.0,"max_hp_gain":0.0,"max_hp_loss":0.0,"gold_gain":0.0,"event_name":"Golden Wing","player_choice":"Ignored","floor":2.0,"gold_loss":0.0,"damage_taken":0.0},{"damage_healed":0.0,"max_hp_gain":0.0,"max_hp_loss":0.0,"gold_gain":0.0,"event_name":"Liars Game","player_choice":"Ignored","floor":5.0,"gold_loss":0.0,"damage_taken":0.0},{"damage_healed":0.0,"max_hp_gain":0.0,"max_hp_loss":0.0,"gold_gain":0.0,"event_name":"Dead Adventurer","player_choice":"Searched \u00271\u0027 times","floor":12.0,"gold_loss":0.0,"damage_taken":0.0},{"damage_healed":0.0,"max_hp_gain":0.0,"max_hp_loss":0.0,"gold_gain":0.0,"event_name":"Golden Idol","player_choice":"Ignored","floor":14.0,"gold_loss":0.0,"damage_taken":0.0},{"damage_healed":0.0,"max_hp_gain":0.0,"max_hp_loss":0.0,"gold_gain":0.0,"event_name":"Duplicator","player_choice":"Copied","floor":19.0,"gold_loss":0.0,"damage_taken":0.0,"cards_obtained":["Crippling Poison"]},{"damage_healed":0.0,"max_hp_gain":0.0,"max_hp_loss":0.0,"gold_gain":0.0,"event_name":"Cursed Tome","player_choice":"Obtained Book","floor":21.0,"gold_loss":0.0,"damage_taken":21.0},{"damage_healed":0.0,"max_hp_gain":0.0,"max_hp_loss":0.0,"gold_gain":0.0,"event_name":"The Mausoleum","player_choice":"Ignored","floor":27.0,"gold_loss":0.0,"damage_taken":0.0},{"cards_removed":["All Out Attack"],"damage_healed":19.0,"max_hp_gain":0.0,"max_hp_loss":0.0,"gold_gain":0.0,"event_name":"Bonfire Elementals","player_choice":"Offered Uncommon","floor":37.0,"gold_loss":0.0,"damage_taken":0.0},{"damage_healed":0.0,"max_hp_gain":0.0,"max_hp_loss":0.0,"gold_gain":0.0,"event_name":"WeMeetAgain","player_choice":"Paid Gold","floor":42.0,"gold_loss":66.0,"damage_taken":0.0,"relics_obtained":["Unceasing Top"]}],"is_beta":false,"boss_relics":[{"not_picked":["Ectoplasm","Runic Dome"],"picked":"Sozu"},{"not_picked":["Tiny House","Black Star"],"picked":"Fusion Hammer"}],"items_purged_floors":[31],"is_endless":false,"potions_floor_spawned":[4,16,28,35,38,48],"killed_by":"Donu and Deca","ascension_level":20}