{"gold_per_floor":[113,133,144,162,74,84,84,99,99,111,15,0,0,19,19,93,93,103,117,167,186,186,186,186,186,186,112,125,125],"floor_reached":29,"playtime":1298,"items_purged":["Writhe"],"score":427,"play_id":"7e42189d-af1e-468d-b544-7626357479b6","local_time":"20190131203541","is_ascension_mode":true,"campfire_choices":[{"data":"Rip and Tear","floor":7,"key":"SMITH"},{"floor":13,"key":"REST"},{"data":"Defragment","floor":15,"key":"SMITH"},{"floor":23,"key":"REST"},{"data":"Seek","floor":25,"key":"SMITH"}],"neow_cost":"NONE","seed_source_timestamp":633514099506099,"circlet_count":0,"master_deck":["AscendersBane","Strike_B","Strike_B","Defend_B","Defend_B","Defend_B","Defend_B","Zap","Dualcast","Cold Snap","Heatsinks","Streamline","Leap","Capacitor","Rip and Tear+1","Coolheaded","Defragment+1","Leap","Capacitor","Seek+1","Capacitor+1","Chill","Darkness","Redo","Amplify","Ball Lightning","Ball Lightning","Leap"],"relics":["FrozenCore","NeowsBlessing","Letter Opener","Dream Catcher","Smiling Mask"],"potions_floor_usage":[6,14,16,18,19],"damage_taken":[{"damage":0,"enemies":"Cultist","floor":1,"turns":1},{"damage":0,"enemies":"Jaw Worm","floor":2,"turns":1},{"damage":0,"enemies":"Small Slimes","floor":3,"turns":1},{"damage":18,"enemies":"Red Slaver","floor":4,"turns":4},{"damage":8,"enemies":"Large Slime","floor":6,"turns":5},{"damage":24,"enemies":"3 Louse","floor":8,"turns":4},{"damage":0,"enemies":"Exordium Wildlife","floor":10,"turns":2},{"damage":0,"enemies":"Large Slime","floor":14,"turns":4},{"damage":6,"enemies":"The Guardian","floor":16,"turns":12},{"damage":0,"enemies":"Spheric Guardian","floor":18,"turns":7},{"damage":21,"enemies":"3 Byrds","floor":19,"turns":10},{"damage":15,"enemies":"Snake Plant","floor":21,"turns":8},{"damage":6,"enemies":"Sentry and Sphere","floor":28,"turns":8},{"damage":46,"enemies":"Cultist and Chosen","floor":29,"turns":4}],"seed_played":"6635232980078985359","potions_obtained":[{"floor":3,"key":"Dexterity Potion"},{"floor":4,"key":"Explosive Potion"},{"floor":8,"key":"Explosive Potion"},{"floor":14,"key":"Weak Potion"},{"floor":18,"key":"Fruit Juice"}],"is_trial":false,"path_per_floor":["M","M","M","M","$","M","R","M","T","M","$","?","R","M","R","B",null,"M","M","?","M","?","R","?","R","T","$","M","M"],"character_chosen":"DEFECT","items_purchased":["Capacitor","Defragment","Leap","Ball Lightning"],"campfire_rested":2,"item_purchase_floors":[5,11,11,27],"current_hp_per_floor":[64,64,64,46,46,38,38,14,14,14,14,14,35,35,35,29,61,66,45,45,30,30,52,52,52,52,52,46,0],"gold":125,"neow_bonus":"THREE_ENEMY_KILL","is_prod":false,"is_daily":false,"chose_seed":false,"campfire_upgraded":3,"win_rate":0,"timestamp":1548984941,"path_taken":["M","?","M","?","$","M","R","M","T","?","$","?","R","M","R","BOSS","M","M","?","?","?","R","?","R","T","?","M","M"],"build_version":"2019-01-23","purchased_purges":1,"victory":false,"max_hp_per_floor":[71,71,71,71,71,71,71,71,71,71,71,71,71,71,71,71,71,76,76,76,76,76,76,76,76,76,76,76,76],"card_choices":[{"not_picked":["Conserve Battery","Self Repair"],"picked":"Cold Snap","floor":1},{"not_picked":["Redo","Steam Power"],"picked":"Heatsinks","floor":2},{"not_picked":["Undo","Force Field"],"picked":"Streamline","floor":3},{"not_picked":["Chaos","Undo"],"picked":"Leap","floor":4},{"not_picked":["Streamline","Redo"],"picked":"Rip and Tear","floor":6},{"not_picked":["Fusion","Hyperbeam","Reprogram"],"picked":"SKIP","floor":8},{"not_picked":["Gash","Genetic Algorithm"],"picked":"Coolheaded","floor":10},{"not_picked":["Steam","Beam Cell"],"picked":"Capacitor","floor":14},{"not_picked":["Meteor Strike","Biased Cognition"],"picked":"Seek","floor":16},{"not_picked":["Stack","Go for the Eyes"],"picked":"Capacitor+1","floor":18},{"not_picked":["Rebound","Melter"],"picked":"Chill","floor":19},{"not_picked":["Conserve Battery","Rip and Tear"],"picked":"Darkness","floor":21},{"not_picked":["Steam","Beam Cell"],"picked":"Redo","floor":23},{"not_picked":["Aggregate","Turbo"],"picked":"Leap","floor":28}],"player_experience":2257527,"relics_obtained":[{"floor":9,"key":"Letter Opener"},{"floor":26,"key":"Smiling Mask"}],"event_choices":[{"damage_healed":0,"gold_gain":0,"player_choice":"Left Gold","damage_taken":0,"max_hp_gain":0,"max_hp_loss":0,"event_name":"World of Goop","floor":12,"gold_loss":15},{"damage_healed":0,"gold_gain":50,"player_choice":"Pray","damage_taken":0,"max_hp_gain":0,"max_hp_loss":0,"event_name":"Golden Shrine","floor":20,"gold_loss":0},{"damage_healed":0,"gold_gain":0,"player_choice":"Opened","damage_taken":0,"relics_obtained":["Dream Catcher"],"max_hp_gain":0,"max_hp_loss":0,"event_name":"The Mausoleum","floor":22,"gold_loss":0,"cards_obtained":["Writhe"]},{"damage_healed":0,"gold_gain":0,"cards_transformed":["Strike_B","Strike_B"],"player_choice":"Became Test Subject","damage_taken":0,"max_hp_gain":0,"max_hp_loss":0,"event_name":"Drug Dealer","floor":24,"gold_loss":0,"cards_obtained":["Amplify","Ball Lightning"]}],"is_beta":false,"boss_relics":[{"not_picked":["Nuclear Battery","Calling Bell"],"picked":"FrozenCore"}],"items_purged_floors":[27],"is_endless":false,"potions_floor_spawned":[3,4,8,10,14,18],"killed_by":"Cultist and Chosen","ascension_level":19}