{"gold_per_floor":[116,126,12,12,22,51,51,108,108,139,139,168,168,168,168,247,247,267,192,192,206,219,219,144,144,170,184,184,184,184],"floor_reached":30,"playtime":1202,"items_purged":["Strike_B"],"score":489,"play_id":"49f13f68-87aa-4269-bf0a-4b18f84b30ae","local_time":"20181221152015","is_ascension_mode":true,"campfire_choices":[{"data":"Consume","floor":7,"key":"SMITH"},{"floor":15,"key":"REST"},{"data":"Zap","floor":23,"key":"SMITH"},{"floor":28,"key":"REST"}],"neow_cost":"NONE","seed_source_timestamp":128629279444237,"circlet_count":0,"master_deck":["AscendersBane","Strike_B+1","Strike_B+1","Defend_B+1","Defend_B+1","Defend_B+1","Defend_B+1","Zap+1","Dualcast","Ball Lightning","Chill","Gash+1","Conserve Battery","Consume+1","Coolheaded","Gash","FTL","Parasite","Gash","All For One","Core Surge","Self Repair","Melter","Coolheaded","BootSequence","Compile Driver","Defragment","Hologram","All For One","Beam Cell","Recycle","Chill","Gash"],"relics":["Cracked Core","NeowsBlessing","Prayer Wheel","Bag of Marbles","Blue Candle","Cables","Whetstone","Strawberry","Orrery"],"potions_floor_usage":[6,16,22,30],"damage_taken":[{"damage":0,"enemies":"Jaw Worm","floor":1,"turns":1},{"damage":0,"enemies":"2 Louse","floor":2,"turns":1},{"damage":0,"enemies":"Small Slimes","floor":5,"turns":1},{"damage":1,"enemies":"3 Sentries","floor":6,"turns":4},{"damage":23,"enemies":"3 Sentries","floor":8,"turns":8},{"damage":30,"enemies":"Gremlin Nob","floor":10,"turns":4},{"damage":21,"enemies":"3 Sentries","floor":12,"turns":6},{"damage":19,"enemies":"Slime Boss","floor":16,"turns":11},{"damage":15,"enemies":"Chosen","floor":18,"turns":4},{"damage":24,"enemies":"Shell Parasite","floor":21,"turns":3},{"damage":11,"enemies":"Centurion and Healer","floor":22,"turns":7},{"damage":17,"enemies":"Snecko","floor":27,"turns":4},{"damage":74,"enemies":"Gremlin Leader","floor":30,"turns":6}],"seed_played":"-4828685430648751779","potions_obtained":[{"floor":5,"key":"PowerPotion"},{"floor":10,"key":"Block Potion"},{"floor":12,"key":"EssenceOfSteel"},{"floor":21,"key":"Regen Potion"},{"floor":22,"key":"FocusPotion"}],"is_trial":false,"path_per_floor":["M","M","$","?","M","E","R","?","T","E","?","E","?","?","R","B",null,"M","?","?","M","M","R","$","?","T","M","R","?","E"],"character_chosen":"DEFECT","items_purchased":["Gash","Conserve Battery"],"campfire_rested":2,"item_purchase_floors":[3,3],"current_hp_per_floor":[64,64,64,69,69,68,68,45,45,15,34,13,13,20,44,25,69,61,61,61,37,48,48,48,48,48,38,62,62,0],"gold":184,"neow_bonus":"THREE_ENEMY_KILL","is_prod":false,"is_daily":false,"chose_seed":false,"campfire_upgraded":2,"win_rate":0,"timestamp":1545423615,"path_taken":["M","M","$","?","M","E","R","?","T","E","?","E","?","?","R","BOSS","M","?","?","?","?","R","$","?","T","M","R","?","E"],"build_version":"2018-12-20","purchased_purges":1,"victory":false,"max_hp_per_floor":[71,71,71,76,76,76,76,76,76,76,76,76,76,83,83,83,83,83,83,83,83,83,83,83,83,83,83,83,83,83],"card_choices":[{"not_picked":["Conserve Battery","Hello World"],"picked":"Ball Lightning","floor":1},{"not_picked":["Rebound","FTL"],"picked":"Chill","floor":2},{"not_picked":["Blizzard","Compile Driver"],"picked":"Consume","floor":5},{"not_picked":["Turbo","Chill"],"picked":"Coolheaded","floor":6},{"not_picked":["Tempest","Static Discharge"],"picked":"Gash","floor":8},{"not_picked":["Blizzard","Steam Power"],"picked":"FTL","floor":10},{"not_picked":["Steam","Turbo"],"picked":"Gash","floor":12},{"not_picked":["Fission","Biased Cognition"],"picked":"All For One","floor":16},{"not_picked":["Double Energy","Tempest"],"picked":"Core Surge","floor":17},{"not_picked":["Ball Lightning","Barrage"],"picked":"Self Repair","floor":17},{"not_picked":["Storm","Ball Lightning"],"picked":"Melter","floor":17},{"not_picked":["Steam Power","Melter"],"picked":"Coolheaded","floor":17},{"not_picked":["Steam Power","Sweeping Beam"],"picked":"BootSequence","floor":17},{"not_picked":["Cold Snap","Coolheaded"],"picked":"Compile Driver","floor":18},{"not_picked":["Redo","Fusion","Ball Lightning"],"picked":"SKIP","floor":18},{"not_picked":["BootSequence","Auto Shields"],"picked":"Defragment","floor":21},{"not_picked":["Hello World","Recycle"],"picked":"Hologram","floor":21},{"not_picked":["Loop","Turbo+1"],"picked":"All For One","floor":22},{"not_picked":["Barrage","Auto Shields"],"picked":"Beam Cell","floor":22},{"not_picked":["Streamline","BootSequence"],"picked":"Recycle","floor":27},{"not_picked":["Stack","Amplify"],"picked":"Chill","floor":27}],"player_experience":1928937,"relics_obtained":[{"floor":6,"key":"Prayer Wheel"},{"floor":8,"key":"Bag of Marbles"},{"floor":9,"key":"Blue Candle"},{"floor":10,"key":"Cables"},{"floor":12,"key":"Whetstone"}],"event_choices":[{"damage_healed":0,"gold_gain":0,"player_choice":"Donut","damage_taken":0,"max_hp_gain":5,"max_hp_loss":0,"event_name":"Big Fish","floor":4,"gold_loss":0},{"damage_healed":0,"gold_gain":0,"player_choice":"Searched \u00271\u0027 times","damage_taken":0,"max_hp_gain":0,"max_hp_loss":0,"event_name":"Dead Adventurer","floor":8,"gold_loss":0},{"damage_healed":19,"gold_gain":0,"player_choice":"Healed and dodged fight","damage_taken":0,"max_hp_gain":0,"max_hp_loss":0,"event_name":"Mushrooms","floor":11,"gold_loss":0,"cards_obtained":["Parasite"]},{"damage_healed":0,"gold_gain":0,"player_choice":"Ignored","damage_taken":0,"max_hp_gain":0,"max_hp_loss":0,"event_name":"Shining Light","floor":13,"gold_loss":0},{"damage_healed":0,"gold_gain":0,"player_choice":"Gave Potion","damage_taken":0,"relics_obtained":["Strawberry"],"max_hp_gain":0,"max_hp_loss":0,"event_name":"WeMeetAgain","floor":14,"gold_loss":0},{"cards_removed":["Strike_B"],"damage_healed":0,"gold_gain":0,"player_choice":"Gave Gold","damage_taken":0,"max_hp_gain":0,"max_hp_loss":0,"event_name":"Beggar","floor":19,"gold_loss":75},{"damage_healed":0,"gold_gain":0,"player_choice":"0 cards matched","damage_taken":0,"max_hp_gain":0,"max_hp_loss":0,"event_name":"Match and Keep!","floor":20,"gold_loss":0,"cards_obtained":[]},{"damage_healed":0,"gold_gain":0,"player_choice":"Simplicity","damage_taken":0,"max_hp_gain":0,"max_hp_loss":0,"event_name":"Back to Basics","floor":25,"gold_loss":0,"cards_upgraded":["Strike_B","Defend_B","Defend_B","Defend_B","Defend_B"]},{"damage_healed":0,"gold_gain":0,"player_choice":"Read","damage_taken":0,"max_hp_gain":0,"max_hp_loss":0,"event_name":"The Library","floor":29,"gold_loss":0,"cards_obtained":["Gash"]}],"is_beta":false,"boss_relics":[{"not_picked":["Tiny House","Lizard Tail"],"picked":"Orrery"}],"items_purged_floors":[24],"is_endless":false,"potions_floor_spawned":[5,10,12,21,22],"killed_by":"Gremlin Leader","ascension_level":18}