{"gold_per_floor":[113,38,51,62,62,62,74,84,84,84,84,84,101,116,116,221,221,240,240,240,254,265,265,282,282,282,282,227,227,239,250,250,250],"floor_reached":33,"playtime":1499,"items_purged":["Strike_R"],"score":289,"play_id":"108c998d-d9d1-42d2-868f-349c73812b50","local_time":"20180625112510","is_ascension_mode":true,"campfire_choices":[{"floor":6,"key":"REST"},{"floor":10,"key":"REST"},{"data":"Rampage","floor":15,"key":"SMITH"},{"floor":23,"key":"REST"},{"floor":25,"key":"REST"},{"data":"Burning Pact","floor":29,"key":"SMITH"},{"floor":32,"key":"REST"}],"neow_cost":"FIFTY_PERCENT_DAMAGE","seed_source_timestamp":55911784591038,"circlet_count":0,"master_deck":["Strike_R","Strike_R","Strike_R","Defend_R","Defend_R","Bash","True Grit","Shrug It Off","Clash","Rampage+1","Feed","Burning Pact+1","Feel No Pain"],"relics":["Burning Blood","Orichalcum","Cursed Key","Ancient Tea Set","Tiny Chest"],"potions_floor_usage":[4,16,18,22,30,33],"damage_taken":[{"damage":6,"enemies":"Cultist","floor":1,"turns":3},{"damage":16,"enemies":"Jaw Worm","floor":3,"turns":4},{"damage":0,"enemies":"Small Slimes","floor":4,"turns":3},{"damage":20,"enemies":"Exordium Thugs","floor":7,"turns":5},{"damage":20,"enemies":"Gremlin Gang","floor":8,"turns":6},{"damage":0,"enemies":"3 Louse","floor":13,"turns":3},{"damage":6,"enemies":"Red Slaver","floor":14,"turns":2},{"damage":23,"enemies":"The Guardian","floor":16,"turns":9},{"damage":17,"enemies":"Spheric Guardian","floor":18,"turns":4},{"damage":20,"enemies":"2 Thieves","floor":21,"turns":3},{"damage":41,"enemies":"Snecko","floor":22,"turns":6},{"damage":21,"enemies":"3 Cultists","floor":24,"turns":5},{"damage":6,"enemies":"Cultist and Chosen","floor":30,"turns":5},{"damage":33,"enemies":"Snake Plant","floor":31,"turns":4},{"damage":60,"enemies":"Collector","floor":33,"turns":5}],"seed_played":"9045773821029756091","potions_obtained":[{"floor":3,"key":"BloodPotion"},{"floor":7,"key":"GamblersBrew"},{"floor":8,"key":"Ancient Potion"},{"floor":14,"key":"Fire Potion"},{"floor":16,"key":"SpeedPotion"},{"floor":21,"key":"BloodPotion"},{"floor":22,"key":"Dexterity Potion"},{"floor":24,"key":"Energy Potion"}],"is_trial":false,"path_per_floor":["M","$","M","M","?","R","M","M","T","R","$","$","M","M","R","B",null,"M","?","?","M","M","R","M","R","T","?","?","R","M","M","R"],"character_chosen":"IRONCLAD","items_purchased":[],"campfire_rested":5,"item_purchase_floors":[],"current_hp_per_floor":[40,40,30,44,37,61,47,33,33,57,57,57,63,63,63,46,80,69,69,69,55,28,52,37,61,61,61,61,61,61,34,58,0],"gold":250,"neow_bonus":"REMOVE_TWO","is_prod":false,"is_daily":false,"chose_seed":false,"campfire_upgraded":2,"win_rate":0,"timestamp":1529940310,"path_taken":["M","$","M","?","?","R","M","M","T","R","?","$","?","M","R","BOSS","M","?","?","M","M","R","?","R","T","?","?","R","M","M","R","BOSS"],"build_version":"2018-06-21v2","purchased_purges":1,"victory":false,"max_hp_per_floor":[80,80,80,80,80,80,80,80,80,80,80,80,80,80,80,80,80,80,80,80,80,80,80,80,80,80,80,80,80,80,80,80,80],"card_choices":[{"not_picked":["Sword Boomerang","Warcry"],"picked":"True Grit","floor":1},{"not_picked":["Flex","Sword Boomerang"],"picked":"Shrug It Off","floor":3},{"not_picked":["Twin Strike","Searing Blow"],"picked":"Clash","floor":4},{"not_picked":["True Grit","Iron Wave","Brutality"],"picked":"SKIP","floor":7},{"not_picked":["Evolve","Sentinel"],"picked":"Rampage","floor":8},{"not_picked":["Shrug It Off","Clash","Rampage"],"picked":"SKIP","floor":13},{"not_picked":["Warcry","Dual Wield","Searing Blow"],"picked":"SKIP","floor":14},{"not_picked":["Impervious","Dark Embrace"],"picked":"Feed","floor":16},{"not_picked":["Warcry","Shrug It Off"],"picked":"Burning Pact","floor":18},{"not_picked":["Shrug It Off+1","Shockwave","Heavy Blade"],"picked":"SKIP","floor":21},{"not_picked":["Perfected Strike+1","Clothesline","Entrench"],"picked":"SKIP","floor":22},{"not_picked":["Iron Wave","Cleave","Pommel Strike"],"picked":"SKIP","floor":24},{"not_picked":["Carnage","Rupture"],"picked":"Feel No Pain","floor":30},{"not_picked":["Burning Pact","Hemokinesis+1","Metallicize"],"picked":"SKIP","floor":31}],"player_experience":738219,"relics_obtained":[{"floor":9,"key":"Orichalcum"},{"floor":26,"key":"Ancient Tea Set"}],"event_choices":[{"event_name":"Golden Wing","player_choice":"Card Removal","floor":5,"damage_taken":0},{"event_name":"The Woman in Blue","player_choice":"Bought 0 Potions","floor":19,"damage_taken":0},{"event_name":"N\u0027loth","player_choice":"Ignored","floor":20,"damage_taken":0},{"event_name":"Fountain of Cleansing","player_choice":"Removed Curse","floor":27,"damage_taken":0},{"event_name":"Addict","player_choice":"Obtained Relic","floor":28,"damage_taken":0}],"boss_relics":[{"not_picked":["White Beast Statue","Velvet Choker"],"picked":"Cursed Key"}],"items_purged_floors":[2],"is_endless":false,"potions_floor_spawned":[3,7,8,14,16,21,22,24],"killed_by":"Collector","ascension_level":4}