{"gold_per_floor":[113,188,188,38,3,29,29,40,40,51,51,63,73,86,86,191,191,205,205,26,26,42,42,42,57,82,95,95,105,105,121,121,217,217,231,243,143,158,158,158,173,173,173,173],"floor_reached":44,"playtime":2694,"items_purged":["Strike_B","Chrysalis+1"],"score":487,"play_id":"fc5eda9f-a32d-4994-b140-aa342a23be09","local_time":"20181210013036","is_ascension_mode":false,"campfire_choices":[{"data":"Zap","floor":7,"key":"SMITH"},{"data":"Defragment","floor":15,"key":"SMITH"},{"data":"Chrysalis","floor":24,"key":"SMITH"},{"data":"Redo","floor":28,"key":"SMITH"},{"data":"Ghostly","floor":32,"key":"SMITH"},{"data":"Ghostly","floor":40,"key":"SMITH"},{"data":"Ghostly","floor":42,"key":"SMITH"}],"neow_cost":"NONE","seed_source_timestamp":949404394476543,"circlet_count":0,"master_deck":["Strike_B","Defend_B","Defend_B","Defend_B","Zap+1","Dualcast","Melter","Redo+1","Glacier","Defragment+1","Cold Snap+1","Amplify","Melter+1","Conserve Battery+1","Ghostly+1","Ghostly+1","Ghostly+1","Ghostly","Ghostly","Thunder Strike+1","Auto Shields+1"],"relics":["Cracked Core","PreservedInsect","Molten Egg 2","Lizard Tail","Enchiridion","Ancient Tea Set","Inserter"],"potions_floor_usage":[25,33,33,33,41],"damage_taken":[{"damage":3,"enemies":"2 Louse","floor":1,"turns":2},{"damage":30,"enemies":"Lagavulin","floor":6,"turns":9},{"damage":0,"enemies":"Small Slimes","floor":8,"turns":3},{"damage":0,"enemies":"Jaw Worm","floor":10,"turns":4},{"damage":7,"enemies":"Blue Slaver","floor":12,"turns":4},{"damage":12,"enemies":"Exordium Thugs","floor":13,"turns":4},{"damage":0,"enemies":"3 Louse","floor":14,"turns":4},{"damage":0,"enemies":"The Guardian","floor":16,"turns":13},{"damage":10,"enemies":"3 Byrds","floor":18,"turns":5},{"damage":0,"enemies":"Chosen","floor":22,"turns":5},{"damage":5,"enemies":"Snake Plant","floor":25,"turns":6},{"damage":6,"enemies":"Cultist and Chosen","floor":27,"turns":7},{"damage":10,"enemies":"Centurion and Healer","floor":29,"turns":8},{"damage":3,"enemies":"Snecko","floor":31,"turns":8},{"damage":49,"enemies":"Automaton","floor":33,"turns":11},{"damage":9,"enemies":"3 Darklings","floor":35,"turns":9},{"damage":8,"enemies":"3 Shapes","floor":36,"turns":3},{"damage":0,"enemies":"Sphere and 2 Shapes","floor":38,"turns":5},{"damage":2,"enemies":"4 Shapes","floor":41,"turns":13},{"damage":31,"enemies":"Giant Head","floor":44,"turns":9}],"seed_played":"-4364214701789621338","potions_obtained":[{"floor":6,"key":"Dexterity Potion"},{"floor":10,"key":"Energy Potion"},{"floor":12,"key":"Regen Potion"},{"floor":31,"key":"Block Potion"},{"floor":36,"key":"EssenceOfSteel"},{"floor":41,"key":"FocusPotion"}],"is_trial":false,"path_per_floor":["M","?","?","$","?","E","R","M","T","M","?","M","M","M","R","B",null,"M","?","$","$","M","?","R","M","T","M","R","M","?","M","R","B",null,"M","M","$","M","?","R","M","R","T","E"],"character_chosen":"DEFECT","items_purchased":["Glacier","Chrysalis"],"campfire_rested":0,"item_purchase_floors":[4,20],"current_hp_per_floor":[72,61,54,54,72,42,42,42,42,42,67,60,48,48,48,48,75,65,65,65,65,65,49,49,58,58,52,52,42,37,34,34,18,37,28,20,20,20,20,20,18,18,18,0],"gold":173,"neow_bonus":"TRANSFORM_CARD","is_prod":false,"is_daily":false,"chose_seed":false,"campfire_upgraded":7,"win_rate":0,"timestamp":1544373036,"path_taken":["M","?","?","$","?","E","R","M","T","M","?","M","M","?","R","BOSS","M","?","?","$","M","?","R","M","T","M","R","M","?","M","R","BOSS","M","M","$","M","?","R","M","R","T","E"],"build_version":"2018-12-06","purchased_purges":2,"victory":false,"max_hp_per_floor":[75,75,75,75,75,75,75,75,75,75,75,75,75,75,75,75,75,75,75,75,75,75,75,75,75,75,75,75,75,37,37,37,37,37,37,37,37,37,37,37,37,37,37,37],"card_choices":[{"not_picked":["Sweeping Beam","Gash"],"picked":"Redo","floor":1},{"not_picked":["Turbo","Barrage","Steam Power"],"picked":"SKIP","floor":6},{"not_picked":["Storm","Rebound"],"picked":"Defragment","floor":8},{"not_picked":["Streamline+1","Scrape+1","Sunder+1"],"picked":"SKIP","floor":10},{"not_picked":["Turbo","Coolheaded"],"picked":"Cold Snap+1","floor":12},{"not_picked":["Steam","Hologram","Lockon+1"],"picked":"SKIP","floor":13},{"not_picked":["Rip and Tear+1","Static Discharge","Conserve Battery"],"picked":"SKIP","floor":14},{"not_picked":["Hyperbeam+1","Fission"],"picked":"Amplify","floor":16},{"not_picked":["Redo","Storm","Leap+1"],"picked":"SKIP","floor":18},{"not_picked":["Redo","Storm","Leap+1"],"picked":"SKIP","floor":18},{"not_picked":["Reprogram+1","Undo+1"],"picked":"Melter+1","floor":22},{"not_picked":["Doom and Gloom+1","Undo","Gash+1"],"picked":"SKIP","floor":25},{"not_picked":["Recycle","Stack","Cold Snap+1"],"picked":"SKIP","floor":27},{"not_picked":["Redo","Chaos"],"picked":"Conserve Battery+1","floor":29},{"not_picked":["Glacier","White Noise","Melter+1"],"picked":"SKIP","floor":31},{"not_picked":["Core Surge+1","Meteor Strike+1"],"picked":"Thunder Strike+1","floor":33},{"not_picked":["Coolheaded+1","Leap+1","Reinforced Body+1"],"picked":"SKIP","floor":35},{"not_picked":["Cold Snap+1","Hologram+1","Sweeping Beam+1"],"picked":"SKIP","floor":36},{"not_picked":["Doom and Gloom+1","Conserve Battery"],"picked":"Auto Shields+1","floor":38},{"not_picked":["Tempest+1","Turbo","Capacitor"],"picked":"SKIP","floor":41}],"player_experience":122135,"relics_obtained":[{"floor":6,"key":"PreservedInsect"},{"floor":9,"key":"Molten Egg 2"},{"floor":23,"key":"Enchiridion"},{"floor":26,"key":"Ancient Tea Set"}],"event_choices":[{"damage_healed":0,"gold_gain":75,"player_choice":"Gather Gold","damage_taken":11,"max_hp_gain":0,"max_hp_loss":0,"event_name":"World of Goop","floor":2,"gold_loss":0},{"cards_removed":["Defend_B"],"damage_healed":0,"gold_gain":0,"player_choice":"Card Removal","damage_taken":7,"max_hp_gain":0,"max_hp_loss":0,"event_name":"Golden Wing","floor":3,"gold_loss":0},{"damage_healed":18,"gold_gain":0,"player_choice":"Healed","damage_taken":0,"max_hp_gain":0,"max_hp_loss":0,"event_name":"The Cleric","floor":5,"gold_loss":35},{"damage_healed":25,"gold_gain":0,"player_choice":"Banana","damage_taken":0,"max_hp_gain":0,"max_hp_loss":0,"event_name":"Big Fish","floor":11,"gold_loss":0},{"damage_healed":0,"gold_gain":0,"player_choice":"Ignored","damage_taken":0,"max_hp_gain":0,"max_hp_loss":0,"event_name":"NoteForYourself","floor":19,"gold_loss":0},{"damage_healed":0,"gold_gain":0,"player_choice":"Obtained Book","damage_taken":16,"max_hp_gain":0,"max_hp_loss":0,"event_name":"Cursed Tome","floor":23,"gold_loss":0},{"damage_healed":0,"gold_gain":0,"player_choice":"Became a Ghost","damage_taken":0,"max_hp_gain":0,"max_hp_loss":38,"event_name":"Ghosts","floor":30,"gold_loss":0,"cards_obtained":["Ghostly","Ghostly","Ghostly","Ghostly","Ghostly"]},{"cards_removed":["Strike_B"],"damage_healed":0,"gold_gain":0,"player_choice":"Removed Attack","damage_taken":0,"max_hp_gain":0,"max_hp_loss":0,"event_name":"Falling","floor":39,"gold_loss":0}],"is_beta":false,"boss_relics":[{"not_picked":["Eternal Feather","Cursed Key"],"picked":"Lizard Tail"},{"not_picked":["Astrolabe","Runic Dome"],"picked":"Inserter"}],"items_purged_floors":[4,37],"is_endless":false,"potions_floor_spawned":[6,10,12,13,18,31,36,41],"killed_by":"Giant Head","ascension_level":0}