{"gold_per_floor":[115,133,149,160,180,214,214,228,228,259,270,32,32,32,32,134,134,124,39,52,52,63,63,63,63,63,63,12,23,23,34,34,34],"floor_reached":33,"playtime":1434,"items_purged":[],"score":350,"play_id":"75c94a34-caca-49b3-823a-6fb8df99eb6e","local_time":"20190124173412","is_ascension_mode":true,"campfire_choices":[{"floor":7,"key":"REST"},{"floor":13,"key":"REST"},{"floor":15,"key":"REST"},{"data":"Armaments","floor":23,"key":"SMITH"},{"data":"Anger","floor":25,"key":"SMITH"},{"data":"Defend_R","floor":27,"key":"SMITH"},{"floor":32,"key":"REST"}],"neow_cost":"NONE","seed_source_timestamp":406681607703357,"circlet_count":0,"master_deck":["Strike_R","Strike_R","Strike_R","Strike_R","Strike_R","Defend_R","Defend_R","Defend_R+1","Defend_R+1","Bash","Iron Wave+1","Armaments+1","Headbutt","Pommel Strike","Spot Weakness","Battle Trance","Shrug It Off+1","Reaper","Perfected Strike","Second Wind","Anger+1","Feel No Pain"],"relics":["Burning Blood","Ancient Tea Set","Gremlin Horn","Potion Belt","Matryoshka","Mark of Pain","Self Forming Clay","Omamori","Red Skull","Toxic Egg 2","Letter Opener"],"potions_floor_usage":[5,6,18,18,29,29,31,33],"damage_taken":[{"damage":0,"enemies":"Cultist","floor":1,"turns":3},{"damage":0,"enemies":"Small Slimes","floor":2,"turns":4},{"damage":2,"enemies":"Jaw Worm","floor":3,"turns":3},{"damage":1,"enemies":"3 Louse","floor":4,"turns":3},{"damage":26,"enemies":"Exordium Thugs","floor":5,"turns":11},{"damage":32,"enemies":"Lagavulin","floor":6,"turns":8},{"damage":17,"enemies":"2 Fungi Beasts","floor":8,"turns":5},{"damage":35,"enemies":"Gremlin Nob","floor":10,"turns":5},{"damage":0,"enemies":"Exordium Wildlife","floor":11,"turns":3},{"damage":30,"enemies":"The Guardian","floor":16,"turns":16},{"damage":6,"enemies":"2 Thieves","floor":18,"turns":4},{"damage":24,"enemies":"3 Byrds","floor":20,"turns":6},{"damage":12,"enemies":"Centurion and Healer","floor":22,"turns":7},{"damage":27,"enemies":"Snake Plant","floor":29,"turns":5},{"damage":18,"enemies":"Chosen and Byrds","floor":31,"turns":8},{"damage":75,"enemies":"Collector","floor":33,"turns":9}],"seed_played":"-2791648881516042319","potions_obtained":[{"floor":1,"key":"PowerPotion"},{"floor":2,"key":"PowerPotion"},{"floor":8,"key":"Ancient Potion"},{"floor":11,"key":"Swift Potion"},{"floor":16,"key":"Block Potion"},{"floor":22,"key":"SkillPotion"},{"floor":31,"key":"Explosive Potion"}],"is_trial":false,"path_per_floor":["M","M","M","M","M","E","R","M","T","E","M","$","R","?","R","B",null,"M","?","M","$","M","R","T","R","T","R","$","M","?","M","R","B"],"character_chosen":"IRONCLAD","items_purchased":["Matryoshka","Block Potion"],"campfire_rested":4,"item_purchase_floors":[12,28],"current_hp_per_floor":[78,80,80,80,60,34,58,47,47,18,24,24,48,32,56,32,68,80,80,68,68,69,69,69,69,69,69,69,48,48,41,65,0],"gold":34,"neow_bonus":"THREE_CARDS","is_prod":false,"is_daily":false,"chose_seed":false,"campfire_upgraded":3,"win_rate":0,"timestamp":1548372852,"path_taken":["M","M","M","M","M","E","R","?","T","E","?","$","R","?","R","BOSS","M","?","M","$","M","R","?","R","T","R","$","M","?","M","R","BOSS"],"build_version":"2019-01-23","purchased_purges":0,"victory":false,"max_hp_per_floor":[80,80,80,80,80,80,80,80,80,80,80,80,80,80,80,80,80,80,80,80,80,80,80,80,80,80,80,80,80,80,80,80,80],"card_choices":[{"not_picked":["True Grit","Armaments"],"picked":"Iron Wave","floor":0},{"not_picked":["Infernal Blade","Iron Wave"],"picked":"Armaments","floor":1},{"not_picked":["Armaments","Flex"],"picked":"Headbutt","floor":2},{"not_picked":["Rage","Pummel","Burning Pact"],"picked":"SKIP","floor":3},{"not_picked":["Reaper","Cleave"],"picked":"Pommel Strike","floor":4},{"not_picked":["Combust","Feel No Pain","Cleave"],"picked":"SKIP","floor":5},{"not_picked":["Iron Wave","Body Slam","Offering"],"picked":"SKIP","floor":6},{"not_picked":["Flex","Whirlwind"],"picked":"Spot Weakness","floor":8},{"not_picked":["Blood for Blood","Armaments"],"picked":"Battle Trance","floor":10},{"not_picked":["Wild Strike","Sword Boomerang"],"picked":"Shrug It Off","floor":11},{"not_picked":["Demon Form","Offering"],"picked":"Reaper","floor":16},{"not_picked":["Feel No Pain","Thunderclap+1"],"picked":"Perfected Strike","floor":18},{"not_picked":["Second Wind","Heavy Blade","Cleave"],"picked":"SKIP","floor":20},{"not_picked":["Heavy Blade","Cleave"],"picked":"Second Wind","floor":20},{"not_picked":["Headbutt","Body Slam"],"picked":"Anger","floor":22},{"not_picked":["Armaments+1","Cleave","Pommel Strike"],"picked":"SKIP","floor":29},{"not_picked":["Clothesline","Dropkick"],"picked":"Feel No Pain","floor":31}],"player_experience":635517,"relics_obtained":[{"floor":6,"key":"Ancient Tea Set"},{"floor":9,"key":"Gremlin Horn"},{"floor":10,"key":"Potion Belt"},{"floor":24,"key":"Omamori"},{"floor":24,"key":"Red Skull"},{"floor":26,"key":"Toxic Egg 2"},{"floor":26,"key":"Letter Opener"}],"event_choices":[{"damage_healed":0,"gold_gain":0,"player_choice":"Entered Light","damage_taken":16,"max_hp_gain":0,"max_hp_loss":0,"event_name":"Shining Light","floor":14,"gold_loss":0,"cards_upgraded":["Defend_R","Shrug It Off"]},{"damage_healed":0,"gold_gain":0,"player_choice":"Obtained Relic","damage_taken":0,"relics_obtained":["Self Forming Clay"],"max_hp_gain":0,"max_hp_loss":0,"event_name":"Addict","floor":19,"gold_loss":85},{"damage_healed":0,"gold_gain":0,"player_choice":"Forge","damage_taken":0,"max_hp_gain":0,"max_hp_loss":0,"event_name":"Accursed Blacksmith","floor":30,"gold_loss":0,"cards_upgraded":["Iron Wave"]}],"is_beta":true,"boss_relics":[{"not_picked":["Fusion Hammer","Velvet Choker"],"picked":"Mark of Pain"}],"items_purged_floors":[],"is_endless":false,"potions_floor_spawned":[1,2,8,11,16,22,31],"killed_by":"Collector","ascension_level":7}