{"path_per_floor":["M","$","?","?","M","E","?","E","T","M","M","M","R","M","R","B",null,"M","?","$","?","M","R","M","M","T","E","M","$","R","?","R"],"character_chosen":"DEFECT","items_purchased":["Ball Lightning","Happy Flower"],"gold_per_floor":[119,20,20,20,38,68,68,95,95,105,124,137,137,154,154,255,255,271,271,23,23,41,41,59,74,101,129,148,23,23,23,23,23],"floor_reached":33,"campfire_rested":4,"playtime":2774,"item_purchase_floors":[2,20],"current_hp_per_floor":[75,75,63,63,63,63,63,61,61,49,45,43,65,65,65,39,75,42,26,26,26,44,66,60,55,55,34,36,36,58,58,75,0],"items_purged":["Strike_B","Strike_B","Strike_B"],"gold":23,"score":327,"play_id":"f6774862-2512-4236-8ff7-56bd5f75e367","local_time":"20180603132550","is_prod":false,"is_daily":false,"chose_seed":false,"is_ascension_mode":false,"campfire_upgraded":1,"win_rate":0.0,"timestamp":1528046750,"campfire_choices":[{"floor":13,"key":"REST"},{"data":"Capacitor","floor":15,"key":"SMITH"},{"floor":23,"key":"REST"},{"floor":30,"key":"REST"},{"floor":32,"key":"REST"}],"path_taken":["M","$","?","?","M","E","?","E","T","M","M","M","R","M","R","BOSS","M","?","$","?","M","R","M","M","T","E","?","$","R","?","R","BOSS"],"build_version":"2018-05-31","seed_source_timestamp":240075988572592,"purchased_purges":3,"victory":false,"master_deck":["Defend_B","Defend_B","Defend_B","Defend_B","Zap","Dualcast","Cold Snap","Ball Lightning","Gash","Melter","Tempest","Self Repair","Fusion","Reinforced Body","Sweeping Beam","Capacitor+1","Creative AI+1","Defragment","Gash","Chill+1","Static Discharge","Streamline","Electrodynamics","Redo","Gash","Gash"],"max_hp_per_floor":[75,75,75,75,75,75,75,75,75,75,75,75,75,75,75,75,75,75,75,75,75,75,75,75,75,75,75,75,75,75,75,75,75],"relics":["Cracked Core","Shuriken","Dream Catcher","Kunai","Mercury Hourglass","Lizard Tail","Enchiridion","Happy Flower","Blood Vial","Anchor","Nloth\u0027s Gift"],"card_choices":[{"not_picked":["Steam","Scrape"],"picked":"Cold Snap","floor":1},{"not_picked":["Stack","Compile Driver"],"picked":"Gash","floor":5},{"not_picked":["Doom and Gloom","Rip and Tear"],"picked":"Melter","floor":6},{"not_picked":["Chill","Seek"],"picked":"Tempest","floor":8},{"not_picked":["Streamline","Blizzard"],"picked":"Self Repair","floor":10},{"not_picked":["Steam","Barrage"],"picked":"Fusion","floor":11},{"not_picked":["Steam","Cold Snap"],"picked":"Reinforced Body","floor":12},{"not_picked":["Fusion","Tempest"],"picked":"Sweeping Beam","floor":13},{"not_picked":["Force Field","Creative AI"],"picked":"Capacitor","floor":14},{"not_picked":["Multi-Cast","Fission"],"picked":"Creative AI","floor":16},{"not_picked":["Rebound","Hologram"],"picked":"Defragment","floor":18},{"not_picked":["Beam Cell","Coolheaded"],"picked":"Gash","floor":22},{"not_picked":["Aggregate","Compile Driver"],"picked":"Chill+1","floor":23},{"not_picked":["Rebound","Leap"],"picked":"Static Discharge","floor":24},{"not_picked":["Double Energy","Skim"],"picked":"Streamline","floor":25},{"not_picked":["Skim+1","Gash+1"],"picked":"Electrodynamics","floor":27},{"not_picked":["Coolheaded+1","Barrage"],"picked":"Redo","floor":28},{"not_picked":["Hologram+1","Barrage+1"],"picked":"Gash","floor":30},{"not_picked":["Coolheaded","Beam Cell"],"picked":"Gash","floor":32}],"player_experience":277643,"potions_floor_usage":[8,16,18,22],"damage_taken":[{"damage":0,"enemies":"Jaw Worm","floor":1,"turns":1},{"damage":0,"enemies":"2 Louse","floor":5,"turns":1},{"damage":0,"enemies":"Gremlin Nob","floor":6,"turns":1},{"damage":2,"enemies":"3 Sentries","floor":8,"turns":6},{"damage":12,"enemies":"Small Slimes","floor":10,"turns":2},{"damage":11,"enemies":"Gremlin Gang","floor":11,"turns":3},{"damage":9,"enemies":"Exordium Thugs","floor":12,"turns":5},{"damage":0,"enemies":"3 Louse","floor":14,"turns":2},{"damage":33,"enemies":"The Guardian","floor":16,"turns":11},{"damage":40,"enemies":"Shell Parasite","floor":18,"turns":7},{"damage":30,"enemies":"2 Thieves","floor":22,"turns":4},{"damage":13,"enemies":"Chosen and Byrds","floor":24,"turns":7},{"damage":12,"enemies":"Centurion and Healer","floor":25,"turns":5},{"damage":30,"enemies":"Slavers","floor":27,"turns":2},{"damage":7,"enemies":"3 Cultists","floor":28,"turns":4},{"damage":93,"enemies":"Collector","floor":33,"turns":7}],"relics_obtained":[{"floor":6,"key":"Dream Catcher"},{"floor":8,"key":"Kunai"},{"floor":9,"key":"Mercury Hourglass"},{"floor":19,"key":"Enchiridion"},{"floor":26,"key":"Blood Vial"},{"floor":27,"key":"Anchor"}],"event_choices":[{"event_name":"Scrap Ooze","player_choice":"success","floor":3,"damage_taken":12},{"event_name":"The Cleric","player_choice":"Leave","floor":4,"damage_taken":0},{"event_name":"Bonfire Elementals","player_choice":"BASIC","floor":7,"damage_taken":0},{"event_name":"Cursed Tome","player_choice":"Obtained Book","floor":19,"damage_taken":0},{"event_name":"Upgrade Shrine","player_choice":"Upgraded","floor":21,"damage_taken":0},{"event_name":"N\u0027loth","player_choice":"Traded a NeowsBlessing","floor":31,"damage_taken":0}],"boss_relics":[{"not_picked":["Astrolabe","Snecko Eye"],"picked":"Lizard Tail"}],"items_purged_floors":[2,20,29],"potions_floor_spawned":[6,11,14,16,18,28],"seed_played":"-1474025516749586072","killed_by":"Collector","ascension_level":0,"potions_obtained":[{"floor":6,"key":"SkillPotion"},{"floor":11,"key":"SmokeBomb"},{"floor":14,"key":"Poison Potion"},{"floor":16,"key":"Block Potion"},{"floor":18,"key":"Poison Potion"},{"floor":28,"key":"SteroidPotion"}],"is_trial":false}