{"gold_per_floor":[215,20,37,48,67,98,112,112,161,161,173,198,218,232,232,332,332,344,344,344,358,377,377,404,404,404,435,12,28,28,43,43,141,141,155,155,168,186,186,186,408,408,463,67,67,80,97,109,109,109],"floor_reached":51,"playtime":2195,"items_purged":[],"score":898,"play_id":"edea1da3-c8b6-4c0c-aaf9-b007776c1255","local_time":"20181130155045","is_ascension_mode":true,"campfire_choices":[{"data":"Uppercut","floor":8.0,"key":"SMITH"},{"data":"Iron Wave","floor":10.0,"key":"SMITH"},{"data":"Inflame","floor":15.0,"key":"SMITH"},{"data":"Shrug It Off","floor":23.0,"key":"SMITH"},{"data":"Bash","floor":25.0,"key":"SMITH"},{"data":"Heavy Blade","floor":32.0,"key":"SMITH"},{"data":"Limit Break","floor":40.0,"key":"SMITH"},{"floor":42.0,"key":"REST"},{"data":"Double Tap","floor":49,"key":"SMITH"}],"neow_cost":"NONE","seed_source_timestamp":0,"circlet_count":0,"master_deck":["Strike_R","Strike_R","Strike_R","Strike_R","Defend_R","Defend_R","Defend_R","Bash+1","Iron Wave+1","Uppercut+1","Battle Trance","Twin Strike","Inflame+1","Inflame","Double Tap+1","Sword Boomerang+1","Perfected Strike+1","Warcry+1","Shrug It Off+1","Necronomicurse","Shrug It Off+1","Blood for Blood+1","Heavy Blade+1","Reaper","Secret Weapon+1","Inflame+1","Limit Break+1","Heavy Blade+1","Shrug It Off+1"],"special_seed":0,"relics":["Burning Blood","Sling","Oddly Smooth Stone","Lantern","Shuriken","Astrolabe","Necronomicon","Red Mask","Pantograph","Vajra","Philosopher\u0027s Stone","Blood Vial","DollysMirror","Potion Belt"],"potions_floor_usage":[50,50,50,50,50],"damage_taken":[{"damage":8.0,"enemies":"Jaw Worm","floor":1.0,"turns":4.0},{"damage":2.0,"enemies":"2 Louse","floor":3.0,"turns":4.0},{"damage":0.0,"enemies":"Small Slimes","floor":4.0,"turns":3.0},{"damage":13.0,"enemies":"Red Slaver","floor":5.0,"turns":4.0},{"damage":20.0,"enemies":"3 Sentries","floor":6.0,"turns":8.0},{"damage":14.0,"enemies":"Large Slime","floor":7.0,"turns":7.0},{"damage":3.0,"enemies":"Blue Slaver","floor":11.0,"turns":3.0},{"damage":17.0,"enemies":"Lagavulin","floor":12.0,"turns":5.0},{"damage":0.0,"enemies":"Exordium Thugs","floor":13.0,"turns":3.0},{"damage":6.0,"enemies":"Exordium Wildlife","floor":14.0,"turns":3.0},{"damage":19.0,"enemies":"The Guardian","floor":16.0,"turns":12.0},{"damage":8.0,"enemies":"Chosen","floor":18.0,"turns":3.0},{"damage":13.0,"enemies":"Colosseum Slavers","floor":20.0,"turns":3.0},{"damage":0.0,"enemies":"2 Thieves","floor":21.0,"turns":2.0},{"damage":0.0,"enemies":"Centurion and Healer","floor":22.0,"turns":3.0},{"damage":0.0,"enemies":"Masked Bandits","floor":24.0,"turns":2.0},{"damage":0.0,"enemies":"Book of Stabbing","floor":27.0,"turns":2.0},{"damage":0.0,"enemies":"Chosen and Byrds","floor":29.0,"turns":3.0},{"damage":0.0,"enemies":"Snake Plant","floor":31.0,"turns":2.0},{"damage":42.0,"enemies":"Collector","floor":33.0,"turns":6.0},{"damage":6.0,"enemies":"3 Shapes","floor":35.0,"turns":6.0},{"damage":0.0,"enemies":"Orb Walker","floor":37.0,"turns":1.0},{"damage":24.0,"enemies":"Writhing Mass","floor":38.0,"turns":3.0},{"damage":11.0,"enemies":"3 Darklings","floor":46.0,"turns":4.0},{"damage":4.0,"enemies":"Spire Growth","floor":47.0,"turns":4.0},{"damage":4,"enemies":"4 Shapes","floor":48,"turns":5},{"damage":38,"enemies":"Donu and Deca","floor":50,"turns":4}],"seed_played":"-4822384870445701027","potions_obtained":[{"floor":3.0,"key":"SteroidPotion"},{"floor":5.0,"key":"Energy Potion"},{"floor":6.0,"key":"Regen Potion"},{"floor":11.0,"key":"SneckoOil"},{"floor":13.0,"key":"Explosive Potion"},{"floor":14.0,"key":"Strength Potion"},{"floor":22.0,"key":"AttackPotion"},{"floor":27.0,"key":"Regen Potion"},{"floor":33.0,"key":"Energy Potion"},{"floor":38.0,"key":"Weak Potion"},{"floor":46.0,"key":"LiquidBronze"},{"floor":47.0,"key":"Strength Potion"},{"floor":48,"key":"AttackPotion"}],"is_trial":false,"path_per_floor":["M","$","M","M","M","E","M","R","T","R","M","E","M","M","R","B",null,"M","?","?","M","M","R","?","R","T","E","$","M","?","M","R","B",null,"M","?","M","M","$","R","?","R","T","$","?","M","M","M","R","B",null],"character_chosen":"IRONCLAD","items_purchased":["Sling","Heavy Blade","Reaper","Dexterity Potion","Secret Weapon","DollysMirror","Potion Belt","Swift Potion"],"campfire_rested":1,"item_purchase_floors":[2,28,28,28,28,44,44,44],"current_hp_per_floor":[78,78,80,80,73,59,63,63,63,63,66,55,61,61,61,48,72,70,54,47,53,59,59,65,65,65,71,71,77,77,80,80,80,80,80,80,80,62,62,62,62,80,80,80,76,71,75,76,76,59],"gold":109,"neow_bonus":"HUNDRED_GOLD","is_prod":false,"is_daily":false,"chose_seed":false,"campfire_upgraded":8,"win_rate":0,"timestamp":1543614645,"path_taken":["M","$","M","M","M","E","M","R","T","R","M","E","M","M","R","BOSS","M","?","?","M","M","R","?","R","T","E","$","M","?","?","R","BOSS","M","?","M","?","?","R","?","R","T","$","?","M","M","?","R","BOSS"],"build_version":"2018-11-15","purchased_purges":0,"victory":true,"max_hp_per_floor":[80,80,80,80,80,80,80,80,80,80,80,80,80,80,80,80,80,80,80,80,80,80,80,80,80,80,80,80,80,80,80,80,80,80,80,80,80,80,80,80,80,80,80,80,76,76,76,76,76,76],"card_choices":[{"not_picked":["Havoc","Flex","Thunderclap"],"picked":"SKIP","floor":1.0},{"not_picked":["Sword Boomerang","Power Through"],"picked":"Iron Wave","floor":3.0},{"not_picked":["Havoc","Sentinel"],"picked":"Wild Strike","floor":4.0},{"not_picked":["Wild Strike","Flex","Shockwave"],"picked":"SKIP","floor":5.0},{"not_picked":["True Grit","Dark Embrace"],"picked":"Uppercut","floor":6.0},{"not_picked":["Shockwave","Thunderclap"],"picked":"Battle Trance","floor":7.0},{"not_picked":["Pommel Strike","Second Wind","True Grit"],"picked":"SKIP","floor":11.0},{"not_picked":["Clash","Rupture"],"picked":"Twin Strike","floor":12.0},{"not_picked":["Headbutt","Spot Weakness"],"picked":"Inflame","floor":13.0},{"not_picked":["Iron Wave","Headbutt"],"picked":"Inflame","floor":14.0},{"not_picked":["Offering","Impervious"],"picked":"Double Tap","floor":16.0},{"not_picked":["Heavy Blade","Ghostly Armor+1"],"picked":"Shrug It Off+1","floor":18.0},{"not_picked":["Clash+1","Anger+1"],"picked":"Shrug It Off","floor":21.0},{"not_picked":["Shockwave+1","Flex"],"picked":"Blood for Blood+1","floor":22.0},{"not_picked":["Dark Embrace","Seeing Red","Wild Strike"],"picked":"SKIP","floor":27.0},{"not_picked":["Flex","Anger","Whirlwind"],"picked":"SKIP","floor":29.0},{"not_picked":["Iron Wave","Clash"],"picked":"Inflame+1","floor":31.0},{"not_picked":["Demon Form","Exhume"],"picked":"Limit Break","floor":33.0},{"not_picked":["Power Through+1","Wild Strike","Body Slam"],"picked":"SKIP","floor":35.0},{"not_picked":["Hemokinesis+1","Thunderclap+1","Evolve+1"],"picked":"SKIP","floor":37.0},{"not_picked":["Corruption+1","Flex+1","Intimidate"],"picked":"SKIP","floor":38.0},{"not_picked":["Perfected Strike","Ghostly Armor","Cleave+1"],"picked":"SKIP","floor":46.0},{"not_picked":["Warcry+1","Headbutt+1","Second Wind"],"picked":"SKIP","floor":47.0},{"not_picked":["Twin Strike","Dropkick+1","Thunderclap+1"],"picked":"SKIP","floor":48}],"player_experience":547692,"relics_obtained":[{"floor":6.0,"key":"Oddly Smooth Stone"},{"floor":9.0,"key":"Lantern"},{"floor":12.0,"key":"Shuriken"},{"floor":19.0,"key":"Necronomicon"},{"floor":24.0,"key":"Red Mask"},{"floor":26.0,"key":"Pantograph"},{"floor":27.0,"key":"Vajra"},{"floor":43.0,"key":"Blood Vial"}],"event_choices":[{"damage_healed":0.0,"max_hp_gain":0.0,"max_hp_loss":0.0,"gold_gain":0.0,"event_name":"Cursed Tome","player_choice":"Obtained Book","floor":19.0,"gold_loss":0.0,"damage_taken":16.0},{"damage_healed":0.0,"max_hp_gain":0.0,"max_hp_loss":0.0,"gold_gain":0.0,"event_name":"Colosseum","player_choice":"Fight","floor":20.0,"gold_loss":0.0,"damage_taken":0.0},{"damage_healed":0.0,"max_hp_gain":0.0,"max_hp_loss":0.0,"gold_gain":0.0,"event_name":"Colosseum","player_choice":"Fled From Nobs","floor":20.0,"gold_loss":0.0,"damage_taken":0.0},{"damage_healed":0.0,"max_hp_gain":0.0,"max_hp_loss":0.0,"gold_gain":0.0,"event_name":"Masked Bandits","player_choice":"Fought Bandits","floor":24.0,"gold_loss":0.0,"damage_taken":0.0},{"damage_healed":0.0,"max_hp_gain":0.0,"max_hp_loss":0.0,"gold_gain":0.0,"event_name":"Upgrade Shrine","player_choice":"Upgraded","floor":30.0,"gold_loss":0.0,"damage_taken":0.0,"cards_upgraded":["Secret Weapon"]},{"damage_healed":0.0,"max_hp_gain":0.0,"max_hp_loss":0.0,"gold_gain":0.0,"event_name":"Duplicator","player_choice":"Copied","floor":36.0,"gold_loss":0.0,"damage_taken":0.0,"cards_obtained":["Heavy Blade"]},{"damage_healed":0.0,"max_hp_gain":0.0,"max_hp_loss":0.0,"gold_gain":222.0,"event_name":"Tomb of Lord Red Mask","player_choice":"Wore Mask","floor":41.0,"gold_loss":0.0,"damage_taken":0.0},{"damage_healed":0.0,"max_hp_gain":0.0,"max_hp_loss":4.0,"gold_gain":0.0,"event_name":"Winding Halls","player_choice":"Max HP","floor":45.0,"gold_loss":0.0,"damage_taken":0.0}],"is_beta":true,"boss_relics":[{"not_picked":["Coffee Dripper","Runic Pyramid"],"picked":"Astrolabe"},{"not_picked":["Busted Crown","Empty Cage"],"picked":"Philosopher\u0027s Stone"}],"items_purged_floors":[],"is_endless":false,"potions_floor_spawned":[3,5,6,11,13,14,18,22,27,33,38,46,47,48],"ascension_level":5}