{"gold_per_floor":[113,38,48,123,298,298,298,19,19,19,30,30,30,49,49,151,151,131,131,148,148,217,217,231,262,262,273,52,62,161,161,161,257,257,271,48,0,0,18,18,33,59,85,113,124,86,101,117,117,117],"floor_reached":51,"playtime":4040,"items_purged":[],"score":790,"play_id":"57a239d1-05f9-4ef9-a311-69c6db90adce","local_time":"20190126225318","is_ascension_mode":false,"campfire_choices":[{"floor":6,"key":"REST"},{"data":"Metamorphosis","floor":10,"key":"SMITH"},{"data":"Noxious Fumes","floor":13,"key":"SMITH"},{"data":"Infinite Blades","floor":15,"key":"SMITH"},{"floor":23,"key":"REST"},{"floor":32,"key":"REST"},{"floor":40,"key":"REST"},{"floor":49,"key":"REST"}],"neow_cost":"PERCENT_DAMAGE","seed_source_timestamp":1242254240037453,"circlet_count":0,"master_deck":["Defend_G+1","Defend_G+1","Defend_G+1","Defend_G+1","Defend_G+1","Strike_G+1","Strike_G+1","Strike_G+1","Strike_G+1","Survivor","Neutralize","Noxious Fumes+1","Infinite Blades+1","Leg Sweep","Metamorphosis+1","Backflip+1","Terror+1","Outmaneuver","Escape Plan","After Image+1","Footwork+1","Accuracy","Flying Knee+1","Caltrops","Acrobatics+1","Well Laid Plans","Footwork+1","Adrenaline+1","Acrobatics+1","Cloak And Dagger+1","Escape Plan+1","Footwork+1","Crippling Poison+1","Catalyst+1","Quick Slash+1","PiercingWail+1","Blur+1","Bouncing Flask+1","Backstab+1"],"relics":["Ring of the Snake","War Paint","Fusion Hammer","Toxic Egg 2","Pen Nib","Dodecahedron","Anchor","Snecko Eye","Happy Flower","Red Mask","Letter Opener","Bag of Preparation","Snake Skull"],"potions_floor_usage":[25,50,50],"damage_taken":[{"damage":0,"enemies":"Cultist","floor":1,"turns":4},{"damage":1,"enemies":"Jaw Worm","floor":3,"turns":4},{"damage":0,"enemies":"Small Slimes","floor":11,"turns":3},{"damage":2,"enemies":"Looter","floor":14,"turns":3},{"damage":47,"enemies":"Hexaghost","floor":16,"turns":8},{"damage":1,"enemies":"2 Thieves","floor":18,"turns":4},{"damage":0,"enemies":"Spheric Guardian","floor":20,"turns":5},{"damage":16,"enemies":"Snake Plant","floor":24,"turns":6},{"damage":49,"enemies":"Slavers","floor":25,"turns":7},{"damage":7,"enemies":"Centurion and Healer","floor":27,"turns":7},{"damage":4,"enemies":"3 Cultists","floor":29,"turns":5},{"damage":0,"enemies":"Automaton","floor":33,"turns":11},{"damage":11,"enemies":"3 Shapes","floor":35,"turns":6},{"damage":22,"enemies":"3 Darklings","floor":39,"turns":6},{"damage":0,"enemies":"4 Shapes","floor":41,"turns":6},{"damage":28,"enemies":"Nemesis","floor":42,"turns":11},{"damage":3,"enemies":"Giant Head","floor":44,"turns":11},{"damage":0,"enemies":"Transient","floor":45,"turns":5},{"damage":0,"enemies":"Maw","floor":47,"turns":8},{"damage":20,"enemies":"Writhing Mass","floor":48,"turns":7},{"damage":49,"enemies":"Donu and Deca","floor":50,"turns":9}],"seed_played":"-7930781056185399407","potions_obtained":[{"floor":3,"key":"GamblersBrew"},{"floor":18,"key":"Fire Potion"},{"floor":35,"key":"Ancient Potion"},{"floor":39,"key":"Regen Potion"},{"floor":47,"key":"Block Potion"}],"is_trial":false,"path_per_floor":["M","$","M","?","?","R","?","$","T","R","M","?","R","M","R","B",null,"M","?","M","?","T","R","M","E","T","M","$","M","?","?","R","B",null,"M","$","?","?","M","R","M","E","T","E","M","$","M","M","R","B",null],"character_chosen":"THE_SILENT","items_purchased":["Infinite Blades","Metamorphosis","Backflip","Terror","Well Laid Plans","Anchor","Cloak And Dagger+1","Escape Plan+1","Happy Flower","Blur+1"],"campfire_rested":5,"item_purchase_floors":[2,8,8,8,28,28,36,36,36,46],"current_hp_per_floor":[63,63,62,51,51,76,76,76,76,76,76,76,76,74,74,27,84,83,83,83,67,67,89,73,24,24,17,17,13,13,13,39,39,89,78,78,78,78,56,82,82,54,54,51,51,51,51,31,57,23],"gold":117,"neow_bonus":"TWENTY_PERCENT_HP_BONUS","is_prod":false,"is_daily":false,"chose_seed":false,"campfire_upgraded":3,"win_rate":0,"timestamp":1548514398,"path_taken":["M","?","?","?","?","R","?","$","T","R","M","?","R","M","R","BOSS","M","?","?","?","?","R","M","E","T","?","?","M","?","?","R","BOSS","M","$","?","?","M","R","M","E","T","E","M","$","M","M","R","BOSS"],"build_version":"2019-01-23","purchased_purges":0,"victory":true,"max_hp_per_floor":[84,84,84,84,84,84,84,84,84,84,84,84,84,84,84,84,84,84,84,84,89,89,89,89,89,89,89,89,89,89,89,89,89,89,89,89,89,89,89,89,89,89,89,89,89,89,89,89,89,89],"card_choices":[{"not_picked":["Cloak And Dagger","Endless Agony"],"picked":"Noxious Fumes","floor":1},{"not_picked":["Dodge and Roll","PiercingWail"],"picked":"Leg Sweep","floor":3},{"not_picked":["Deflect","Flying Knee"],"picked":"Outmaneuver","floor":11},{"not_picked":["Noxious Fumes","Bouncing Flask"],"picked":"Escape Plan","floor":14},{"not_picked":["Tools of the Trade","Wraith Form v2"],"picked":"After Image","floor":16},{"not_picked":["Backflip","Escape Plan"],"picked":"Footwork+1","floor":18},{"not_picked":["Sucker Punch+1","Quick Slash"],"picked":"Accuracy","floor":20},{"not_picked":["Choke","All Out Attack"],"picked":"Flying Knee+1","floor":24},{"not_picked":["Heel Hook+1","Storm of Steel+1"],"picked":"Caltrops","floor":25},{"not_picked":["Flying Knee+1","Prepared+1"],"picked":"Acrobatics+1","floor":27},{"not_picked":["Blade Dance+1","Deadly Poison+1"],"picked":"Footwork+1","floor":29},{"not_picked":["Unload","Doppelganger+1"],"picked":"Adrenaline+1","floor":33},{"not_picked":["Deflect+1","Deadly Poison+1"],"picked":"Acrobatics+1","floor":35},{"not_picked":["Cloak And Dagger+1","Deadly Poison+1"],"picked":"Footwork+1","floor":39},{"not_picked":["Tactician+1","Deadly Poison+1"],"picked":"Crippling Poison+1","floor":41},{"not_picked":["Dagger Throw","Endless Agony"],"picked":"Catalyst+1","floor":42},{"not_picked":["Dagger Spray","Underhanded Strike+1"],"picked":"Quick Slash+1","floor":44},{"not_picked":["Reflex+1","Deflect+1"],"picked":"PiercingWail+1","floor":45},{"not_picked":["Escape Plan+1","Terror+1"],"picked":"Bouncing Flask+1","floor":47},{"not_picked":["Masterful Stab+1","PiercingWail+1"],"picked":"Backstab+1","floor":48}],"player_experience":18828,"relics_obtained":[{"floor":9,"key":"War Paint"},{"floor":22,"key":"Toxic Egg 2"},{"floor":25,"key":"Pen Nib"},{"floor":26,"key":"Dodecahedron"},{"floor":42,"key":"Letter Opener"},{"floor":43,"key":"Bag of Preparation"},{"floor":44,"key":"Snake Skull"}],"event_choices":[{"damage_healed":0,"gold_gain":75,"player_choice":"Gather Gold","damage_taken":11,"max_hp_gain":0,"max_hp_loss":0,"event_name":"World of Goop","floor":4,"gold_loss":0},{"damage_healed":0,"gold_gain":175,"player_choice":"AGREE","damage_taken":0,"max_hp_gain":0,"max_hp_loss":0,"event_name":"Liars Game","floor":5,"gold_loss":0,"cards_obtained":["Doubt"]},{"cards_removed":["Doubt"],"damage_healed":0,"gold_gain":0,"player_choice":"Forget","damage_taken":0,"max_hp_gain":0,"max_hp_loss":0,"event_name":"Living Wall","floor":7,"gold_loss":0},{"damage_healed":0,"gold_gain":0,"player_choice":"Leave","damage_taken":0,"max_hp_gain":0,"max_hp_loss":0,"event_name":"The Cleric","floor":12,"gold_loss":0},{"damage_healed":0,"gold_gain":0,"player_choice":"Forge","damage_taken":0,"max_hp_gain":0,"max_hp_loss":0,"event_name":"Accursed Blacksmith","floor":19,"gold_loss":0,"cards_upgraded":["After Image"]},{"damage_healed":0,"gold_gain":0,"player_choice":"Shed Blood","damage_taken":21,"max_hp_gain":5,"max_hp_loss":0,"event_name":"Forgotten Altar","floor":21,"gold_loss":0},{"damage_healed":0,"gold_gain":99,"player_choice":"Stole From Cult","damage_taken":0,"max_hp_gain":0,"max_hp_loss":0,"event_name":"Nest","floor":30,"gold_loss":0},{"damage_healed":0,"gold_gain":0,"player_choice":"Simplicity","damage_taken":0,"max_hp_gain":0,"max_hp_loss":0,"event_name":"Back to Basics","floor":31,"gold_loss":0,"cards_upgraded":["Defend_G","Defend_G","Defend_G","Defend_G","Defend_G","Strike_G","Strike_G","Strike_G","Strike_G","Strike_G"]},{"damage_healed":0,"gold_gain":0,"player_choice":"Paid","damage_taken":0,"relics_obtained":["Red Mask"],"max_hp_gain":0,"max_hp_loss":0,"event_name":"Tomb of Lord Red Mask","floor":37,"gold_loss":48},{"cards_removed":["Strike_G"],"damage_healed":0,"gold_gain":0,"player_choice":"Removed Attack","damage_taken":0,"max_hp_gain":0,"max_hp_loss":0,"event_name":"Falling","floor":38,"gold_loss":0}],"is_beta":false,"boss_relics":[{"not_picked":["Busted Crown","Philosopher\u0027s Stone"],"picked":"Fusion Hammer"},{"not_picked":["Cursed Key","HoveringKite"],"picked":"Snecko Eye"}],"items_purged_floors":[],"is_endless":false,"potions_floor_spawned":[3,18,35,39,47,48],"ascension_level":0}