{"gold_per_floor":[115,115,42,59,59,59,94,94,94,119,119,119,150,150,150,251,251,271,186,186,60,60,60,77,93,93,169,169,188,188,33,33,128,128,144,157,157,157,157,157,169,169,238,238,250,262,262,15,15,15],"floor_reached":51,"playtime":4250,"items_purged":["Writhe"],"score":854,"play_id":"03aa0d8b-c20a-4525-847c-5602f71eecf9","local_time":"20190120212646","is_ascension_mode":true,"campfire_choices":[{"data":"Neutralize","floor":6,"key":"SMITH"},{"floor":12,"key":"REST"},{"data":"Noxious Fumes","floor":15,"key":"SMITH"},{"data":"Survivor","floor":23,"key":"SMITH"},{"floor":28,"key":"REST"},{"data":"Defend_G","floor":30,"key":"SMITH"},{"data":"Caltrops","floor":32,"key":"SMITH"},{"data":"Corpse Explosion","floor":40,"key":"SMITH"},{"floor":42,"key":"REST"},{"floor":47,"key":"REST"},{"data":"Defend_G","floor":49,"key":"SMITH"}],"neow_cost":"NONE","seed_source_timestamp":72217514982742,"circlet_count":0,"master_deck":["Defend_G","Defend_G","Defend_G","Defend_G+1","Defend_G+1","Strike_G","Strike_G","Survivor+1","Noxious Fumes+1","Well Laid Plans+1","Malaise+1","Corpse Explosion+1","Dodge and Roll+1","Caltrops+1","Backstab","Adrenaline","Distraction+1","Catalyst+1","Infinite Blades+1","Sucker Punch+1","PiercingWail+1","Dark Shackles","Backstab+1"],"relics":["Ring of the Snake","NeowsBlessing","Regal Pillow","Juzu Bracelet","Mercury Hourglass","Kunai","Philosopher\u0027s Stone","Ancient Tea Set","Omamori","Blood Vial","Tiny Chest","Bag of Marbles","Astrolabe","Bottled Lightning","Ninja Scroll","Shuriken"],"potions_floor_usage":[10,25,41,50,50,50],"damage_taken":[{"damage":0,"enemies":"Small Slimes","floor":1,"turns":1},{"damage":0,"enemies":"2 Louse","floor":4,"turns":1},{"damage":0,"enemies":"3 Sentries","floor":7,"turns":2},{"damage":32,"enemies":"Lagavulin","floor":10,"turns":7},{"damage":34,"enemies":"Gremlin Nob","floor":13,"turns":6},{"damage":9,"enemies":"The Guardian","floor":16,"turns":12},{"damage":7,"enemies":"2 Thieves","floor":18,"turns":4},{"damage":0,"enemies":"Chosen","floor":24,"turns":6},{"damage":25,"enemies":"Sentry and Sphere","floor":25,"turns":6},{"damage":9,"enemies":"Centurion and Healer","floor":29,"turns":5},{"damage":47,"enemies":"Automaton","floor":33,"turns":11},{"damage":9,"enemies":"3 Darklings","floor":35,"turns":2},{"damage":0,"enemies":"3 Shapes","floor":36,"turns":4},{"damage":2,"enemies":"Spire Growth","floor":41,"turns":5},{"damage":22,"enemies":"Maw","floor":45,"turns":7},{"damage":7,"enemies":"3 Darklings","floor":46,"turns":2},{"damage":28,"enemies":"Donu and Deca","floor":50,"turns":5}],"seed_played":"-3068815527913628772","potions_obtained":[{"floor":1,"key":"LiquidBronze"},{"floor":4,"key":"Strength Potion"},{"floor":24,"key":"Ancient Potion"},{"floor":33,"key":"Poison Potion"},{"floor":35,"key":"FearPotion"},{"floor":45,"key":"Strength Potion"}],"is_trial":false,"path_per_floor":["M","?","$","M","?","R","E","?","T","E","?","R","E","?","R","B",null,"M","?","?","$","?","R","M","M","T","T","R","M","R","$","R","B",null,"M","M","?","?","T","R","M","R","T","?","M","M","R","$","R","B",null],"character_chosen":"THE_SILENT","items_purchased":["Well Laid Plans","Explosive Potion","Bag of Marbles","Shuriken"],"campfire_rested":4,"item_purchase_floors":[3,21,31,48],"current_hp_per_floor":[63,68,68,68,68,68,68,68,68,36,36,73,39,75,75,66,73,66,66,66,66,66,66,66,41,41,41,75,66,66,66,66,21,62,55,57,57,57,57,57,57,75,75,75,53,48,75,75,75,47],"gold":15,"neow_bonus":"THREE_ENEMY_KILL","is_prod":false,"is_daily":false,"chose_seed":false,"campfire_upgraded":7,"win_rate":0,"timestamp":1548041206,"path_taken":["M","?","$","M","?","R","E","?","T","E","?","R","E","?","R","BOSS","M","?","?","$","?","R","M","M","T","?","R","M","R","$","R","BOSS","M","M","?","?","?","R","M","R","T","?","M","M","R","$","R","BOSS"],"build_version":"2019-01-19","purchased_purges":1,"victory":true,"max_hp_per_floor":[70,75,75,75,75,75,75,75,75,75,75,75,75,75,75,75,75,75,75,75,75,75,75,75,75,75,75,75,75,75,75,75,75,75,75,75,75,75,75,75,75,75,75,75,75,75,75,75,75,75],"card_choices":[{"not_picked":["Blade Dance","Underhanded Strike"],"picked":"Noxious Fumes","floor":1},{"not_picked":["Poisoned Stab","Underhanded Strike"],"picked":"Escape Plan","floor":4},{"not_picked":["Flechettes","Sucker Punch","Acrobatics"],"picked":"SKIP","floor":7},{"not_picked":["Acrobatics","Backflip"],"picked":"Malaise","floor":10},{"not_picked":["Calculated Gamble","Bane","Wraith Form v2"],"picked":"SKIP","floor":13},{"not_picked":["Tools of the Trade","A Thousand Cuts"],"picked":"Corpse Explosion","floor":16},{"not_picked":["Distraction","Underhanded Strike"],"picked":"Dodge and Roll+1","floor":18},{"not_picked":["Blade Dance","Dagger Spray"],"picked":"Caltrops","floor":24},{"not_picked":["Deflect","Heel Hook"],"picked":"Backstab","floor":25},{"not_picked":["Quick Slash","Heel Hook","Sucker Punch"],"picked":"SKIP","floor":29},{"not_picked":["Wraith Form v2","Tools of the Trade"],"picked":"Adrenaline","floor":33},{"not_picked":["Poisoned Stab+1","Finisher"],"picked":"Sucker Punch+1","floor":35},{"not_picked":["PiercingWail","Deflect+1","Backflip"],"picked":"SKIP","floor":36},{"not_picked":["Deflect","Blur"],"picked":"PiercingWail+1","floor":41},{"not_picked":["Impatience","The Bomb"],"picked":"Dark Shackles","floor":44},{"not_picked":["Dodge and Roll+1","Setup+1","Tactician+1"],"picked":"SKIP","floor":45},{"not_picked":["Cloak And Dagger","Dagger Throw+1"],"picked":"Backstab+1","floor":46}],"player_experience":616853,"relics_obtained":[{"floor":7,"key":"Regal Pillow"},{"floor":9,"key":"Juzu Bracelet"},{"floor":10,"key":"Mercury Hourglass"},{"floor":13,"key":"Kunai"},{"floor":26,"key":"Blood Vial"},{"floor":27,"key":"Tiny Chest"},{"floor":39,"key":"Bottled Lightning"},{"floor":43,"key":"Ninja Scroll"}],"event_choices":[{"damage_healed":0,"gold_gain":0,"player_choice":"Donut","damage_taken":0,"max_hp_gain":5,"max_hp_loss":0,"event_name":"Big Fish","floor":2,"gold_loss":0},{"damage_healed":0,"gold_gain":0,"player_choice":"Ignored","damage_taken":0,"max_hp_gain":0,"max_hp_loss":0,"event_name":"Golden Wing","floor":5,"gold_loss":0},{"damage_healed":0,"gold_gain":0,"player_choice":"Upgraded","damage_taken":0,"max_hp_gain":0,"max_hp_loss":0,"event_name":"Upgrade Shrine","floor":8,"gold_loss":0,"cards_upgraded":["Well Laid Plans"]},{"damage_healed":0,"gold_gain":0,"player_choice":"Grow","damage_taken":0,"max_hp_gain":0,"max_hp_loss":0,"event_name":"Living Wall","floor":11,"gold_loss":0,"cards_upgraded":["Malaise"]},{"cards_removed":["Escape Plan"],"damage_healed":36,"gold_gain":0,"player_choice":"Offered Uncommon","damage_taken":0,"max_hp_gain":0,"max_hp_loss":0,"event_name":"Bonfire Elementals","floor":14,"gold_loss":0},{"damage_healed":0,"gold_gain":0,"player_choice":"Obtained Relic","damage_taken":0,"relics_obtained":["Ancient Tea Set"],"max_hp_gain":0,"max_hp_loss":0,"event_name":"Addict","floor":19,"gold_loss":85},{"damage_healed":0,"gold_gain":0,"player_choice":"Opened","damage_taken":0,"relics_obtained":["Omamori"],"max_hp_gain":0,"max_hp_loss":0,"event_name":"The Mausoleum","floor":20,"gold_loss":0,"cards_obtained":["Writhe"]},{"damage_healed":0,"gold_gain":0,"player_choice":"Ignored","damage_taken":0,"max_hp_gain":0,"max_hp_loss":0,"event_name":"Ghosts","floor":22,"gold_loss":0},{"damage_healed":0,"gold_gain":0,"player_choice":"Ignored","damage_taken":0,"max_hp_gain":0,"max_hp_loss":0,"event_name":"Mysterious Sphere","floor":37,"gold_loss":0},{"cards_removed":["Neutralize"],"damage_healed":0,"gold_gain":0,"player_choice":"Removed Attack","damage_taken":0,"max_hp_gain":0,"max_hp_loss":0,"event_name":"Falling","floor":38,"gold_loss":0},{"damage_healed":0,"gold_gain":0,"player_choice":"Memory 1","damage_taken":0,"max_hp_gain":0,"max_hp_loss":0,"event_name":"SensoryStone","floor":44,"gold_loss":0}],"is_beta":true,"boss_relics":[{"not_picked":["Lizard Tail","Fusion Hammer"],"picked":"Philosopher\u0027s Stone"},{"not_picked":["Busted Crown","Runic Dome"],"picked":"Astrolabe"}],"items_purged_floors":[21],"is_endless":false,"potions_floor_spawned":[1,4,24,33,35,45],"ascension_level":6}