{"path_per_floor":["M","?","M","$","M","E","M","R","T","M","T","M","R","?","R","B",null,"M","$","?","M","M","R","?","$","T","M","?","?","R","M","R"],"character_chosen":"THE_SILENT","items_purchased":["Apotheosis","Vajra","Acrobatics","Dramatic Entrance"],"gold_per_floor":[215,215,228,31,41,67,84,84,133,147,197,210,210,210,210,331,331,355,84,84,100,116,116,147,55,55,72,72,72,72,86,86,86],"floor_reached":33,"campfire_rested":5,"playtime":2849,"item_purchase_floors":[4,19,19,25],"current_hp_per_floor":[65,58,56,56,56,50,42,65,65,53,53,52,75,75,75,49,77,59,59,59,54,49,72,37,37,37,42,42,42,65,48,71,0],"items_purged":["Injury"],"gold":86,"score":247,"play_id":"b23db438-5f22-42a6-ba31-e1e7d0bf7f93","local_time":"20180525114118","is_prod":false,"is_daily":false,"chose_seed":false,"is_ascension_mode":false,"campfire_upgraded":1,"win_rate":0.0,"timestamp":1527262878,"campfire_choices":[{"floor":8,"key":"REST"},{"floor":13,"key":"REST"},{"data":"Apotheosis","floor":15,"key":"SMITH"},{"floor":23,"key":"REST"},{"floor":30,"key":"REST"},{"floor":32,"key":"REST"}],"path_taken":["M","?","M","$","M","E","M","R","T","?","?","M","R","?","R","BOSS","M","$","?","M","M","R","?","?","T","M","?","?","R","M","R","BOSS"],"build_version":"2018-05-24","seed_source_timestamp":372908648676408,"purchased_purges":1,"victory":false,"master_deck":["Defend_G+1","Defend_G+1","Defend_G+1","Defend_G+1","Defend_G+1","Strike_G+1","Strike_G+1","Strike_G+1","Strike_G+1","Strike_G+1","Survivor","Neutralize","Skewer","Leg Sweep","Apotheosis+1","Underhanded Strike","Doppelganger","PiercingWail","Terror","Dagger Spray","Endless Agony","Phantasmal Killer","Acrobatics","Acrobatics","Caltrops+1","Riddle With Holes","Prepared+1","Underhanded Strike","Dramatic Entrance","Slice+1","Decay","Deflect","Dagger Spray","Escape Plan+1"],"max_hp_per_floor":[70,70,70,70,70,77,77,77,77,77,77,77,77,77,77,77,77,77,77,77,77,77,77,77,77,77,77,77,77,77,77,77,77],"relics":["Ring of the Snake","Mummified Hand","Strawberry","Dream Catcher","Potion Belt","Bloody Idol","Black Star","Vajra","Red Mask","The Courier"],"card_choices":[{"not_picked":["Deflect","Malaise"],"picked":"Skewer","floor":1},{"not_picked":["Outmaneuver","Bane"],"picked":"Leg Sweep","floor":3},{"not_picked":["Expertise","Quick Slash"],"picked":"Underhanded Strike","floor":5},{"not_picked":["Reflex","Skewer"],"picked":"Doppelganger","floor":6},{"not_picked":["Malaise","Calculated Gamble"],"picked":"PiercingWail","floor":7},{"not_picked":["Dodge and Roll","PiercingWail"],"picked":"Terror","floor":10},{"not_picked":["Sucker Punch","Heel Hook"],"picked":"Dagger Spray","floor":12},{"not_picked":["Flying Knee","Deflect"],"picked":"Endless Agony","floor":13},{"not_picked":["Tactician","Doppelganger"],"picked":"Phantasmal Killer","floor":16},{"not_picked":["Footwork","Blade Dance"],"picked":"Acrobatics","floor":18},{"not_picked":["Outmaneuver","Reflex"],"picked":"Caltrops+1","floor":21},{"not_picked":["Poisoned Stab","Dodge and Roll"],"picked":"Riddle With Holes","floor":22},{"not_picked":["Dagger Spray","Terror"],"picked":"Prepared+1","floor":23},{"not_picked":["Cloak And Dagger","Quick Slash"],"picked":"Underhanded Strike","floor":24},{"not_picked":["Poisoned Stab","Cloak And Dagger"],"picked":"Slice+1","floor":27},{"not_picked":["Burst","Dodge and Roll"],"picked":"Deflect","floor":30},{"not_picked":["Blade Dance","Footwork"],"picked":"Dagger Spray","floor":31},{"not_picked":["Flying Knee","Prepared"],"picked":"Escape Plan+1","floor":32}],"player_experience":135496,"potions_floor_usage":[16,16,31,33,33],"damage_taken":[{"damage":5,"enemies":"Small Slimes","floor":1,"turns":4},{"damage":2,"enemies":"2 Louse","floor":3,"turns":2},{"damage":0,"enemies":"Cultist","floor":5,"turns":4},{"damage":13,"enemies":"3 Sentries","floor":6,"turns":9},{"damage":8,"enemies":"Exordium Thugs","floor":7,"turns":7},{"damage":12,"enemies":"Looter","floor":10,"turns":3},{"damage":1,"enemies":"Blue Slaver","floor":12,"turns":4},{"damage":26,"enemies":"Slime Boss","floor":16,"turns":12},{"damage":18,"enemies":"2 Thieves","floor":18,"turns":4},{"damage":10,"enemies":"Spheric Guardian","floor":21,"turns":3},{"damage":10,"enemies":"3 Cultists","floor":22,"turns":4},{"damage":40,"enemies":"Masked Bandits","floor":24,"turns":5},{"damage":0,"enemies":"Cultist and Chosen","floor":27,"turns":4},{"damage":22,"enemies":"Snake Plant","floor":31,"turns":4},{"damage":75,"enemies":"Automaton","floor":33,"turns":6}],"relics_obtained":[{"floor":6,"key":"Strawberry"},{"floor":9,"key":"Dream Catcher"},{"floor":11,"key":"Potion Belt"},{"floor":24,"key":"Red Mask"},{"floor":26,"key":"The Courier"}],"event_choices":[{"event_name":"Scrap Ooze","player_choice":"success","floor":2,"damage_taken":7},{"event_name":"Golden Idol","player_choice":"Take Wound","floor":14,"damage_taken":0},{"event_name":"Forgotten Altar","player_choice":"Gave Idol","floor":20,"damage_taken":0},{"event_name":"Masked Bandits","player_choice":"Fought over 116 gold","floor":24,"damage_taken":0},{"event_name":"Back to Basics","player_choice":"Simplicity","floor":28,"damage_taken":0},{"event_name":"Wheel of Change","player_choice":"Curse","floor":29,"damage_taken":0}],"boss_relics":[{"not_picked":["Snecko Eye","Calling Bell"],"picked":"Black Star"}],"items_purged_floors":[19],"potions_floor_spawned":[3,7,22,24,27],"seed_played":"-3253090233563312089","killed_by":"Automaton","ascension_level":0,"potions_obtained":[{"floor":3,"key":"SteroidPotion"},{"floor":7,"key":"EssenceOfSteel"},{"floor":22,"key":"Energy Potion"},{"floor":24,"key":"Ancient Potion"},{"floor":27,"key":"Ancient Potion"}],"is_trial":false}