{"path_per_floor":["M","M","$","M","M","E","R","E","T","R","?","M","?","?","R"],"character_chosen":"THE_SILENT","items_purchased":["Caltrops"],"gold_per_floor":[117,136,59,78,94,124,124,154,154,154,154,167,167,167,167,167],"floor_reached":16,"campfire_rested":2,"playtime":1511,"item_purchase_floors":[3],"current_hp_per_floor":[68,68,68,67,60,42,42,24,24,45,27,29,29,16,35,0],"items_purged":[],"gold":167,"score":110,"play_id":"5c523726-8e5a-48fe-af2f-a33c6c933b38","local_time":"20180602192543","is_prod":false,"is_daily":false,"chose_seed":false,"is_ascension_mode":false,"campfire_upgraded":1,"win_rate":0,"timestamp":1527960343,"campfire_choices":[{"data":"Caltrops","floor":7,"key":"SMITH"},{"floor":10,"key":"REST"},{"floor":15,"key":"REST"}],"path_taken":["M","M","$","M","M","E","R","E","T","R","?","M","?","?","R","BOSS"],"build_version":"2018-05-30v2","seed_source_timestamp":72758923389793,"purchased_purges":0,"victory":false,"master_deck":["Defend_G","Defend_G+1","Defend_G","Defend_G","Defend_G","Strike_G","Strike_G","Strike_G","Strike_G","Strike_G","Survivor","Neutralize","Sucker Punch","Caltrops+1","Blade Dance","Slice","Sucker Punch+1","All Out Attack","Flying Knee"],"max_hp_per_floor":[70,70,70,70,70,70,70,70,70,70,70,70,65,65,65,65],"relics":["Sozu","Pen Nib","Bird Faced Urn","Letter Opener","Toxic Egg 2","Golden Idol"],"card_choices":[{"not_picked":["Expertise","Acrobatics","Eviscerate"],"picked":"SKIP","floor":1},{"not_picked":["Slice","Prepared"],"picked":"Sucker Punch","floor":2},{"not_picked":["Sucker Punch","Reflex"],"picked":"Blade Dance","floor":4},{"not_picked":["Dagger Throw","Expertise"],"picked":"Slice","floor":5},{"not_picked":["Expertise","Reflex"],"picked":"Sucker Punch","floor":6},{"not_picked":["Sucker Punch","Acrobatics"],"picked":"All Out Attack","floor":8},{"not_picked":["Choke","Endless Agony"],"picked":"Flying Knee","floor":12}],"player_experience":21948,"potions_floor_usage":[],"damage_taken":[{"damage":2,"enemies":"Small Slimes","floor":1,"turns":4},{"damage":0,"enemies":"2 Louse","floor":2,"turns":3},{"damage":1,"enemies":"Cultist","floor":4,"turns":3},{"damage":7,"enemies":"2 Fungi Beasts","floor":5,"turns":4},{"damage":18,"enemies":"Lagavulin","floor":6,"turns":9},{"damage":18,"enemies":"Gremlin Nob","floor":8,"turns":4},{"damage":0,"enemies":"3 Louse","floor":12,"turns":2},{"damage":39,"enemies":"The Guardian","floor":16,"turns":11}],"relics_obtained":[{"floor":6,"key":"Pen Nib"},{"floor":8,"key":"Bird Faced Urn"},{"floor":9,"key":"Letter Opener"}],"event_choices":[{"event_name":"Scrap Ooze","player_choice":"success","floor":11,"damage_taken":18},{"event_name":"Golden Idol","player_choice":"Lose Max HP","floor":13,"damage_taken":0},{"event_name":"Shining Light","player_choice":"Entered Light","floor":14,"damage_taken":0}],"boss_relics":[],"items_purged_floors":[],"potions_floor_spawned":[1,5,8,12],"seed_played":"-9198944910599693266","killed_by":"The Guardian","ascension_level":0,"potions_obtained":[],"is_trial":false}