{"gold_per_floor":[113,133,57,75,94,94,128,128,155,185,185,198,211,242,242,314,314,324,342,112,127,145,145,160,160],"floor_reached":25,"playtime":1605,"items_purged":["Strike_R"],"score":401,"play_id":"1664fb77-b215-4de2-ab50-14e2bd2c0669","local_time":"20190215102638","is_ascension_mode":true,"campfire_choices":[{"data":"Rage","floor":6,"key":"SMITH"},{"floor":8,"key":"REST"},{"floor":15,"key":"REST"},{"floor":23,"key":"REST"}],"neow_cost":"NONE","seed_source_timestamp":110386622514295,"circlet_count":0,"master_deck":["AscendersBane","Strike_R","Strike_R","Strike_R","Defend_R","Defend_R","Defend_R","Defend_R","Bash","Reaper","Clash","Anger","Rage+1","Whirlwind","Limit Break","Pommel Strike","Warcry","Flex","Impervious","Demon Form","Thunderclap","Evolve","Fiend Fire","Limit Break"],"relics":["Burning Blood","Bronze Scales","Oddly Smooth Stone","Odd Mushroom","Centennial Puzzle","Fusion Hammer"],"potions_floor_usage":[7,12,12,16,22,22],"damage_taken":[{"damage":12,"enemies":"Small Slimes","floor":1,"turns":5},{"damage":6,"enemies":"2 Louse","floor":2,"turns":4},{"damage":1,"enemies":"Cultist","floor":4,"turns":3},{"damage":19,"enemies":"Red Slaver","floor":5,"turns":5},{"damage":66,"enemies":"Lagavulin","floor":7,"turns":9},{"damage":32,"enemies":"The Mushroom Lair","floor":10,"turns":4},{"damage":15,"enemies":"Lots of Slimes","floor":12,"turns":4},{"damage":0,"enemies":"3 Louse","floor":13,"turns":3},{"damage":24,"enemies":"Gremlin Nob","floor":14,"turns":3},{"damage":48,"enemies":"The Guardian","floor":16,"turns":11},{"damage":22,"enemies":"2 Thieves","floor":18,"turns":4},{"damage":27,"enemies":"Shell Parasite","floor":19,"turns":5},{"damage":18,"enemies":"Snecko","floor":21,"turns":3},{"damage":18,"enemies":"Cultist and Chosen","floor":22,"turns":4},{"damage":43,"enemies":"Shelled Parasite and Fungi","floor":24,"turns":5},{"damage":21,"enemies":"Centurion and Healer","floor":25,"turns":3}],"seed_played":"-2182667412370215921","potions_obtained":[{"floor":1,"key":"SteroidPotion"},{"floor":7,"key":"Regen Potion"},{"floor":10,"key":"BloodPotion"},{"floor":14,"key":"Weak Potion"},{"floor":16,"key":"SteroidPotion"},{"floor":18,"key":"SteroidPotion"},{"floor":22,"key":"Dexterity Potion"}],"is_trial":false,"path_per_floor":["M","M","$","M","M","R","E","R","T","?","?","M","M","E","R","B",null,"M","M","$","M","M","R","M","M"],"character_chosen":"IRONCLAD","items_purchased":["Rage","Fiend Fire"],"campfire_rested":3,"item_purchase_floors":[3,20],"current_hp_per_floor":[66,74,74,75,66,66,12,34,34,16,16,38,44,26,48,10,59,51,36,36,24,27,49,20,0],"gold":160,"neow_bonus":"TRANSFORM_CARD","is_prod":false,"is_daily":false,"chose_seed":false,"campfire_upgraded":1,"win_rate":0,"timestamp":1550244398,"path_taken":["M","M","$","M","M","R","E","R","T","?","?","M","M","E","R","BOSS","M","M","$","M","M","R","M","M"],"build_version":"2019-01-23","purchased_purges":1,"victory":false,"max_hp_per_floor":[75,75,75,75,75,75,75,75,75,75,75,75,75,75,75,75,75,75,75,75,75,75,75,75,75],"card_choices":[{"not_picked":["Infernal Blade","Heavy Blade"],"picked":"Clash","floor":1},{"not_picked":["Heavy Blade","Armaments"],"picked":"Anger","floor":2},{"not_picked":["Headbutt","Flex"],"picked":"Whirlwind","floor":4},{"not_picked":["Pummel","Wild Strike"],"picked":"Limit Break","floor":5},{"not_picked":["Bloodletting","Combust"],"picked":"Pommel Strike","floor":7},{"not_picked":["Carnage","Sentinel"],"picked":"Warcry","floor":10},{"not_picked":["Sentinel","Iron Wave"],"picked":"Flex","floor":12},{"not_picked":["Wild Strike","Heavy Blade","Fire Breathing"],"picked":"SKIP","floor":13},{"not_picked":["Whirlwind","Headbutt"],"picked":"Impervious","floor":14},{"not_picked":["Juggernaut","Double Tap"],"picked":"Demon Form","floor":16},{"not_picked":["Pommel Strike","True Grit"],"picked":"Thunderclap","floor":18},{"not_picked":["Headbutt","Hemokinesis"],"picked":"Evolve","floor":19},{"not_picked":["Pommel Strike","Anger","Combust"],"picked":"SKIP","floor":21},{"not_picked":["Perfected Strike","Thunderclap"],"picked":"Limit Break","floor":22},{"not_picked":["Reckless Charge","Sword Boomerang","Sentinel"],"picked":"SKIP","floor":24}],"player_experience":2435058,"relics_obtained":[{"floor":7,"key":"Bronze Scales"},{"floor":9,"key":"Oddly Smooth Stone"},{"floor":10,"key":"Odd Mushroom"},{"floor":14,"key":"Centennial Puzzle"}],"event_choices":[{"damage_healed":0,"gold_gain":0,"player_choice":"Fought Mushrooms","damage_taken":0,"max_hp_gain":0,"max_hp_loss":0,"event_name":"Mushrooms","floor":10,"gold_loss":0},{"damage_healed":0,"gold_gain":0,"player_choice":"Got Potions","damage_taken":0,"max_hp_gain":0,"max_hp_loss":0,"event_name":"Lab","floor":11,"gold_loss":0}],"is_beta":false,"boss_relics":[{"not_picked":["Philosopher\u0027s Stone","Runic Dome"],"picked":"Fusion Hammer"}],"items_purged_floors":[20],"is_endless":false,"potions_floor_spawned":[1,7,10,14,16,18,22],"killed_by":"Centurion and Healer","ascension_level":17}