{"gold_per_floor":[113,113,63,9,20,31,31,31,57,71,71,71,112,0,0,129,129,147,147,165,12,212,16,0,25,25,25,25,45,64,78,78,198,198,216,242,258,258,278,278,321,321,321,321,321,321,335,335,335,335],"floor_reached":50,"playtime":2048,"items_purged":["Strike_B"],"score":540,"play_id":"dec5be1f-b27a-4781-8b14-98fa2cb0c87d","local_time":"20181230155143","is_ascension_mode":true,"campfire_choices":[{"data":"Zap","floor":7.0,"key":"SMITH"},{"data":"Defragment","floor":15.0,"key":"SMITH"},{"data":"Mayhem","floor":28.0,"key":"SMITH"},{"floor":32.0,"key":"REST"},{"data":"Barrage","floor":40.0,"key":"SMITH"},{"data":"Seek","floor":42.0,"key":"SMITH"},{"floor":44.0,"key":"REST"},{"floor":46.0,"key":"REST"},{"data":"Barrage","floor":49.0,"key":"SMITH"}],"neow_cost":"NONE","seed_source_timestamp":398552178172504,"circlet_count":0,"master_deck":["Strike_B+1","Strike_B","Defend_B","Defend_B","Defend_B","Zap+1","Dualcast","BootSequence","Coolheaded","Cold Snap+1","Leap","Barrage+1","Defragment+1","Seek+1","Seek","Mayhem+1","Barrage+1","Ball Lightning+1","Ball Lightning+1","Electrodynamics","Auto Shields+1","Double Energy"],"special_seed":0,"relics":["Cracked Core","Whetstone","Boot","Golden Idol","Cursed Key","Nloth\u0027s Gift","Omamori","Molten Egg 2","Nuclear Battery","Ancient Tea Set","StoneCalendar"],"potions_floor_usage":[50],"damage_taken":[{"damage":0.0,"enemies":"Small Slimes","floor":1.0,"turns":3.0},{"damage":0.0,"enemies":"Jaw Worm","floor":5.0,"turns":2.0},{"damage":0.0,"enemies":"2 Louse","floor":6.0,"turns":2.0},{"damage":0.0,"enemies":"Looter","floor":10.0,"turns":3.0},{"damage":5.0,"enemies":"3 Sentries","floor":13.0,"turns":7.0},{"damage":13.0,"enemies":"Slime Boss","floor":16.0,"turns":11.0},{"damage":1.0,"enemies":"3 Byrds","floor":18.0,"turns":4.0},{"damage":15.0,"enemies":"Chosen","floor":20.0,"turns":5.0},{"damage":4.0,"enemies":"3 Cultists","floor":25.0,"turns":5.0},{"damage":1.0,"enemies":"Cultist and Chosen","floor":29.0,"turns":6.0},{"damage":9.0,"enemies":"Sentry and Sphere","floor":30.0,"turns":4.0},{"damage":6.0,"enemies":"Centurion and Healer","floor":31.0,"turns":5.0},{"damage":28.0,"enemies":"Champ","floor":33.0,"turns":11.0},{"damage":15.0,"enemies":"3 Darklings","floor":35.0,"turns":3.0},{"damage":0.0,"enemies":"3 Shapes","floor":37.0,"turns":3.0},{"damage":8.0,"enemies":"Writhing Mass","floor":39.0,"turns":4.0},{"damage":29.0,"enemies":"Reptomancer","floor":41.0,"turns":6.0},{"damage":0.0,"enemies":"Jaw Worm Horde","floor":47.0,"turns":2.0},{"damage":71,"enemies":"Time Eater","floor":50,"turns":6}],"seed_played":"-6192082382078290077","potions_obtained":[{"floor":5.0,"key":"FocusPotion"},{"floor":6.0,"key":"Energy Potion"},{"floor":13.0,"key":"Strength Potion"},{"floor":30.0,"key":"PowerPotion"},{"floor":31.0,"key":"Fire Potion"},{"floor":33.0,"key":"Fire Potion"},{"floor":39.0,"key":"EssenceOfSteel"},{"floor":41.0,"key":"SpeedPotion"}],"is_trial":false,"path_per_floor":["M","?","?","$","M","M","R","?","T","M","?","?","E","$","R","B",null,"M","?","M","$","?","$","?","M","T","T","R","M","M","M","R","B",null,"M","T","M","?","M","R","E","R","T","R","T","R","M","?","R","B"],"character_chosen":"DEFECT","items_purchased":["Cold Snap","Defragment","Omamori","Mayhem","Barrage"],"campfire_rested":3,"item_purchase_floors":[4,14,21,23,23],"current_hp_per_floor":[75,68,68,68,68,68,68,68,68,68,68,68,70,70,70,57,76,75,75,60,60,60,60,60,56,56,56,56,55,46,40,62,34,76,61,61,61,61,53,53,24,24,24,46,46,68,68,68,68,0],"gold":335,"neow_bonus":"THREE_CARDS","is_prod":false,"is_daily":false,"chose_seed":false,"campfire_upgraded":6,"win_rate":0,"timestamp":1546152703,"path_taken":["M","?","?","$","M","M","R","?","T","?","?","?","E","$","R","BOSS","M","?","?","$","?","?","?","M","T","?","R","M","M","M","R","BOSS","M","?","?","?","M","R","E","R","T","R","?","R","?","?","R","BOSS"],"build_version":"2018-12-20","purchased_purges":1,"victory":false,"max_hp_per_floor":[75,75,75,75,75,75,75,75,75,75,75,69,76,76,76,76,76,76,76,76,76,76,76,76,76,76,76,76,76,76,76,76,76,76,76,76,76,76,76,76,76,76,76,76,76,76,76,72,72,72],"card_choices":[{"not_picked":["Sweeping Beam","Scrape"],"picked":"BootSequence","floor":0.0},{"not_picked":["Steam","Reprogram"],"picked":"Coolheaded","floor":1.0},{"not_picked":["Fusion","Sweeping Beam","Heatsinks"],"picked":"SKIP","floor":5.0},{"not_picked":["Steam","Doom and Gloom"],"picked":"Leap","floor":6.0},{"not_picked":["Rebound","Sweeping Beam","Stack"],"picked":"SKIP","floor":10.0},{"not_picked":["Hologram","Beam Cell"],"picked":"Barrage","floor":13.0},{"not_picked":["Meteor Strike","Biased Cognition"],"picked":"Seek","floor":16.0},{"not_picked":["Rip and Tear+1","Force Field+1","Go for the Eyes"],"picked":"SKIP","floor":18.0},{"not_picked":["Streamline","Turbo"],"picked":"Seek","floor":20.0},{"not_picked":["Beam Cell","Barrage","Hologram"],"picked":"SKIP","floor":25.0},{"not_picked":["Beam Cell+1","Fusion"],"picked":"Ball Lightning+1","floor":29.0},{"not_picked":["Force Field","Darkness","Rebound+1"],"picked":"SKIP","floor":30.0},{"not_picked":["Darkness","Meteor Strike+1"],"picked":"Ball Lightning+1","floor":31.0},{"not_picked":["Meteor Strike+1","Thunder Strike+1"],"picked":"Electrodynamics","floor":33.0},{"not_picked":["Lockon+1","Skim","Streamline+1"],"picked":"SKIP","floor":35.0},{"not_picked":["Sunder+1","Stack","Fusion+1"],"picked":"SKIP","floor":37.0},{"not_picked":["Tempest","Stack"],"picked":"Auto Shields+1","floor":39.0},{"not_picked":["Buffer","Conserve Battery+1"],"picked":"Double Energy","floor":41.0},{"not_picked":["Hologram+1","Compile Driver+1","Stack"],"picked":"SKIP","floor":47.0}],"player_experience":273452,"relics_obtained":[{"floor":9.0,"key":"Whetstone"},{"floor":13.0,"key":"Strawberry"},{"floor":27.0,"key":"Molten Egg 2"},{"floor":36.0,"key":"Ancient Tea Set"},{"floor":41.0,"key":"StoneCalendar"}],"event_choices":[{"cards_removed":["Defend_B"],"damage_healed":0.0,"max_hp_gain":0.0,"max_hp_loss":0.0,"gold_gain":0.0,"event_name":"Golden Wing","player_choice":"Card Removal","floor":2.0,"gold_loss":0.0,"damage_taken":7.0},{"cards_removed":["Strike_B"],"damage_healed":0.0,"max_hp_gain":0.0,"max_hp_loss":0.0,"gold_gain":0.0,"event_name":"The Cleric","player_choice":"Card Removal","floor":3.0,"gold_loss":50.0,"damage_taken":0.0},{"damage_healed":0.0,"max_hp_gain":0.0,"max_hp_loss":0.0,"gold_gain":0.0,"event_name":"Liars Game","player_choice":"Ignored","floor":8.0,"gold_loss":0.0,"damage_taken":0.0},{"damage_healed":0.0,"max_hp_gain":0.0,"max_hp_loss":0.0,"gold_gain":0.0,"event_name":"Dead Adventurer","player_choice":"Searched \u00271\u0027 times","floor":11.0,"gold_loss":0.0,"damage_taken":0.0,"relics_obtained":["Boot"]},{"damage_healed":0.0,"max_hp_gain":0.0,"max_hp_loss":6.0,"gold_gain":0.0,"event_name":"Golden Idol","player_choice":"Lose Max HP","floor":12.0,"gold_loss":0.0,"damage_taken":0.0,"relics_obtained":["Golden Idol"]},{"damage_healed":0.0,"max_hp_gain":0.0,"max_hp_loss":0.0,"gold_gain":0.0,"event_name":"N\u0027loth","player_choice":"Traded Relic","floor":19.0,"relics_lost":["Strawberry"],"gold_loss":0.0,"damage_taken":0.0,"relics_obtained":["Nloth\u0027s Gift"]},{"damage_healed":0.0,"max_hp_gain":0.0,"max_hp_loss":0.0,"gold_gain":200.0,"event_name":"Wheel of Change","player_choice":"Gold","floor":22.0,"gold_loss":0.0,"damage_taken":0.0},{"damage_healed":0.0,"max_hp_gain":0.0,"max_hp_loss":0.0,"gold_gain":0.0,"event_name":"Masked Bandits","player_choice":"Paid Fearfully","floor":24.0,"gold_loss":16.0,"damage_taken":0.0},{"damage_healed":0.0,"max_hp_gain":0.0,"max_hp_loss":0.0,"gold_gain":0.0,"event_name":"SensoryStone","player_choice":"Memory 1","floor":38.0,"gold_loss":0.0,"damage_taken":0.0},{"damage_healed":0.0,"max_hp_gain":0.0,"max_hp_loss":4.0,"gold_gain":0.0,"event_name":"Winding Halls","player_choice":"Max HP","floor":48.0,"gold_loss":0.0,"damage_taken":0.0}],"is_beta":false,"boss_relics":[{"not_picked":["Coffee Dripper","Lizard Tail"],"picked":"Cursed Key"},{"not_picked":["Fusion Hammer","FrozenCore"],"picked":"Nuclear Battery"}],"items_purged_floors":[14],"is_endless":false,"potions_floor_spawned":[5,6,13,30,31,33,39,41],"killed_by":"Time Eater","ascension_level":2}