{"gold_per_floor":[10,10,22,37,37,66,66,84,130,130,130,171,171,210,210,210],"floor_reached":16,"playtime":909,"items_purged":[],"score":153,"play_id":"d641f8fd-cabb-4a6a-9e67-c5db7396efe6","local_time":"20190215224819","is_ascension_mode":true,"campfire_choices":[{"data":"Dash","floor":11.0,"key":"SMITH"},{"floor":13.0,"key":"REST"},{"floor":15.0,"key":"REST"}],"neow_cost":"NO_GOLD","seed_source_timestamp":12257679547659,"circlet_count":0,"master_deck":["Defend_G","Defend_G","Defend_G","Defend_G","Defend_G","Strike_G+1","Strike_G","Strike_G","Strike_G","Strike_G","Survivor","Neutralize","Deadly Poison","Cloak And Dagger+1","Dash+1","Dagger Spray","Burst","Crippling Poison"],"special_seed":0,"relics":["Ring of the Snake","Nunchaku","The Courier","Golden Idol","Strawberry","Juzu Bracelet","Pantograph"],"potions_floor_usage":[16,16],"damage_taken":[{"damage":3.0,"enemies":"Cultist","floor":1.0,"turns":4.0},{"damage":4.0,"enemies":"Small Slimes","floor":3.0,"turns":4.0},{"damage":1.0,"enemies":"2 Louse","floor":4.0,"turns":2.0},{"damage":26.0,"enemies":"3 Sentries","floor":6.0,"turns":9.0},{"damage":0.0,"enemies":"2 Fungi Beasts","floor":8.0,"turns":4.0},{"damage":14.0,"enemies":"Lagavulin","floor":12.0,"turns":8.0},{"damage":17.0,"enemies":"3 Sentries","floor":14.0,"turns":9.0},{"damage":69,"enemies":"Hexaghost","floor":16,"turns":14}],"seed_played":"-2738116793096741105","potions_obtained":[{"floor":1.0,"key":"GamblersBrew"},{"floor":4.0,"key":"GamblersBrew"}],"is_trial":false,"path_per_floor":["M","?","M","M","?","E","?","M","T","?","R","E","R","E","R","B"],"character_chosen":"THE_SILENT","items_purchased":[],"campfire_rested":2,"item_purchase_floors":[],"current_hp_per_floor":[60,65,61,60,45,19,19,19,26,26,26,12,34,17,39,0],"gold":210,"neow_bonus":"ONE_RARE_RELIC","is_prod":false,"is_daily":false,"chose_seed":false,"campfire_upgraded":1,"win_rate":0,"timestamp":1550242099,"path_taken":["M","?","M","M","?","E","?","M","T","?","R","E","R","E","R","BOSS"],"build_version":"2019-01-23","purchased_purges":0,"victory":false,"max_hp_per_floor":[70,75,75,75,75,75,69,69,76,76,76,76,76,76,76,76],"card_choices":[{"not_picked":["Catalyst","Dodge and Roll"],"picked":"Deadly Poison","floor":1.0},{"not_picked":["Acrobatics","Dodge and Roll"],"picked":"Cloak And Dagger","floor":3.0},{"not_picked":["Cloak And Dagger","Backflip","Masterful Stab"],"picked":"SKIP","floor":4.0},{"not_picked":["Expertise","Acrobatics"],"picked":"Dash","floor":6.0},{"not_picked":["Terror","Dagger Throw"],"picked":"Dagger Spray","floor":8.0},{"not_picked":["Blur","Dagger Throw"],"picked":"Burst","floor":12.0},{"not_picked":["Venomology","Quick Slash"],"picked":"Crippling Poison","floor":14.0}],"player_experience":158659,"relics_obtained":[{"floor":6.0,"key":"The Courier"},{"floor":9.0,"key":"Strawberry"},{"floor":12.0,"key":"Juzu Bracelet"},{"floor":14.0,"key":"Pantograph"}],"event_choices":[{"damage_healed":0.0,"max_hp_gain":5.0,"max_hp_loss":0.0,"gold_gain":0.0,"event_name":"Big Fish","player_choice":"Donut","floor":2.0,"gold_loss":0.0,"damage_taken":0.0},{"damage_healed":0.0,"max_hp_gain":0.0,"max_hp_loss":0.0,"gold_gain":0.0,"event_name":"Shining Light","player_choice":"Entered Light","floor":5.0,"gold_loss":0.0,"damage_taken":15.0,"cards_upgraded":["Strike_G","Cloak And Dagger"]},{"damage_healed":0.0,"max_hp_gain":0.0,"max_hp_loss":6.0,"gold_gain":0.0,"event_name":"Golden Idol","player_choice":"Lose Max HP","floor":7.0,"gold_loss":0.0,"damage_taken":0.0,"relics_obtained":["Golden Idol"]},{"damage_healed":0.0,"max_hp_gain":0.0,"max_hp_loss":0.0,"gold_gain":0.0,"event_name":"Liars Game","player_choice":"Ignored","floor":10.0,"gold_loss":0.0,"damage_taken":0.0}],"is_beta":false,"boss_relics":[],"items_purged_floors":[],"is_endless":false,"potions_floor_spawned":[1,4],"killed_by":"Hexaghost","ascension_level":6}