{"gold_per_floor":[144,144,144,209,254,384,384,449,449,514,559,624,734,779,779,1079,1079,1124,1189,509,604,4,4,94,94,94,159,269,269,334,444,444,744,744,814,814,859,1006,189,189,234,234,234,324,324,439,484,529,529,529],"floor_reached":51,"playtime":2294,"items_purged":["Strike_B"],"score":1081,"play_id":"017e62fd-705b-401f-a508-868e51cb17d0","local_time":"20181218202209","daily_mods":["Allstar","Red Cards","Midas"],"is_ascension_mode":false,"campfire_choices":[{"floor":7,"key":"REST"},{"floor":15,"key":"REST"},{"floor":23,"key":"REST"},{"floor":25,"key":"REST"},{"floor":32,"key":"REST"},{"floor":40,"key":"REST"},{"floor":45,"key":"REST"},{"floor":49,"key":"REST"}],"neow_cost":"","seed_source_timestamp":0,"circlet_count":0,"master_deck":["Strike_B+1","Strike_B+1","Defend_B","Defend_B","Defend_B","Defend_B+1","Zap","Dualcast","HandOfGreed","Discovery","Magnetism","The Bomb","Secret Weapon","Double Energy","Gash","Ball Lightning","Cold Snap","Chaos","Immolate","Coolheaded","Conserve Battery","BootSequence","Writhe","Uppercut+1","Armaments","Hologram+1","Impervious","Double Tap","Armaments","Mind Blast","Dramatic Entrance","Dark Shackles","Inflame","Armaments+1","Hologram+1","Gash","Regret","Armaments+1","Feel No Pain+1","Hello World+1","Heatsinks+1"],"special_seed":17883,"relics":["Cracked Core","NlothsMask","Mercury Hourglass","The Courier","Cursed Key","Orichalcum","Turnip","Ornamental Fan","Bag of Preparation","Shuriken","Kunai","Darkstone Periapt","Gremlin Horn","Bottled Lightning","Thread and Needle","Letter Opener","Nuclear Battery","Nunchaku","Whetstone","Matryoshka","Blue Candle","Pear","Art of War","Mummified Hand","War Paint","Mango"],"potions_floor_usage":[13,13,13,33,33],"damage_taken":[{"damage":11,"enemies":"Jaw Worm","floor":1,"turns":2},{"damage":0,"enemies":"2 Louse","floor":4,"turns":1},{"damage":1,"enemies":"Cultist","floor":5,"turns":3},{"damage":23,"enemies":"3 Sentries","floor":6,"turns":5},{"damage":3,"enemies":"Red Slaver","floor":8,"turns":3},{"damage":10,"enemies":"Exordium Wildlife","floor":10,"turns":3},{"damage":3,"enemies":"Looter","floor":11,"turns":4},{"damage":5,"enemies":"2 Fungi Beasts","floor":12,"turns":2},{"damage":13,"enemies":"Lagavulin","floor":13,"turns":4},{"damage":13,"enemies":"Exordium Thugs","floor":14,"turns":4},{"damage":25,"enemies":"Slime Boss","floor":16,"turns":6},{"damage":2,"enemies":"Shell Parasite","floor":18,"turns":4},{"damage":3,"enemies":"Chosen","floor":19,"turns":4},{"damage":7,"enemies":"Centurion and Healer","floor":21,"turns":7},{"damage":21,"enemies":"Slavers","floor":24,"turns":2},{"damage":0,"enemies":"Cultist and Chosen","floor":27,"turns":3},{"damage":9,"enemies":"Book of Stabbing","floor":28,"turns":5},{"damage":0,"enemies":"3 Cultists","floor":30,"turns":3},{"damage":0,"enemies":"Gremlin Leader","floor":31,"turns":4},{"damage":0,"enemies":"Automaton","floor":33,"turns":7},{"damage":0,"enemies":"Orb Walker","floor":35,"turns":3},{"damage":0,"enemies":"3 Darklings","floor":37,"turns":3},{"damage":2,"enemies":"2 Orb Walkers","floor":38,"turns":4},{"damage":0,"enemies":"4 Shapes","floor":41,"turns":1},{"damage":32,"enemies":"Nemesis","floor":44,"turns":5},{"damage":0,"enemies":"Reptomancer","floor":46,"turns":3},{"damage":21,"enemies":"Spire Growth","floor":47,"turns":4},{"damage":2,"enemies":"Maw","floor":48,"turns":5},{"damage":6,"enemies":"Awakened One","floor":50,"turns":14}],"seed_played":"-1703853587993859002","potions_obtained":[{"floor":5,"key":"SmokeBomb"},{"floor":10,"key":"FearPotion"},{"floor":11,"key":"AttackPotion"},{"floor":12,"key":"Poison Potion"},{"floor":16,"key":"SmokeBomb"},{"floor":18,"key":"SneckoOil"},{"floor":24,"key":"FocusPotion"},{"floor":30,"key":"FearPotion"},{"floor":31,"key":"PowerPotion"},{"floor":35,"key":"Weak Potion"},{"floor":37,"key":"SpeedPotion"}],"is_trial":false,"path_per_floor":["M","?","?","M","M","E","R","M","T","M","M","M","E","M","R","B",null,"M","M","$","M","$","R","E","R","T","M","E","?","M","E","R","B",null,"M","?","M","?","$","R","M","?","T","E","R","E","M","M","R","B",null],"character_chosen":"DEFECT","items_purchased":["Orichalcum","Turnip","Ornamental Fan","Bag of Preparation","Shuriken","Kunai","Darkstone Periapt","Whetstone","Matryoshka","Blue Candle","Pear","Hologram"],"campfire_rested":8,"item_purchase_floors":[20,20,20,20,22,22,22,39,39,39,39,39],"current_hp_per_floor":[64,69,69,69,68,45,69,66,66,56,53,48,35,22,46,21,80,78,75,75,68,68,80,59,80,86,86,77,77,77,77,86,86,86,86,76,76,74,84,96,96,96,102,70,100,114,93,91,116,110],"gold":529,"neow_bonus":"","is_prod":false,"is_daily":true,"chose_seed":false,"campfire_upgraded":0,"win_rate":0,"timestamp":1545160929,"path_taken":["M","?","?","M","M","E","R","M","T","M","M","M","E","M","R","BOSS","M","M","$","M","$","R","E","R","T","M","E","?","M","E","R","BOSS","M","?","M","?","$","R","M","?","T","E","R","E","M","M","R","BOSS"],"build_version":"2018-12-13","purchased_purges":1,"victory":true,"max_hp_per_floor":[75,80,80,80,80,80,80,80,80,80,80,80,80,80,80,80,80,80,80,80,80,80,80,80,80,86,86,86,86,86,86,86,86,86,86,86,86,86,96,96,96,96,102,102,102,116,116,116,116,116],"card_choices":[{"not_picked":["Warcry","Go for the Eyes"],"picked":"Hologram","floor":1},{"not_picked":["Searing Blow","Warcry"],"picked":"Double Energy","floor":4},{"not_picked":["Loop","Bloodletting"],"picked":"Gash","floor":5},{"not_picked":["Compile Driver","Cleave","Berserk"],"picked":"SKIP","floor":6},{"not_picked":["Gash","Wild Strike"],"picked":"Ball Lightning","floor":8},{"not_picked":["Compile Driver","Sentinel"],"picked":"Cold Snap","floor":10},{"not_picked":["Body Slam","Pommel Strike","Capacitor"],"picked":"SKIP","floor":11},{"not_picked":["Burning Pact","Body Slam"],"picked":"Chaos","floor":12},{"not_picked":["Steam Power","Iron Wave","Heavy Blade"],"picked":"SKIP","floor":13},{"not_picked":["Wild Strike","Barrage","Clash"],"picked":"SKIP","floor":14},{"not_picked":["Dark Embrace","Fission"],"picked":"Immolate","floor":16},{"not_picked":["Barrage","Sentinel+1"],"picked":"Coolheaded","floor":18},{"not_picked":["Genetic Algorithm","Hello World","Turbo"],"picked":"SKIP","floor":19},{"not_picked":["Second Wind+1","Sword Boomerang"],"picked":"Conserve Battery","floor":21},{"not_picked":["Conserve Battery","Combust+1"],"picked":"BootSequence","floor":24},{"not_picked":["Cleave","Barrage"],"picked":"Uppercut+1","floor":27},{"not_picked":["Fission","Heavy Blade+1"],"picked":"Armaments","floor":28},{"not_picked":["Twin Strike","Streamline"],"picked":"Hologram+1","floor":30},{"not_picked":["Headbutt","Redo"],"picked":"Impervious","floor":31},{"not_picked":["Barricade","Meteor Strike"],"picked":"Double Tap","floor":33},{"not_picked":["Sentinel+1","Rage"],"picked":"Armaments","floor":35},{"not_picked":["Thinking Ahead","Bandage Up"],"picked":"Mind Blast","floor":36},{"not_picked":["Transmutation","Mayhem"],"picked":"Dramatic Entrance","floor":36},{"not_picked":["Swift Strike","Trip"],"picked":"Dark Shackles","floor":36},{"not_picked":["Streamline","Whirlwind"],"picked":"Inflame","floor":37},{"not_picked":["Body Slam+1","Wild Strike"],"picked":"Armaments+1","floor":38},{"not_picked":["Sweeping Beam","Ball Lightning+1"],"picked":"Gash","floor":41},{"not_picked":["Anger","Headbutt"],"picked":"Armaments+1","floor":44},{"not_picked":["Hemokinesis","Consume+1"],"picked":"Feel No Pain+1","floor":46},{"not_picked":["Stack","Havoc"],"picked":"Hello World+1","floor":47},{"not_picked":["Steam+1","All For One"],"picked":"Heatsinks+1","floor":48}],"player_experience":1799983,"relics_obtained":[{"floor":6,"key":"Mercury Hourglass"},{"floor":13,"key":"The Courier"},{"floor":24,"key":"Gremlin Horn"},{"floor":26,"key":"Bottled Lightning"},{"floor":28,"key":"Thread and Needle"},{"floor":31,"key":"Letter Opener"},{"floor":38,"key":"Nunchaku"},{"floor":43,"key":"Art of War"},{"floor":43,"key":"Mummified Hand"},{"floor":44,"key":"War Paint"},{"floor":46,"key":"Mango"}],"event_choices":[{"damage_healed":0,"gold_gain":0,"player_choice":"Donut","damage_taken":0,"max_hp_gain":5,"max_hp_loss":0,"event_name":"Big Fish","floor":2,"gold_loss":0},{"damage_healed":0,"gold_gain":0,"player_choice":"Trade","damage_taken":0,"relics_obtained":["NlothsMask"],"max_hp_gain":0,"max_hp_loss":0,"event_name":"FaceTrader","floor":3,"gold_loss":0},{"cards_removed":["Strike_B"],"damage_healed":0,"gold_gain":0,"player_choice":"Purged","damage_taken":0,"max_hp_gain":0,"max_hp_loss":0,"event_name":"Purifier","floor":29,"gold_loss":0},{"damage_healed":0,"gold_gain":0,"player_choice":"Memory 3","damage_taken":10,"max_hp_gain":0,"max_hp_loss":0,"event_name":"SensoryStone","floor":36,"gold_loss":0},{"damage_healed":0,"gold_gain":0,"player_choice":"Fight","damage_taken":0,"max_hp_gain":0,"max_hp_loss":0,"event_name":"Mysterious Sphere","floor":38,"gold_loss":0},{"cards_removed":["Hologram"],"damage_healed":0,"gold_gain":0,"player_choice":"Removed Skill","damage_taken":0,"max_hp_gain":0,"max_hp_loss":0,"event_name":"Falling","floor":42,"gold_loss":0}],"is_beta":false,"boss_relics":[{"not_picked":["Calling Bell","Inserter"],"picked":"Cursed Key"},{"not_picked":["Coffee Dripper","FrozenCore"],"picked":"Nuclear Battery"}],"items_purged_floors":[39],"is_endless":false,"potions_floor_spawned":[5,10,11,12,16,18,24,30,31,35,37,38],"ascension_level":0}