{"path_per_floor":["M","$","M","?","M","R","E","M","T","M","M","E","T","M","R","B",null,"M","M","?","?","$"],"character_chosen":"IRONCLAD","items_purchased":["Mummified Hand","Shrug It Off","FearPotion"],"gold_per_floor":[109,34,48,104,121,121,154,170,170,189,199,233,259,272,272,377,377,392,374,374,374,30,30],"floor_reached":23,"campfire_rested":0,"playtime":720,"item_purchase_floors":[22,22,22],"current_hp_per_floor":[80,80,80,80,80,80,69,75,75,70,68,74,74,80,80,36,80,71,67,67,67,67,0],"items_purged":["Bash"],"gold":30,"score":228,"play_id":"8eb2b50b-5f88-4af3-8e64-a7ddeb1fccda","local_time":"20180523104300","is_prod":false,"is_daily":false,"chose_seed":false,"is_ascension_mode":false,"campfire_upgraded":2,"win_rate":0.0,"timestamp":1527090180,"campfire_choices":[{"data":"Carnage","floor":6,"key":"SMITH"},{"data":"Spot Weakness","floor":15,"key":"SMITH"}],"path_taken":["M","$","?","?","?","R","E","M","T","M","M","E","?","M","R","BOSS","M","M","?","?","$","E"],"build_version":"2018-05-22","seed_source_timestamp":35012684994196,"purchased_purges":1,"victory":false,"master_deck":["Strike_R+1","Strike_R+1","Strike_R","Strike_R","Strike_R+1","Defend_R","Defend_R","Defend_R","Defend_R","Carnage+1","Clash","Spot Weakness+1","Shrug It Off","Clash","Feed","Anger","Headbutt","Demon Form","Shrug It Off"],"max_hp_per_floor":[80,80,80,80,80,80,80,80,80,80,80,80,80,80,80,80,80,83,83,83,83,83,83],"relics":["Burning Blood","Du-Vu Doll","Champion Belt","Thread and Needle","Whetstone","White Beast Statue","Mummified Hand"],"card_choices":[{"not_picked":["Clothesline","Body Slam"],"picked":"Carnage","floor":1},{"not_picked":["Rupture","Metallicize","Intimidate"],"picked":"SKIP","floor":3},{"not_picked":["Dropkick","Body Slam","Shockwave"],"picked":"SKIP","floor":5},{"not_picked":["Twin Strike","Cleave"],"picked":"Clash","floor":7},{"not_picked":["Seeing Red","Corruption"],"picked":"Spot Weakness","floor":8},{"not_picked":["Seeing Red","Infernal Blade"],"picked":"Shrug It Off","floor":10},{"not_picked":["Heavy Blade","Shrug It Off"],"picked":"Clash","floor":11},{"not_picked":["Iron Wave","Bludgeon","Armaments"],"picked":"SKIP","floor":12},{"not_picked":["Warcry","Shockwave","Twin Strike"],"picked":"SKIP","floor":14},{"not_picked":["Berserk","Barricade"],"picked":"Feed","floor":16},{"not_picked":["Sword Boomerang","True Grit+1"],"picked":"Anger","floor":18},{"not_picked":["Seeing Red","Body Slam"],"picked":"Headbutt","floor":19}],"player_experience":129106,"potions_floor_usage":[5,10,12,12,14,19,23],"damage_taken":[{"damage":1,"enemies":"Cultist","floor":1,"turns":3},{"damage":1,"enemies":"Jaw Worm","floor":3,"turns":4},{"damage":2,"enemies":"Small Slimes","floor":5,"turns":2},{"damage":17,"enemies":"3 Sentries","floor":7,"turns":6},{"damage":0,"enemies":"2 Fungi Beasts","floor":8,"turns":2},{"damage":11,"enemies":"Lots of Slimes","floor":10,"turns":4},{"damage":8,"enemies":"Exordium Wildlife","floor":11,"turns":4},{"damage":0,"enemies":"Gremlin Nob","floor":12,"turns":2},{"damage":0,"enemies":"Red Slaver","floor":14,"turns":4},{"damage":50,"enemies":"Hexaghost","floor":16,"turns":9},{"damage":18,"enemies":"Chosen","floor":18,"turns":5},{"damage":10,"enemies":"2 Thieves","floor":19,"turns":4},{"damage":67,"enemies":"Gremlin Leader","floor":23,"turns":7}],"relics_obtained":[{"floor":7,"key":"Du-Vu Doll"},{"floor":9,"key":"Champion Belt"},{"floor":12,"key":"Thread and Needle"},{"floor":13,"key":"Whetstone"}],"event_choices":[{"event_name":"Golden Wing","player_choice":"Gained Gold","floor":4,"damage_taken":0},{"event_name":"The Library","player_choice":"Read","floor":20,"damage_taken":0},{"event_name":"Ghosts","player_choice":"Ignored","floor":21,"damage_taken":0}],"boss_relics":[{"not_picked":["Lizard Tail","Orrery"],"picked":"White Beast Statue"}],"items_purged_floors":[2],"potions_floor_spawned":[1,7,8,10,12,14,18,19],"seed_played":"-7961850523146870299","killed_by":"Gremlin Leader","ascension_level":0,"potions_obtained":[{"floor":1,"key":"PowerPotion"},{"floor":7,"key":"SkillPotion"},{"floor":8,"key":"Poison Potion"},{"floor":10,"key":"GamblersBrew"},{"floor":12,"key":"Fire Potion"},{"floor":14,"key":"Strength Potion"},{"floor":18,"key":"SkillPotion"},{"floor":19,"key":"Ancient Potion"}],"is_trial":false}