{"gold_per_floor":[111,128,7,7,28,28,68,68,68,14,14,44,82,118,118,244,244,262,185,210,210,83,122,122,122,149,149,74,114,128,163,163,291,291,314,13,13,346,361,391,391,410,410,462,462,462,480,20,20,20],"floor_reached":51,"playtime":2146,"items_purged":["Defend_R","Decay"],"score":935,"play_id":"550a4786-a3fd-498b-b796-65d26fb57ff3","local_time":"20180814225641","is_ascension_mode":false,"campfire_choices":[{"data":"Armaments","floor":6,"key":"SMITH"},{"data":"Cleave","floor":8,"key":"SMITH"},{"data":"Perfected Strike","floor":15,"key":"SMITH"},{"data":"Armaments","floor":24,"key":"SMITH"},{"data":"RitualDagger","floor":27,"key":"SMITH"},{"floor":32,"key":"REST"},{"data":"Iron Wave","floor":41,"key":"SMITH"},{"floor":46,"key":"DIG"},{"floor":49,"key":"REST"}],"neow_cost":"NONE","seed_source_timestamp":44195279426019,"circlet_count":0,"master_deck":["Strike_R","Strike_R","Strike_R+1","Strike_R","Strike_R","Defend_R","Defend_R","Defend_R","Bash","Cleave+1","Shrug It Off","Pommel Strike+1","Armaments+1","Perfected Strike+1","Headbutt","Flex","Injury","Perfected Strike+1","J.A.X.","Thunderclap+1","Armaments+1","Pommel Strike","RitualDagger+1","Twin Strike","Iron Wave+1","Wild Strike","Wild Strike","Wild Strike","Wild Strike","Twin Strike+1","Iron Wave","Iron Wave","Wild Strike"],"relics":["Velvet Choker","Centennial Puzzle","Ornamental Fan","Darkstone Periapt","Dead Branch","Meat on the Bone","Odd Mushroom","Calling Bell","Potion Belt","Kunai","Charon\u0027s Ashes","Self Forming Clay","Whetstone","Boot","Lantern","Mark of Pain","Shuriken","Dodecahedron","Letter Opener","Shovel","Ice Cream","Mercury Hourglass","StoneCalendar"],"potions_floor_usage":[16,29,29,29,33,40,40,40,50,50,50],"damage_taken":[{"damage":0,"enemies":"Cultist","floor":1,"turns":2},{"damage":5,"enemies":"2 Louse","floor":2,"turns":2},{"damage":1,"enemies":"Small Slimes","floor":5,"turns":2},{"damage":14,"enemies":"3 Sentries","floor":7,"turns":5},{"damage":11,"enemies":"Gremlin Nob","floor":13,"turns":4},{"damage":0,"floor":14,"turns":2},{"damage":0,"enemies":"Slime Boss","floor":16,"turns":6},{"damage":11,"enemies":"3 Byrds","floor":18,"turns":5},{"damage":0,"enemies":"Chosen","floor":20,"turns":4},{"damage":31,"enemies":"Slavers","floor":23,"turns":5},{"damage":23,"enemies":"Book of Stabbing","floor":29,"turns":3},{"damage":4,"enemies":"Snecko","floor":30,"turns":3},{"damage":41,"enemies":"Gremlin Leader","floor":31,"turns":5},{"damage":50,"enemies":"Collector","floor":33,"turns":11},{"damage":23,"enemies":"3 Shapes","floor":35,"turns":3},{"damage":0,"enemies":"3 Darklings","floor":39,"turns":2},{"damage":20,"enemies":"Nemesis","floor":40,"turns":3},{"damage":3,"enemies":"4 Shapes","floor":42,"turns":3},{"damage":12,"floor":44,"turns":2},{"damage":16,"floor":45,"turns":4},{"damage":0,"enemies":"Sphere and 2 Shapes","floor":47,"turns":3},{"damage":43,"enemies":"Donu and Deca","floor":50,"turns":6}],"seed_played":"8491481090599541455","potions_obtained":[{"floor":1,"key":"BloodPotion"},{"floor":13,"key":"GamblersBrew"},{"floor":14,"key":"AttackPotion"},{"floor":18,"key":"AttackPotion"},{"floor":20,"key":"Regen Potion"},{"floor":30,"key":"Dexterity Potion"},{"floor":35,"key":"Swift Potion"},{"floor":39,"key":"Regen Potion"},{"floor":40,"key":"Regen Potion"},{"floor":47,"key":"FearPotion"}],"is_trial":false,"path_per_floor":["M","M","$","?","M","R","E","R","T","$","?","?","E","?","R","B",null,"M","?","M","?","$","E","R","?","T","R","?","E","M","E","R","B",null,"M","$","?","?","M","E","R","M","T","?","?","R","M","$","R","B"],"character_chosen":"IRONCLAD","items_purchased":["Pommel Strike","Perfected Strike","Armaments","Shuriken","Energy Potion","Wild Strike","StoneCalendar","GamblersBrew","SteroidPotion"],"campfire_rested":2,"item_purchase_floors":[3,10,22,36,36,48,48,48,48],"current_hp_per_floor":[80,75,75,55,54,54,40,40,40,40,40,40,29,41,41,41,98,87,87,87,87,87,56,56,50,50,50,50,44,52,23,52,14,98,75,75,75,75,75,60,60,57,57,57,53,53,53,53,82,53],"gold":20,"neow_bonus":"BOSS_RELIC","is_prod":false,"is_daily":false,"chose_seed":false,"campfire_upgraded":6,"win_rate":0,"timestamp":1534253201,"path_taken":["M","?","?","?","?","R","E","R","T","$","?","?","E","?","R","BOSS","M","?","?","?","$","E","R","?","T","R","?","E","?","E","R","BOSS","M","$","?","?","?","E","R","M","T","?","?","R","M","?","R","BOSS"],"build_version":"2018-08-09","purchased_purges":2,"victory":true,"max_hp_per_floor":[80,80,80,80,80,80,80,80,80,80,80,80,80,80,80,80,98,98,98,98,98,98,98,98,98,98,98,98,98,98,98,98,98,98,98,98,98,98,98,98,98,98,98,98,98,98,98,98,98,98],"card_choices":[{"not_picked":["Entrench","True Grit"],"picked":"Cleave","floor":1},{"not_picked":["Disarm","Clothesline"],"picked":"Shrug It Off","floor":2},{"not_picked":["Evolve","Searing Blow"],"picked":"Armaments","floor":5},{"not_picked":["Rupture","Warcry","Corruption"],"picked":"SKIP","floor":7},{"not_picked":["Sever Soul","Pummel"],"picked":"Headbutt","floor":13},{"not_picked":["Body Slam","Clash"],"picked":"Flex","floor":14},{"not_picked":["Disarm","Anger"],"picked":"Perfected Strike+1","floor":18},{"not_picked":["Body Slam","Second Wind"],"picked":"Thunderclap+1","floor":20},{"not_picked":["Warcry","Ghostly Armor+1"],"picked":"Pommel Strike","floor":23},{"not_picked":["Sentinel","Cleave"],"picked":"Twin Strike","floor":29},{"not_picked":["Spot Weakness+1","Shockwave"],"picked":"Iron Wave","floor":30},{"not_picked":["Headbutt","Double Tap"],"picked":"Wild Strike","floor":31},{"not_picked":["Thunderclap+1","Anger"],"picked":"Wild Strike","floor":35},{"not_picked":["Iron Wave","Clash+1"],"picked":"Wild Strike","floor":39},{"not_picked":["Blood for Blood","Sword Boomerang"],"picked":"Wild Strike","floor":40},{"not_picked":["Ghostly Armor","Anger+1"],"picked":"Twin Strike+1","floor":42},{"not_picked":["True Grit","Second Wind+1"],"picked":"Iron Wave","floor":44},{"not_picked":["Brutality","Armaments"],"picked":"Iron Wave","floor":47}],"player_experience":350842,"relics_obtained":[{"floor":7,"key":"Centennial Puzzle"},{"floor":9,"key":"Ornamental Fan"},{"floor":13,"key":"Meat on the Bone"},{"floor":14,"key":"Odd Mushroom"},{"floor":17,"key":"Potion Belt"},{"floor":17,"key":"Kunai"},{"floor":17,"key":"Charon\u0027s Ashes"},{"floor":23,"key":"Self Forming Clay"},{"floor":26,"key":"Whetstone"},{"floor":29,"key":"Boot"},{"floor":31,"key":"Lantern"},{"floor":40,"key":"Dodecahedron"},{"floor":43,"key":"Letter Opener"},{"floor":44,"key":"Shovel"},{"floor":45,"key":"Ice Cream"},{"floor":46,"key":"Mercury Hourglass"}],"event_choices":[{"event_name":"Golden Idol","player_choice":"Take Damage","floor":4,"damage_taken":0},{"event_name":"WeMeetAgain","player_choice":"Potion","floor":11,"damage_taken":0},{"event_name":"Dead Adventurer","player_choice":"Searched \u00273\u0027 times","floor":12,"damage_taken":0},{"event_name":"Mushrooms","player_choice":"Fought Mushrooms","floor":14,"damage_taken":0},{"event_name":"Drug Dealer","player_choice":"Got JAXXED","floor":19,"damage_taken":0},{"event_name":"Vampires","player_choice":"Ignored","floor":21,"damage_taken":0},{"event_name":"Nest","player_choice":"Joined the Cult","floor":25,"damage_taken":0},{"event_name":"Beggar","player_choice":"Gave Gold","floor":28,"damage_taken":0},{"event_name":"Transmorgrifier","player_choice":"Skipped","floor":37,"damage_taken":0},{"event_name":"The Moai Head","player_choice":"Gave Idol","floor":38,"damage_taken":0},{"event_name":"Mysterious Sphere","player_choice":"Fight","floor":44,"damage_taken":0},{"event_name":"MindBloom","player_choice":"Fight","floor":45,"damage_taken":0}],"is_beta":false,"boss_relics":[{"not_picked":["Runic Dome","Cursed Key"],"picked":"Calling Bell"},{"not_picked":["Pandora\u0027s Box","Philosopher\u0027s Stone"],"picked":"Mark of Pain"}],"items_purged_floors":[3,22],"is_endless":false,"potions_floor_spawned":[1,13,14,18,20,30,35,39,40,47],"ascension_level":0}