{"gold_per_floor":[109,109,74,74,74,74,91,126,126,146,146,146,146,156,156,230,230,243,158,7,7,7,23,39,51,76,76,90,90,13,25,25,97,97,112,112,112,129,129],"floor_reached":39,"playtime":1664,"items_purged":["Strike_B"],"score":908,"play_id":"a9695c88-cdd2-4760-9dd3-49832e05b198","local_time":"20190208080621","is_ascension_mode":true,"campfire_choices":[{"data":"Loop","floor":6,"key":"SMITH"},{"data":"Rip and Tear","floor":11,"key":"SMITH"},{"data":"Sunder","floor":13,"key":"SMITH"},{"data":"Beam Cell","floor":15,"key":"SMITH"},{"floor":27,"key":"REST"},{"data":"Recycle","floor":29,"key":"SMITH"},{"floor":32,"key":"REST"}],"neow_cost":"NONE","seed_source_timestamp":408888585395123,"circlet_count":0,"master_deck":["AscendersBane","Strike_B","Strike_B","Defend_B","Defend_B","Defend_B","Defend_B","Zap+1","Dualcast","Loop+1","Rip and Tear+1","Sunder+1","Gash","Beam Cell+1","Seek","Beam Cell","Static Discharge","FTL","Gash","Glacier+1","Decay","Recycle+1","Rebound","Hologram","Sweeping Beam","Fission","Coolheaded","Writhe","BootSequence"],"relics":["Cracked Core","NeowsBlessing","Shuriken","Potion Belt","Art of War","Cursed Key","Centennial Puzzle","Gambling Chip","Ancient Tea Set","Black Star"],"potions_floor_usage":[16,16,16,31,33,33],"damage_taken":[{"damage":0,"enemies":"Small Slimes","floor":1,"turns":1},{"damage":0,"enemies":"2 Louse","floor":7,"turns":1},{"damage":0,"enemies":"3 Sentries","floor":8,"turns":1},{"damage":0,"enemies":"Cultist","floor":10,"turns":2},{"damage":4,"enemies":"2 Fungi Beasts","floor":14,"turns":3},{"damage":0,"enemies":"Slime Boss","floor":16,"turns":3},{"damage":29,"enemies":"Shell Parasite","floor":18,"turns":4},{"damage":0,"enemies":"Chosen","floor":23,"turns":3},{"damage":10,"enemies":"Snecko","floor":24,"turns":4},{"damage":8,"enemies":"Chosen and Byrds","floor":25,"turns":3},{"damage":0,"enemies":"Centurion and Healer","floor":28,"turns":5},{"damage":0,"enemies":"Sentry and Sphere","floor":31,"turns":6},{"damage":46,"enemies":"Automaton","floor":33,"turns":8},{"damage":12,"enemies":"Orb Walker","floor":35,"turns":3},{"damage":42,"enemies":"3 Shapes","floor":38,"turns":7},{"damage":28,"enemies":"3 Darklings","floor":39,"turns":2}],"seed_played":"6152676328631703799","potions_obtained":[{"floor":1,"key":"PowerPotion"},{"floor":7,"key":"PowerPotion"},{"floor":10,"key":"Energy Potion"},{"floor":14,"key":"Strength Potion"},{"floor":23,"key":"Strength Potion"},{"floor":24,"key":"Block Potion"},{"floor":31,"key":"FocusPotion"},{"floor":35,"key":"LiquidBronze"},{"floor":38,"key":"GamblersBrew"}],"is_trial":false,"path_per_floor":["M","?","?","?","?","R","M","E","T","M","R","?","R","M","R","B",null,"M","?","$","?","?","M","M","M","T","R","M","R","$","M","R","B",null,"M","?","?","M","M"],"character_chosen":"DEFECT","items_purchased":["Static Discharge","Rebound","Hologram"],"campfire_rested":2,"item_purchase_floors":[20,30,30],"current_hp_per_floor":[64,53,70,75,75,75,75,75,75,75,75,75,75,71,71,71,75,46,46,46,46,46,46,36,28,28,50,50,50,50,50,72,26,64,52,52,67,25,0],"gold":129,"neow_bonus":"THREE_ENEMY_KILL","is_prod":false,"is_daily":false,"chose_seed":false,"campfire_upgraded":5,"win_rate":0,"timestamp":1549631181,"path_taken":["M","?","?","?","?","R","M","E","T","?","R","?","R","?","R","BOSS","M","?","$","?","?","M","M","?","T","R","M","R","$","M","R","BOSS","M","?","?","M","M"],"build_version":"2019-01-23","purchased_purges":1,"victory":false,"max_hp_per_floor":[71,71,71,76,76,76,76,76,76,76,76,76,76,76,76,76,76,76,76,76,76,76,76,76,76,76,76,76,76,76,76,76,76,76,76,76,76,76,76],"card_choices":[{"not_picked":["Tempest","Cold Snap"],"picked":"Loop","floor":1},{"not_picked":["Recycle","Compile Driver"],"picked":"Rip and Tear","floor":7},{"not_picked":["Rebound","Self Repair"],"picked":"Sunder","floor":8},{"not_picked":["Skim","Turbo"],"picked":"Gash","floor":10},{"not_picked":["Consume","Turbo"],"picked":"Beam Cell","floor":14},{"not_picked":["Multi-Cast","Amplify"],"picked":"Seek","floor":16},{"not_picked":["Ball Lightning+1","Stack"],"picked":"Beam Cell","floor":18},{"not_picked":["BootSequence","Ball Lightning"],"picked":"FTL","floor":23},{"not_picked":["Hologram","Lockon"],"picked":"Gash","floor":24},{"not_picked":["Seek","Stack"],"picked":"Glacier+1","floor":25},{"not_picked":["Sunder+1","Reinforced Body"],"picked":"Recycle","floor":28},{"not_picked":["Hello World","Turbo"],"picked":"Sweeping Beam","floor":31},{"not_picked":["Thunder Strike","Rainbow"],"picked":"Fission","floor":33},{"not_picked":["Static Discharge","Capacitor"],"picked":"Coolheaded","floor":35},{"not_picked":["Coolheaded+1","Reprogram"],"picked":"BootSequence","floor":38}],"player_experience":2349979,"relics_obtained":[{"floor":8,"key":"Potion Belt"},{"floor":9,"key":"Art of War"},{"floor":26,"key":"Ancient Tea Set"}],"event_choices":[{"damage_healed":0,"gold_gain":0,"player_choice":"Success","damage_taken":11,"relics_obtained":["Shuriken"],"max_hp_gain":0,"max_hp_loss":0,"event_name":"Scrap Ooze","floor":2,"gold_loss":0},{"damage_healed":17,"gold_gain":0,"player_choice":"Healed","damage_taken":0,"max_hp_gain":0,"max_hp_loss":0,"event_name":"The Cleric","floor":3,"gold_loss":35},{"damage_healed":0,"gold_gain":0,"player_choice":"Donut","damage_taken":0,"max_hp_gain":5,"max_hp_loss":0,"event_name":"Big Fish","floor":4,"gold_loss":0},{"damage_healed":0,"gold_gain":0,"player_choice":"Upgraded","damage_taken":0,"max_hp_gain":0,"max_hp_loss":0,"event_name":"Upgrade Shrine","floor":5,"gold_loss":0,"cards_upgraded":["Zap"]},{"cards_removed":["Strike_B"],"damage_healed":0,"gold_gain":0,"player_choice":"Purged","damage_taken":0,"max_hp_gain":0,"max_hp_loss":0,"event_name":"Purifier","floor":12,"gold_loss":0},{"damage_healed":0,"gold_gain":0,"player_choice":"Obtained Relic","damage_taken":0,"relics_obtained":["Centennial Puzzle"],"max_hp_gain":0,"max_hp_loss":0,"event_name":"Addict","floor":19,"gold_loss":85},{"damage_healed":0,"gold_gain":0,"player_choice":"Ignored","damage_taken":0,"max_hp_gain":0,"max_hp_loss":0,"event_name":"The Mausoleum","floor":21,"gold_loss":0},{"damage_healed":0,"gold_gain":0,"player_choice":"Gave Potion","damage_taken":0,"relics_obtained":["Gambling Chip"],"max_hp_gain":0,"max_hp_loss":0,"event_name":"WeMeetAgain","floor":22,"gold_loss":0},{"damage_healed":0,"gold_gain":0,"player_choice":"Ignored","damage_taken":0,"max_hp_gain":0,"max_hp_loss":0,"event_name":"Tomb of Lord Red Mask","floor":36,"gold_loss":0},{"damage_healed":15,"gold_gain":0,"player_choice":"Writhe","damage_taken":0,"max_hp_gain":0,"max_hp_loss":0,"event_name":"Winding Halls","floor":37,"gold_loss":0,"cards_obtained":["Writhe"]}],"is_beta":false,"boss_relics":[{"not_picked":["Astrolabe","Inserter"],"picked":"Cursed Key"},{"not_picked":["Snecko Eye","Philosopher\u0027s Stone"],"picked":"Black Star"}],"items_purged_floors":[20],"is_endless":false,"potions_floor_spawned":[1,7,10,14,23,24,31,35,38],"killed_by":"3 Darklings","ascension_level":20}