{"gold_per_floor":[119,130,141,141,66,66,101,101,128,128,147,167,183,24,24,124,124,134,144,154,77,96,96,96],"floor_reached":24,"playtime":2192,"items_purged":["Defend_G"],"score":250,"play_id":"2a67cb25-eccd-4bcb-8f75-0b36c2e98fe1","local_time":"20190114210430","is_ascension_mode":false,"campfire_choices":[{"data":"Neutralize","floor":6,"key":"SMITH"},{"data":"Dodge and Roll","floor":8,"key":"SMITH"},{"data":"Caltrops","floor":15,"key":"SMITH"},{"floor":23,"key":"REST"}],"neow_cost":"NONE","seed_source_timestamp":174916389085672,"circlet_count":0,"master_deck":["Defend_G","Defend_G","Defend_G","Defend_G","Strike_G","Strike_G","Strike_G","Survivor","Neutralize+1","Poisoned Stab","Dodge and Roll+1","PiercingWail","Well Laid Plans","Well Laid Plans","Terror","Deadly Poison","Caltrops+1","Poisoned Stab","Malaise","Expertise","Backflip","Deadly Poison","Blur","Choke+1"],"relics":["Ring of the Snake","Lantern","Juzu Bracelet","Runic Pyramid"],"potions_floor_usage":[7,22,24,24],"damage_taken":[{"damage":2,"enemies":"Cultist","floor":1,"turns":6},{"damage":0,"enemies":"Small Slimes","floor":2,"turns":3},{"damage":0,"enemies":"2 Louse","floor":3,"turns":4},{"damage":27,"enemies":"3 Sentries","floor":7,"turns":13},{"damage":1,"enemies":"2 Fungi Beasts","floor":11,"turns":4},{"damage":0,"enemies":"Red Slaver","floor":12,"turns":6},{"damage":8,"enemies":"Exordium Thugs","floor":13,"turns":7},{"damage":0,"enemies":"The Guardian","floor":16,"turns":9},{"damage":18,"enemies":"2 Thieves","floor":18,"turns":5},{"damage":1,"enemies":"3 Byrds","floor":19,"turns":3},{"damage":38,"enemies":"Sentry and Sphere","floor":20,"turns":8},{"damage":0,"enemies":"Centurion and Healer","floor":22,"turns":9},{"damage":51,"enemies":"3 Cultists","floor":24,"turns":6}],"seed_played":"3733455565060417700","potions_obtained":[{"floor":3,"key":"FearPotion"},{"floor":4,"key":"Weak Potion"},{"floor":4,"key":"Regen Potion"},{"floor":4,"key":"GamblersBrew"},{"floor":7,"key":"GhostInAJar"},{"floor":13,"key":"Energy Potion"}],"is_trial":false,"path_per_floor":["M","M","M","?","$","R","E","R","T","?","M","M","M","$","R","B",null,"M","M","M","$","M","R","M"],"character_chosen":"THE_SILENT","items_purchased":["Well Laid Plans","Caltrops","Poisoned Stab","Blur"],"campfire_rested":1,"item_purchase_floors":[5,14,14,21],"current_hp_per_floor":[68,68,68,68,68,68,53,53,53,53,52,52,44,44,44,44,70,52,51,13,13,13,34,0],"gold":96,"neow_bonus":"REMOVE_CARD","is_prod":false,"is_daily":false,"chose_seed":false,"campfire_upgraded":3,"win_rate":0,"timestamp":1547462070,"path_taken":["M","?","M","?","$","R","E","R","T","?","M","M","M","?","R","BOSS","M","M","M","$","M","R","M"],"build_version":"2019-01-10","purchased_purges":1,"victory":false,"max_hp_per_floor":[70,70,70,70,70,70,70,70,70,70,70,70,70,70,70,70,70,70,70,70,70,70,70,70],"card_choices":[{"not_picked":["Predator","Crippling Poison"],"picked":"Poisoned Stab","floor":1},{"not_picked":["Skewer","Reflex"],"picked":"Dodge and Roll","floor":2},{"not_picked":["Masterful Stab","Dodge and Roll"],"picked":"PiercingWail","floor":3},{"not_picked":["Sucker Punch","Cloak And Dagger","Outmaneuver"],"picked":"SKIP","floor":7},{"not_picked":["Blade Dance","Accuracy"],"picked":"Well Laid Plans","floor":11},{"not_picked":["Calculated Gamble","Glass Knife"],"picked":"Terror","floor":12},{"not_picked":["Cloak And Dagger","Heel Hook"],"picked":"Deadly Poison","floor":13},{"not_picked":["Tools of the Trade","Die Die Die"],"picked":"Malaise","floor":16},{"not_picked":["Flying Knee+1","Poisoned Stab"],"picked":"Expertise","floor":18},{"not_picked":["Well Laid Plans","Eviscerate"],"picked":"Backflip","floor":19},{"not_picked":["Outmaneuver","Bane+1"],"picked":"Deadly Poison","floor":20},{"not_picked":["Flying Knee","Bane"],"picked":"Choke+1","floor":22}],"player_experience":435462,"relics_obtained":[{"floor":7,"key":"Lantern"},{"floor":9,"key":"Juzu Bracelet"}],"event_choices":[{"damage_healed":0,"gold_gain":0,"player_choice":"Got Potions","damage_taken":0,"max_hp_gain":0,"max_hp_loss":0,"event_name":"Lab","floor":4,"gold_loss":0},{"cards_removed":["Strike_G"],"damage_healed":0,"gold_gain":0,"player_choice":"Offered Basic","damage_taken":0,"max_hp_gain":0,"max_hp_loss":0,"event_name":"Bonfire Elementals","floor":10,"gold_loss":0}],"is_beta":false,"boss_relics":[{"not_picked":["Empty Cage","Eternal Feather"],"picked":"Runic Pyramid"}],"items_purged_floors":[14],"is_endless":false,"potions_floor_spawned":[3,7,11,13,19,20],"killed_by":"3 Cultists","ascension_level":0}