{"gold_per_floor":[116,128,128,147,158,158,158,158,158,158,258,277,291,317,317,412,412,352,352,47,47,47,47,58,72,127,34,46,64,80,90,90,185,185,201,201,201,63,63,63,96,110,135,135,154,165,43,59,59,59],"floor_reached":50,"playtime":3285,"items_purged":["Strike_B","Strike_B"],"score":767,"play_id":"f1693849-12d1-496a-8c2d-04672d581bc2","local_time":"20180720165233","is_ascension_mode":true,"campfire_choices":[{"data":"Zap","floor":6,"key":"SMITH"},{"data":"Dualcast","floor":8,"key":"SMITH"},{"floor":15,"key":"REST"},{"data":"Chill","floor":23,"key":"SMITH"},{"floor":32,"key":"REST"},{"floor":40,"key":"REST"},{"floor":44,"key":"REST"},{"floor":49,"key":"REST"}],"neow_cost":"NONE","seed_source_timestamp":581097349656535,"circlet_count":0,"master_deck":["Defend_B","Defend_B","Defend_B","Defend_B","Zap+1","Dualcast+1","AscendersBane","Conserve Battery","Coolheaded","BootSequence","Blizzard","Auto Shields","Self Repair","Echo Form+1","Reinforced Body","Chill+1","Core Surge","Loop","Capacitor","Blizzard","Doom and Gloom","Machine Learning","Undo","Coolheaded","Defragment","Cold Snap","Undo+1","Leap+1","Consume"],"relics":["Cracked Core","Vajra","The Courier","Dodecahedron","Odd Mushroom","Lizard Tail","Pantograph","Art of War","Sozu","Boot","Omamori","DataDisk"],"potions_floor_usage":[5,16,16,29,33,33,35],"damage_taken":[{"damage":1,"enemies":"Cultist","floor":1,"turns":3},{"damage":4,"enemies":"Small Slimes","floor":2,"turns":3},{"damage":10,"enemies":"Jaw Worm","floor":4,"turns":3},{"damage":0,"enemies":"3 Louse","floor":5,"turns":3},{"damage":0,"enemies":"Exordium Wildlife","floor":12,"turns":3},{"damage":0,"enemies":"Blue Slaver","floor":13,"turns":3},{"damage":2,"floor":14,"turns":4},{"damage":22,"enemies":"The Guardian","floor":16,"turns":14},{"damage":23,"enemies":"2 Thieves","floor":18,"turns":4},{"damage":27,"enemies":"Chosen","floor":24,"turns":9},{"damage":17,"enemies":"Snake Plant","floor":25,"turns":6},{"damage":33,"enemies":"Cultist and Chosen","floor":28,"turns":10},{"damage":21,"enemies":"Snecko","floor":29,"turns":11},{"damage":14,"enemies":"Centurion and Healer","floor":30,"turns":13},{"damage":30,"enemies":"3 Cultists","floor":31,"turns":5},{"damage":14,"enemies":"Champ","floor":33,"turns":15},{"damage":64,"enemies":"Flame Bruiser 1 Orb","floor":35,"turns":10},{"damage":2,"enemies":"Nemesis","floor":41,"turns":7},{"damage":34,"enemies":"3 Darklings","floor":42,"turns":7},{"damage":12,"enemies":"4 Shapes","floor":45,"turns":6},{"damage":7,"enemies":"Sphere and 2 Shapes","floor":46,"turns":7},{"damage":26,"enemies":"3 Darklings","floor":48,"turns":8},{"damage":85,"enemies":"Awakened One","floor":50,"turns":5}],"seed_played":"7384490528371262653","potions_obtained":[{"floor":1,"key":"Fire Potion"},{"floor":2,"key":"Strength Potion"},{"floor":12,"key":"Poison Potion"},{"floor":14,"key":"Explosive Potion"},{"floor":28,"key":"Regen Potion"},{"floor":29,"key":"FocusPotion"},{"floor":31,"key":"Dexterity Potion"},{"floor":33,"key":"LiquidBronze"}],"is_trial":false,"path_per_floor":["M","M","?","M","M","R","?","R","T","T","?","M","M","?","R","B",null,"M","?","$","?","?","R","M","M","T","$","M","M","M","M","R","B",null,"M","?","?","$","?","R","E","M","T","R","M","M","$","M","R"],"character_chosen":"DEFECT","items_purchased":["Chill","Pantograph","Capacitor","Blizzard","Defragment","DataDisk"],"campfire_rested":5,"item_purchase_floors":[20,20,27,27,38,47],"current_hp_per_floor":[67,63,68,58,58,58,58,58,58,58,58,58,58,56,80,65,76,60,60,60,60,60,60,47,37,37,37,11,12,47,24,48,66,77,20,20,20,20,20,44,49,29,29,53,48,48,48,29,53,0],"gold":59,"neow_bonus":"RANDOM_COMMON_RELIC","is_prod":false,"is_daily":false,"chose_seed":false,"campfire_upgraded":3,"win_rate":0,"timestamp":1532119953,"path_taken":["M","M","?","?","M","R","?","R","T","?","?","M","M","?","R","BOSS","M","?","$","?","?","R","M","M","T","?","M","M","M","?","R","BOSS","M","?","?","$","?","R","E","?","T","R","M","M","$","M","R","BOSS"],"build_version":"2018-07-19v2","purchased_purges":2,"victory":false,"max_hp_per_floor":[75,75,80,80,80,80,80,80,80,80,80,80,80,80,80,80,80,80,80,80,80,80,80,80,80,80,80,80,80,80,80,80,80,80,80,80,80,80,80,80,80,80,80,80,80,80,80,80,80,80],"card_choices":[{"not_picked":["Static Discharge","Stack"],"picked":"Conserve Battery","floor":1},{"not_picked":["Double Energy","Force Field"],"picked":"Coolheaded","floor":2},{"not_picked":["Double Energy","Consume"],"picked":"BootSequence","floor":4},{"not_picked":["Double Energy","Stack","Skim"],"picked":"SKIP","floor":5},{"not_picked":["Compile Driver","Sweeping Beam"],"picked":"Blizzard","floor":12},{"not_picked":["Barrage","Rip and Tear"],"picked":"Auto Shields","floor":13},{"not_picked":["Skim","Turbo"],"picked":"Self Repair","floor":14},{"not_picked":["Hyperbeam","Buffer"],"picked":"Echo Form","floor":16},{"not_picked":["Gash","Redo"],"picked":"Reinforced Body","floor":18},{"not_picked":["Sunder","Go for the Eyes"],"picked":"Core Surge","floor":24},{"not_picked":["Auto Shields","Gash+1"],"picked":"Loop","floor":25},{"not_picked":["Steam","Heatsinks","Rebound+1"],"picked":"SKIP","floor":28},{"not_picked":["Redo","Lockon"],"picked":"Doom and Gloom","floor":29},{"not_picked":["Streamline+1","Beam Cell","Sweeping Beam"],"picked":"SKIP","floor":30},{"not_picked":["Rip and Tear","Go for the Eyes+1","White Noise"],"picked":"SKIP","floor":31},{"not_picked":["Creative AI","All For One"],"picked":"Machine Learning","floor":33},{"not_picked":["Rip and Tear+1","Sweeping Beam"],"picked":"Undo","floor":35},{"not_picked":["Beam Cell","White Noise"],"picked":"Cold Snap","floor":41},{"not_picked":["Heatsinks+1","Stack"],"picked":"Undo+1","floor":42},{"not_picked":["Gash","Auto Shields"],"picked":"Leap+1","floor":45},{"not_picked":["Go for the Eyes","White Noise+1"],"picked":"Consume","floor":46},{"not_picked":["Compile Driver","Doom and Gloom","Scrape"],"picked":"SKIP","floor":48}],"player_experience":1198893,"relics_obtained":[{"floor":9,"key":"The Courier"},{"floor":10,"key":"Dodecahedron"},{"floor":14,"key":"Odd Mushroom"},{"floor":26,"key":"Art of War"},{"floor":41,"key":"Boot"},{"floor":43,"key":"Omamori"}],"event_choices":[{"event_name":"Big Fish","player_choice":"Donut","floor":3,"damage_taken":0},{"event_name":"Living Wall","player_choice":"Forget","floor":7,"damage_taken":0},{"event_name":"Golden Shrine","player_choice":"Pray","floor":11,"damage_taken":0},{"event_name":"Mushrooms","player_choice":"Fought Mushrooms","floor":14,"damage_taken":0},{"event_name":"Accursed Blacksmith","player_choice":"Forge","floor":19,"damage_taken":0},{"event_name":"Vampires","player_choice":"Ignored","floor":21,"damage_taken":0},{"event_name":"Bonfire Elementals","player_choice":"BASIC","floor":22,"damage_taken":0},{"event_name":"Duplicator","player_choice":"One dupe","floor":36,"damage_taken":0},{"event_name":"Mysterious Sphere","player_choice":"Ignore","floor":37,"damage_taken":0},{"event_name":"SecretPortal","player_choice":"Rejected Portal.","floor":39,"damage_taken":0}],"is_beta":false,"boss_relics":[{"not_picked":["White Beast Statue","Calling Bell"],"picked":"Lizard Tail"},{"not_picked":["Velvet Choker","Empty Cage"],"picked":"Sozu"}],"items_purged_floors":[20,38],"is_endless":false,"potions_floor_spawned":[1,2,12,14,28,29,31,33,42,45,46],"killed_by":"Awakened One","ascension_level":12}