{"gold_per_floor":[111,111,121,186,4,4,20,53,76,76,76,89,99,118,118,213,213,227,242,242,276,288,288,305,305,328,328,328,328,281,297,297,297],"floor_reached":33,"playtime":1217,"items_purged":[],"score":358,"play_id":"a8f42837-df10-45e2-8184-a764adce4d25","local_time":"20180730131521","is_ascension_mode":true,"campfire_choices":[{"data":"Apotheosis","floor":6,"key":"SMITH"},{"data":"Perfected Strike","floor":10,"key":"SMITH"},{"data":"Inflame","floor":15,"key":"SMITH"},{"floor":23,"key":"REST"},{"floor":25,"key":"REST"},{"data":"Metallicize","floor":27,"key":"SMITH"},{"data":"Clothesline","floor":29,"key":"SMITH"},{"floor":32,"key":"REST"}],"neow_cost":"NONE","seed_source_timestamp":415941731649797,"circlet_count":0,"master_deck":["Strike_R","Strike_R","Strike_R","Strike_R","Strike_R","Defend_R+1","Defend_R+1","Defend_R","Defend_R","Bash+1","Headbutt","Perfected Strike+1","Apotheosis+1","Clothesline+1","Sentinel","Inflame+1","Feed","Metallicize+1","True Grit+1","Clash"],"relics":["Burning Blood","War Paint","Strawberry","Busted Crown","Enchiridion","Red Mask","Orichalcum"],"potions_floor_usage":[8,16,21,24],"damage_taken":[{"damage":8,"enemies":"Jaw Worm","floor":1,"turns":4},{"damage":0,"enemies":"Small Slimes","floor":3,"turns":3},{"damage":0,"enemies":"Cultist","floor":7,"turns":2},{"damage":18,"enemies":"Gremlin Nob","floor":8,"turns":3},{"damage":6,"enemies":"3 Louse","floor":12,"turns":3},{"damage":11,"enemies":"2 Fungi Beasts","floor":13,"turns":4},{"damage":24,"enemies":"Exordium Thugs","floor":14,"turns":4},{"damage":46,"enemies":"Hexaghost","floor":16,"turns":9},{"damage":25,"enemies":"Shell Parasite","floor":18,"turns":5},{"damage":9,"enemies":"Chosen","floor":19,"turns":4},{"damage":10,"floor":21,"turns":4},{"damage":24,"enemies":"Snake Plant","floor":22,"turns":4},{"damage":6,"enemies":"Cultist and Chosen","floor":24,"turns":6},{"damage":16,"enemies":"3 Cultists","floor":31,"turns":5},{"damage":85,"enemies":"Champ","floor":33,"turns":10}],"seed_played":"-120007507023111858","potions_obtained":[{"floor":7,"key":"GamblersBrew"},{"floor":14,"key":"LiquidBronze"},{"floor":19,"key":"Fire Potion"},{"floor":22,"key":"Energy Potion"},{"floor":24,"key":"SpeedPotion"}],"is_trial":false,"path_per_floor":["M","?","M","?","$","R","M","E","T","R","$","M","M","M","R","B",null,"M","M","?","?","M","R","M","R","T","R","?","R","$","M","R"],"character_chosen":"IRONCLAD","items_purchased":["Apotheosis","Clash"],"campfire_rested":3,"item_purchase_floors":[5,30],"current_hp_per_floor":[70,70,76,76,76,76,80,68,75,75,75,75,70,52,52,12,68,49,46,30,26,8,34,38,65,65,65,65,65,65,55,82,0],"gold":297,"neow_bonus":"UPGRADE_CARD","is_prod":false,"is_daily":false,"chose_seed":false,"campfire_upgraded":5,"win_rate":0,"timestamp":1532970921,"path_taken":["M","?","M","?","$","R","M","E","T","R","?","?","M","M","R","BOSS","M","M","?","?","?","R","M","R","T","R","?","R","$","M","R","BOSS"],"build_version":"2018-07-26","purchased_purges":0,"victory":false,"max_hp_per_floor":[80,80,80,80,80,80,80,80,87,87,87,87,87,87,87,87,87,87,87,87,87,87,87,91,91,91,91,91,91,91,91,91,91],"card_choices":[{"not_picked":["Body Slam","Second Wind"],"picked":"Headbutt","floor":1},{"not_picked":["Armaments","Headbutt"],"picked":"Perfected Strike","floor":3},{"not_picked":["Hemokinesis","Twin Strike"],"picked":"Clothesline","floor":7},{"not_picked":["Corruption","Combust"],"picked":"Fiend Fire","floor":8},{"not_picked":["Hemokinesis","Bloodletting","Warcry"],"picked":"SKIP","floor":12},{"not_picked":["Shockwave","Twin Strike"],"picked":"Sentinel","floor":13},{"not_picked":["Havoc","Armaments"],"picked":"Inflame","floor":14},{"not_picked":["Dark Embrace","Brutality"],"picked":"Feed","floor":16},{"not_picked":["Whirlwind"],"picked":"SKIP","floor":18},{"not_picked":[],"picked":"Metallicize","floor":19},{"not_picked":["Thunderclap"],"picked":"SKIP","floor":22},{"not_picked":[],"picked":"True Grit+1","floor":24},{"not_picked":["Combust"],"picked":"SKIP","floor":31}],"player_experience":1363403,"relics_obtained":[{"floor":8,"key":"War Paint"},{"floor":9,"key":"Strawberry"},{"floor":20,"key":"Enchiridion"},{"floor":21,"key":"Red Mask"},{"floor":26,"key":"Orichalcum"}],"event_choices":[{"event_name":"Shining Light","player_choice":"Ignored","floor":2,"damage_taken":0},{"event_name":"Golden Wing","player_choice":"Gained Gold","floor":4,"damage_taken":0},{"event_name":"Cursed Tome","player_choice":"Obtained Book","floor":20,"damage_taken":0},{"event_name":"Masked Bandits","player_choice":"Fought over 242 gold","floor":21,"damage_taken":0},{"event_name":"Purifier","player_choice":"One Purge","floor":28,"damage_taken":0}],"is_beta":false,"boss_relics":[{"not_picked":["Lizard Tail","Snecko Eye"],"picked":"Busted Crown"}],"items_purged_floors":[],"is_endless":false,"potions_floor_spawned":[7,14,19,22,24],"killed_by":"Champ","ascension_level":9}