{"gold_per_floor":[115,135,210,230,7,7,17,117,165,196,196,210,210,210,210,307,307,323,336,336],"floor_reached":20,"playtime":1355,"items_purged":[],"score":218,"play_id":"e0966135-3f2b-4c68-a072-5d0297a2c911","local_time":"20180714155000","is_ascension_mode":true,"campfire_choices":[{"data":"Neutralize","floor":6,"key":"SMITH"},{"floor":11,"key":"REST"},{"floor":13,"key":"REST"},{"floor":15,"key":"REST"}],"neow_cost":"NONE","seed_source_timestamp":60951870886492,"circlet_count":0,"master_deck":["Defend_G","Defend_G","Defend_G","Defend_G","Defend_G","Strike_G+1","Strike_G","Strike_G","Strike_G","Strike_G","Survivor","Neutralize+1","Sucker Punch+1","Expertise","Heel Hook","Heel Hook","Sadistic Nature","Noxious Fumes","Noxious Fumes","Burst","Dodge and Roll"],"relics":["Philosopher\u0027s Stone","Whetstone","Vajra","Busted Crown"],"potions_floor_usage":[7,10,12,16,19],"damage_taken":[{"damage":0,"enemies":"Jaw Worm","floor":1,"turns":5},{"damage":0,"enemies":"2 Louse","floor":2,"turns":3},{"damage":6,"enemies":"Cultist","floor":4,"turns":4},{"damage":16,"enemies":"Exordium Thugs","floor":7,"turns":6},{"damage":16,"enemies":"3 Sentries","floor":10,"turns":7},{"damage":13,"enemies":"Exordium Wildlife","floor":12,"turns":3},{"damage":19,"enemies":"The Guardian","floor":16,"turns":10},{"damage":12,"enemies":"Chosen","floor":18,"turns":4},{"damage":24,"enemies":"Spheric Guardian","floor":19,"turns":4},{"damage":36,"enemies":"Snake Plant","floor":20,"turns":5}],"seed_played":"1843956783391571721","potions_obtained":[{"floor":4,"key":"SkillPotion"},{"floor":7,"key":"Poison Potion"},{"floor":10,"key":"SkillPotion"},{"floor":12,"key":"Fruit Juice"},{"floor":18,"key":"LiquidBronze"},{"floor":19,"key":"GamblersBrew"}],"is_trial":false,"path_per_floor":["M","M","?","M","$","R","M","?","T","E","R","M","R","?","R","B",null,"M","M"],"character_chosen":"THE_SILENT","items_purchased":["Heel Hook","Sadistic Nature"],"campfire_rested":3,"item_purchase_floors":[5,5],"current_hp_per_floor":[70,70,59,53,53,53,37,37,37,21,42,29,50,50,70,56,70,58,34,0],"gold":336,"neow_bonus":"BOSS_RELIC","is_prod":false,"is_daily":false,"chose_seed":false,"campfire_upgraded":1,"win_rate":0,"timestamp":1531597800,"path_taken":["M","M","?","M","$","R","M","?","T","E","R","?","R","?","R","BOSS","M","?","M"],"build_version":"2018-07-12","purchased_purges":0,"victory":false,"max_hp_per_floor":[70,70,70,70,70,70,70,70,70,70,70,70,70,70,70,75,75,75,75,75],"card_choices":[{"not_picked":["Distraction","Prepared"],"picked":"Sucker Punch","floor":1},{"not_picked":["Concentrate","Deflect"],"picked":"Expertise","floor":2},{"not_picked":["Sucker Punch","Endless Agony"],"picked":"Heel Hook","floor":4},{"not_picked":["Slice","Underhanded Strike"],"picked":"Noxious Fumes","floor":7},{"not_picked":["Deflect","Outmaneuver","Skewer"],"picked":"SKIP","floor":10},{"not_picked":["Flying Knee","Bouncing Flask"],"picked":"Noxious Fumes","floor":12},{"not_picked":["Glass Knife","Bullet Time"],"picked":"Burst","floor":16},{"not_picked":["Prepared"],"picked":"SKIP","floor":18},{"not_picked":[],"picked":"Dodge and Roll","floor":19}],"player_experience":1097031,"relics_obtained":[{"floor":9,"key":"Whetstone"},{"floor":10,"key":"Vajra"}],"event_choices":[{"event_name":"World of Goop","player_choice":"Gather Gold","floor":3,"damage_taken":0},{"event_name":"Golden Shrine","player_choice":"Pray","floor":8,"damage_taken":0},{"event_name":"Dead Adventurer","player_choice":"Searched \u00270\u0027 times","floor":14,"damage_taken":0}],"boss_relics":[{"not_picked":["Runic Pyramid","Ectoplasm"],"picked":"Busted Crown"}],"items_purged_floors":[],"is_endless":false,"potions_floor_spawned":[4,7,10,12,18,19],"killed_by":"Snake Plant","ascension_level":5}