{"gold_per_floor":[117,117,137,137,157,185,185,212,290,308,327,341,45,45,45,124,124,141,66,66,66,84,84,109,126,126,126,146,146,146,158,158,235,235,250,250],"floor_reached":36,"playtime":2923,"items_purged":["Strike_B"],"score":749,"play_id":"770499a1-cf76-4c15-89a1-c3f634eabee0","local_time":"20181231084811","is_ascension_mode":true,"campfire_choices":[{"floor":7.0,"key":"REST"},{"floor":15.0,"key":"REST"},{"floor":23.0,"key":"REST"},{"floor":27.0,"key":"REST"},{"floor":32.0,"key":"REST"}],"neow_cost":"NONE","seed_source_timestamp":966953997731776,"circlet_count":0,"master_deck":["AscendersBane","Strike_B","Strike_B","Defend_B","Defend_B","Defend_B","Defend_B","Zap+1","Dualcast","Hologram","Compile Driver","Go for the Eyes","Beam Cell","Steam","Compile Driver","Coolheaded","All For One","Panache","FTL","Leap","All For One","Gash","Core Surge","Self Repair","Capacitor+1","Conserve Battery","Scrape","Decay","Streamline","Fission","Reinforced Body+1"],"special_seed":0,"relics":["Cracked Core","NeowsBlessing","Pocketwatch","Bronze Scales","Bottled Lightning","GremlinMask","Nuclear Battery","Frozen Egg 2","Ornamental Fan","Eternal Feather"],"potions_floor_usage":[],"damage_taken":[{"damage":0.0,"enemies":"Small Slimes","floor":1.0,"turns":1.0},{"damage":0.0,"enemies":"2 Louse","floor":3.0,"turns":1.0},{"damage":0.0,"enemies":"Cultist","floor":5.0,"turns":1.0},{"damage":25.0,"enemies":"Lagavulin","floor":6.0,"turns":7.0},{"damage":32.0,"enemies":"Gremlin Nob","floor":8.0,"turns":4.0},{"damage":2.0,"enemies":"2 Fungi Beasts","floor":10.0,"turns":3.0},{"damage":6.0,"enemies":"Exordium Thugs","floor":11.0,"turns":3.0},{"damage":0.0,"enemies":"Looter","floor":12.0,"turns":2.0},{"damage":18.0,"enemies":"The Guardian","floor":16.0,"turns":9.0},{"damage":0.0,"enemies":"Spheric Guardian","floor":18.0,"turns":3.0},{"damage":16.0,"enemies":"Colosseum Slavers","floor":20.0,"turns":2.0},{"damage":14.0,"enemies":"2 Thieves","floor":22.0,"turns":3.0},{"damage":18.0,"enemies":"Slavers","floor":24.0,"turns":4.0},{"damage":37.0,"enemies":"Shelled Parasite and Fungi","floor":25.0,"turns":4.0},{"damage":0.0,"enemies":"Snecko","floor":28.0,"turns":3.0},{"damage":19.0,"enemies":"Cultist and Chosen","floor":31.0,"turns":5.0},{"damage":32,"enemies":"Automaton","floor":33,"turns":8},{"damage":19,"enemies":"Orb Walker","floor":35,"turns":3},{"damage":44,"enemies":"3 Darklings","floor":36,"turns":2}],"seed_played":"6610295824932679597","potions_obtained":[{"floor":5.0,"key":"EssenceOfSteel"},{"floor":8.0,"key":"Weak Potion"},{"floor":10.0,"key":"Regen Potion"},{"floor":11.0,"key":"GamblersBrew"},{"floor":18.0,"key":"Explosive Potion"},{"floor":22.0,"key":"Poison Potion"},{"floor":33,"key":"Ancient Potion"}],"is_trial":false,"path_per_floor":["M","?","M","?","M","E","R","E","T","M","M","M","$","?","R","B",null,"M","$","?","?","M","R","E","M","T","R","M","?","?","M","R","B",null,"M","M"],"character_chosen":"DEFECT","items_purchased":["Panache","FTL","Leap"],"campfire_rested":5,"item_purchase_floors":[13,13,13],"current_hp_per_floor":[64,57,57,57,57,32,53,21,21,19,22,22,22,22,43,25,60,60,60,44,44,30,51,40,3,3,24,31,31,31,19,40,8,55,43,0],"gold":250,"neow_bonus":"THREE_ENEMY_KILL","is_prod":false,"is_daily":false,"chose_seed":false,"campfire_upgraded":0,"win_rate":0,"timestamp":1546264091,"path_taken":["M","?","M","?","M","E","R","E","T","?","M","M","$","?","R","BOSS","M","$","?","?","M","R","E","?","T","R","M","?","?","M","R","BOSS","M","M"],"build_version":"2018-12-20","purchased_purges":1,"victory":false,"max_hp_per_floor":[71,71,71,71,71,71,71,71,71,71,71,71,71,71,71,71,71,71,71,71,71,71,71,71,71,71,71,71,71,71,71,71,71,71,71,71],"card_choices":[{"not_picked":["Stack","Tempest"],"picked":"Hologram","floor":1.0},{"not_picked":["Reinforced Body","Hologram"],"picked":"Compile Driver","floor":3.0},{"not_picked":["Skim","Barrage"],"picked":"Go for the Eyes","floor":5.0},{"not_picked":["Cold Snap","Barrage"],"picked":"Beam Cell","floor":6.0},{"not_picked":["Go for the Eyes","Storm"],"picked":"Steam","floor":8.0},{"not_picked":["Double Energy","Redo"],"picked":"Compile Driver","floor":10.0},{"not_picked":["Blizzard","Heatsinks"],"picked":"Coolheaded","floor":11.0},{"not_picked":["Doom and Gloom","Auto Shields"],"picked":"All For One","floor":12.0},{"not_picked":["Biased Cognition","Fission"],"picked":"All For One","floor":16.0},{"not_picked":["Darkness","Turbo"],"picked":"Gash","floor":18.0},{"not_picked":["Ball Lightning","Cold Snap"],"picked":"Self Repair","floor":22.0},{"not_picked":["Turbo","Cold Snap"],"picked":"Capacitor+1","floor":24.0},{"not_picked":["Sweeping Beam","White Noise+1"],"picked":"Conserve Battery","floor":25.0},{"not_picked":["Hello World+1","Double Energy"],"picked":"Scrape","floor":28.0},{"not_picked":["Conserve Battery","Meteor Strike"],"picked":"Streamline","floor":31.0},{"not_picked":["Biased Cognition+1","Multi-Cast"],"picked":"Fission","floor":33},{"not_picked":["Storm+1","Leap+1"],"picked":"Reinforced Body+1","floor":35}],"player_experience":1959634,"relics_obtained":[{"floor":6.0,"key":"Pocketwatch"},{"floor":8.0,"key":"Bronze Scales"},{"floor":9.0,"key":"Bottled Lightning"},{"floor":24.0,"key":"Frozen Egg 2"},{"floor":26.0,"key":"Ornamental Fan"}],"event_choices":[{"cards_removed":["Strike_B"],"damage_healed":0.0,"max_hp_gain":0.0,"max_hp_loss":0.0,"gold_gain":0.0,"event_name":"Golden Wing","player_choice":"Card Removal","floor":2.0,"gold_loss":0.0,"damage_taken":7.0},{"damage_healed":0.0,"max_hp_gain":0.0,"max_hp_loss":0.0,"gold_gain":0.0,"event_name":"Accursed Blacksmith","player_choice":"Forge","floor":4.0,"gold_loss":0.0,"damage_taken":0.0,"cards_upgraded":["Zap"]},{"damage_healed":0.0,"max_hp_gain":0.0,"max_hp_loss":0.0,"gold_gain":0.0,"event_name":"FaceTrader","player_choice":"Trade","floor":14.0,"gold_loss":0.0,"damage_taken":0.0,"relics_obtained":["GremlinMask"]},{"damage_healed":0.0,"max_hp_gain":0.0,"max_hp_loss":0.0,"gold_gain":0.0,"event_name":"Colosseum","player_choice":"Fight","floor":20.0,"gold_loss":0.0,"damage_taken":0.0},{"damage_healed":0.0,"max_hp_gain":0.0,"max_hp_loss":0.0,"gold_gain":0.0,"event_name":"Colosseum","player_choice":"Fled From Nobs","floor":20.0,"gold_loss":0.0,"damage_taken":0.0},{"damage_healed":0.0,"max_hp_gain":0.0,"max_hp_loss":0.0,"gold_gain":0.0,"event_name":"Match and Keep!","player_choice":"1 cards matched","floor":21.0,"gold_loss":0.0,"damage_taken":0.0,"cards_obtained":["Core Surge"]},{"damage_healed":0.0,"max_hp_gain":0.0,"max_hp_loss":0.0,"gold_gain":0.0,"event_name":"Ghosts","player_choice":"Ignored","floor":29.0,"gold_loss":0.0,"damage_taken":0.0},{"damage_healed":0.0,"max_hp_gain":0.0,"max_hp_loss":0.0,"gold_gain":0.0,"event_name":"Wheel of Change","player_choice":"Cursed","floor":30.0,"gold_loss":0.0,"damage_taken":0.0,"cards_obtained":["Decay"]}],"is_beta":false,"boss_relics":[{"not_picked":["Runic Dome","Black Star"],"picked":"Nuclear Battery"},{"not_picked":["Tiny House","Pandora\u0027s Box"],"picked":"Eternal Feather"}],"items_purged_floors":[19],"is_endless":false,"potions_floor_spawned":[5,8,10,11,18,22,33],"killed_by":"3 Darklings","ascension_level":18}