{"path_per_floor":["M","M","?","M","M","R","M","E","T","R","M","E","M","$","R","B",null,"M","?","M","M","M","R","E","R","T","?","R","M","E","$","R"],"character_chosen":"THE_SILENT","items_purchased":["Frozen Egg 2","Lantern","Orichalcum","Leg Sweep","Blood Vial"],"gold_per_floor":[114,124,424,438,452,452,472,500,554,554,569,601,621,28,28,127,127,140,63,80,94,113,113,148,148,148,148,148,167,202,51,51,51],"floor_reached":33,"campfire_rested":3,"playtime":3041,"item_purchase_floors":[],"current_hp_per_floor":[70,70,63,63,60,60,54,50,50,50,49,21,21,21,42,20,70,66,66,63,54,43,43,3,3,3,3,13,12,9,9,19,0],"items_purged":[],"gold":51,"score":398,"play_id":"34edf977-ccc6-489d-9e7a-4d9b0db547bb","local_time":"20180612135503","is_prod":false,"is_daily":false,"chose_seed":false,"is_ascension_mode":true,"campfire_upgraded":4,"win_rate":0,"timestamp":1528804503,"campfire_choices":[{"data":"Cloak And Dagger","floor":6.0,"key":"SMITH"},{"data":"Terror","floor":10.0,"key":"SMITH"},{"floor":15.0,"key":"REST"},{"data":"Survivor","floor":23.0,"key":"SMITH"},{"data":"Cloak And Dagger","floor":25.0,"key":"SMITH"},{"floor":28.0,"key":"REST"},{"floor":32,"key":"REST"}],"path_taken":["M","M","?","M","M","R","M","E","T","R","?","E","M","$","R","BOSS","M","?","M","M","M","R","E","R","T","?","R","M","E","$","R","BOSS"],"build_version":"2018-06-08","seed_source_timestamp":28217230881865,"purchased_purges":0,"victory":false,"master_deck":["Defend_G","Defend_G","Defend_G","Defend_G","Defend_G","Strike_G","Strike_G","Survivor+1","Neutralize","Dodge and Roll","Cloak And Dagger+1","Dagger Spray","Terror+1","Dash","Dash","Blade Dance","Leg Sweep","Burst","Noxious Fumes+1","Phantasmal Killer+1","Envenom+1","J.A.X.","Finisher+1","Storm of Steel","Cloak And Dagger+1","Ghostly","Ghostly","Ghostly","Ghostly","Ghostly","Deadly Poison+1","Accuracy+1"],"max_hp_per_floor":[70,70,70,70,70,70,70,70,70,70,70,70,70,70,70,70,70,70,70,70,70,70,70,70,70,70,35,35,35,35,35,35,35],"relics":["Ring of the Snake","Old Coin","Bronze Scales","Tiny Chest","Art of War","Frozen Egg 2","Lantern","Orichalcum","Astrolabe","Anchor","Ancient Tea Set","Oddly Smooth Stone","Blood Vial"],"card_choices":[{"not_picked":["Calculated Gamble","Acrobatics"],"picked":"Dodge and Roll","floor":1.0},{"not_picked":["Finisher","Poisoned Stab"],"picked":"Cloak And Dagger","floor":2.0},{"not_picked":["Bouncing Flask","Dagger Throw"],"picked":"Dagger Spray","floor":4.0},{"not_picked":["Bane","Dodge and Roll"],"picked":"Terror","floor":5.0},{"not_picked":["Skewer","Prepared","Slice"],"picked":"SKIP","floor":7.0},{"not_picked":["Wraith Form v2","Quick Slash","Reflex"],"picked":"SKIP","floor":8.0},{"not_picked":["Deflect","Expertise"],"picked":"Dash","floor":11.0},{"not_picked":["Acrobatics","Riddle With Holes"],"picked":"Dash","floor":12.0},{"not_picked":["Slice","Phantasmal Killer"],"picked":"Blade Dance","floor":13.0},{"not_picked":["Unload","Corpse Explosion"],"picked":"Burst","floor":16.0},{"not_picked":["Deflect","Dagger Throw","Riddle With Holes"],"picked":"SKIP","floor":18.0},{"not_picked":["Dodge and Roll","Poisoned Stab","Flechettes"],"picked":"SKIP","floor":20.0},{"not_picked":["Quick Slash","PiercingWail+1"],"picked":"Finisher+1","floor":21.0},{"not_picked":["Acrobatics+1","Dodge and Roll"],"picked":"Storm of Steel","floor":22.0},{"not_picked":["Predator","Dodge and Roll"],"picked":"Cloak And Dagger","floor":24.0},{"not_picked":["Predator+1","Catalyst"],"picked":"Deadly Poison+1","floor":29.0},{"not_picked":["Outmaneuver","Endless Agony"],"picked":"Accuracy+1","floor":30}],"player_experience":88793,"potions_floor_usage":[30],"damage_taken":[{"damage":0.0,"enemies":"Jaw Worm","floor":1.0,"turns":7.0},{"damage":0.0,"enemies":"2 Louse","floor":2.0,"turns":4.0},{"damage":0.0,"enemies":"Cultist","floor":4.0,"turns":4.0},{"damage":3.0,"enemies":"Blue Slaver","floor":5.0,"turns":5.0},{"damage":6.0,"enemies":"2 Fungi Beasts","floor":7.0,"turns":4.0},{"damage":4.0,"enemies":"3 Sentries","floor":8.0,"turns":4.0},{"damage":1.0,"enemies":"Gremlin Gang","floor":11.0,"turns":5.0},{"damage":28.0,"enemies":"Gremlin Nob","floor":12.0,"turns":5.0},{"damage":0.0,"enemies":"Large Slime","floor":13.0,"turns":4.0},{"damage":22.0,"enemies":"The Guardian","floor":16.0,"turns":11.0},{"damage":4.0,"enemies":"3 Byrds","floor":18.0,"turns":5.0},{"damage":3.0,"enemies":"Chosen","floor":20.0,"turns":4.0},{"damage":9.0,"enemies":"Snake Plant","floor":21.0,"turns":3.0},{"damage":11.0,"enemies":"3 Cultists","floor":22.0,"turns":5.0},{"damage":40.0,"enemies":"Slavers","floor":24.0,"turns":5.0},{"damage":1.0,"enemies":"Centurion and Healer","floor":29.0,"turns":6.0},{"damage":3,"enemies":"Book of Stabbing","floor":30,"turns":4},{"damage":23,"enemies":"Champ","floor":33,"turns":8}],"relics_obtained":[{"floor":8.0,"key":"Bronze Scales"},{"floor":9.0,"key":"Tiny Chest"},{"floor":12.0,"key":"Art of War"},{"floor":24.0,"key":"Anchor"},{"floor":26.0,"key":"Ancient Tea Set"},{"floor":30,"key":"Oddly Smooth Stone"}],"event_choices":[{"event_name":"Scrap Ooze","player_choice":"success","floor":3.0,"damage_taken":7.0},{"event_name":"Drug Dealer","player_choice":"Got JAXXED","floor":19.0,"damage_taken":0.0},{"event_name":"Ghosts","player_choice":"Became a Ghost","floor":27.0,"damage_taken":0.0}],"boss_relics":[{"not_picked":["Philosopher\u0027s Stone","Snecko Eye"],"picked":"Astrolabe"}],"items_purged_floors":[],"potions_floor_spawned":[1,5,7,11,16,20,29],"seed_played":"3282317881535198203","killed_by":"Champ","ascension_level":3,"potions_obtained":[{"floor":1.0,"key":"Strength Potion"},{"floor":5.0,"key":"Explosive Potion"},{"floor":7.0,"key":"Ancient Potion"},{"floor":11.0,"key":"Ancient Potion"},{"floor":16.0,"key":"Weak Potion"},{"floor":20.0,"key":"Poison Potion"},{"floor":29.0,"key":"SpeedPotion"}],"is_trial":false}