{"gold_per_floor":[116,116,134,84,84,84,109,109,109,141,153,186,202,89,89,194,194,208,227,246,2,22,51,78,109,109,123,323,349,349,349,349,349,349,366,377,204,220,12,12,12,12,36,50,50,78,178,213,213,213,213,213,91,121,121],"floor_reached":56,"playtime":3097,"items_purged":["Strike_B","Defend_B"],"score":1331,"play_id":"a179c180-4bd6-4bee-b00d-777f9139a3e1","local_time":"20190213182422","is_ascension_mode":false,"campfire_choices":[{"data":"Ball Lightning","floor":6,"key":"SMITH"},{"data":"Ball Lightning","floor":8,"key":"SMITH"},{"data":"Defragment","floor":15,"key":"SMITH"},{"data":"Self Repair","floor":30,"key":"SMITH"},{"data":"Echo Form","floor":32,"key":"SMITH"},{"data":"Capacitor","floor":40,"key":"SMITH"},{"data":"Creative AI","floor":42,"key":"SMITH"},{"floor":45,"key":"RECALL"},{"data":"Dualcast","floor":49,"key":"SMITH"},{"data":"Ball Lightning","floor":52,"key":"SMITH"}],"neow_cost":"NONE","seed_source_timestamp":24010856981542,"circlet_count":0,"master_deck":["Defend_B","Defend_B","Defend_B","Zap+1","Dualcast+1","Ball Lightning+1","Ball Lightning+1","Self Repair+1","Genetic Algorithm+1","Genetic Algorithm+1","Coolheaded+1","Ball Lightning+1","Defragment+1","Echo Form+1","Consume+1","Sweeping Beam+1","Sweeping Beam+1","Capacitor+1","BootSequence+1","Leap+1","Loop+1","Creative AI+1","Turbo+1","Tempest+1","Fission+1","Madness+1","Madness+1","Chaos+1","Recycle+1"],"relics":["Cracked Core","Gremlin Horn","Darkstone Periapt","Toxic Egg 2","Shuriken","Philosopher\u0027s Stone","Runic Capacitor","Juzu Bracelet","Red Mask","Unceasing Top","Emotion Chip","Pantograph","Runic Pyramid","Frozen Eye","Pen Nib","Torii","Sundial","Letter Opener"],"potions_floor_usage":[10,12,18,25,27,27,29,33,48,50,54],"damage_taken":[{"damage":0,"enemies":"Cultist","floor":1,"turns":3},{"damage":0,"enemies":"Jaw Worm","floor":3,"turns":3},{"damage":16,"enemies":"Lagavulin","floor":7,"turns":5},{"damage":13,"enemies":"3 Sentries","floor":10,"turns":4},{"damage":3,"enemies":"Small Slimes","floor":11,"turns":3},{"damage":17,"enemies":"Gremlin Nob","floor":12,"turns":3},{"damage":0,"enemies":"Gremlin Gang","floor":13,"turns":3},{"damage":12,"enemies":"Slime Boss","floor":16,"turns":8},{"damage":5,"enemies":"3 Byrds","floor":18,"turns":3},{"damage":13,"enemies":"2 Thieves","floor":19,"turns":4},{"damage":26,"enemies":"3 Cultists","floor":20,"turns":4},{"damage":6,"enemies":"Shelled Parasite and Fungi","floor":22,"turns":4},{"damage":32,"enemies":"Book of Stabbing","floor":23,"turns":5},{"damage":0,"enemies":"Masked Bandits","floor":24,"turns":3},{"damage":1,"enemies":"Slavers","floor":25,"turns":4},{"damage":23,"enemies":"Sentry and Sphere","floor":27,"turns":5},{"damage":4,"enemies":"Gremlin Leader","floor":29,"turns":7},{"damage":37,"enemies":"Collector","floor":33,"turns":6},{"damage":0,"enemies":"3 Darklings","floor":35,"turns":5},{"damage":0,"enemies":"Orb Walker","floor":36,"turns":3},{"damage":0,"enemies":"3 Darklings","floor":38,"turns":4},{"damage":0,"enemies":"Maw","floor":44,"turns":6},{"damage":0,"enemies":"Nemesis","floor":46,"turns":5},{"damage":0,"enemies":"Mind Bloom Boss Battle","floor":47,"turns":5},{"damage":0,"enemies":"Reptomancer","floor":48,"turns":4},{"damage":0,"enemies":"Awakened One","floor":50,"turns":9},{"damage":1,"enemies":"Shield and Spear","floor":54,"turns":5},{"damage":35,"enemies":"The Heart","floor":55,"turns":9}],"seed_played":"-8978890780046150312","potions_obtained":[{"floor":3,"key":"Fire Potion"},{"floor":11,"key":"FocusPotion"},{"floor":13,"key":"LiquidBronze"},{"floor":18,"key":"Ancient Potion"},{"floor":19,"key":"EssenceOfSteel"},{"floor":23,"key":"Weak Potion"},{"floor":25,"key":"Poison Potion"},{"floor":29,"key":"FearPotion"},{"floor":36,"key":"Energy Potion"},{"floor":44,"key":"Explosive Potion"},{"floor":47,"key":"SpeedPotion"},{"floor":48,"key":"FocusPotion"}],"is_trial":false,"path_per_floor":["M","?","M","?","?","R","E","R","T","E","M","E","M","$","R","B",null,"M","M","M","$","M","E","?","E","T","M","?","E","R","?","R","B",null,"M","M","$","M","$","R","?","R","T","M","R","E","?","E","R","B",null,"R","$","E","B",null],"character_chosen":"DEFECT","items_purchased":["Defragment","Runic Capacitor","Dexterity Potion","Fission+1","Frozen Eye","Chaos+1","SpeedPotion"],"campfire_rested":0,"item_purchase_floors":[14,21,21,37,39,53,53],"current_hp_per_floor":[75,75,75,75,75,75,59,59,59,53,57,40,47,47,47,42,75,75,69,57,57,65,33,40,39,39,16,16,26,26,26,26,24,75,75,75,75,75,75,75,66,66,66,75,75,75,75,75,75,75,75,75,75,75,50],"gold":121,"neow_bonus":"REMOVE_CARD","is_prod":false,"is_daily":false,"chose_seed":false,"campfire_upgraded":9,"win_rate":0,"timestamp":1550082262,"path_taken":["M","?","M","?","?","R","E","R","T","E","M","E","M","$","R","BOSS","M","?","M","$","M","E","?","E","T","M","?","E","R","?","R","BOSS","M","M","$","M","$","R","?","R","T","M","R","E","?","E","R","BOSS","R","$","E","BOSS"],"build_version":"2019-02-06","purchased_purges":2,"victory":true,"max_hp_per_floor":[75,75,75,75,75,75,75,75,75,75,75,75,75,75,75,75,75,75,75,75,75,75,75,75,75,75,75,75,75,75,75,75,75,75,75,75,75,75,75,75,75,75,75,75,75,75,75,75,75,75,75,75,75,75,75],"card_choices":[{"not_picked":["Sweeping Beam","Gash"],"picked":"Ball Lightning","floor":1},{"not_picked":["Beam Cell","Compile Driver"],"picked":"Ball Lightning","floor":3},{"not_picked":["Hyperbeam","Go for the Eyes"],"picked":"Self Repair","floor":7},{"not_picked":["Gash","Fusion"],"picked":"Genetic Algorithm","floor":10},{"not_picked":["Stack+1","Amplify+1"],"picked":"Genetic Algorithm+1","floor":11},{"not_picked":["Barrage","Leap+1"],"picked":"Coolheaded+1","floor":12},{"not_picked":["Redo+1","Lockon"],"picked":"Ball Lightning","floor":13},{"not_picked":["Rainbow+1","Hyperbeam"],"picked":"Echo Form","floor":16},{"not_picked":["Cold Snap+1","Ball Lightning"],"picked":"Consume+1","floor":18},{"not_picked":["BootSequence+1","Storm+1"],"picked":"Sweeping Beam+1","floor":19},{"not_picked":["Barrage","Compile Driver"],"picked":"Sweeping Beam+1","floor":20},{"not_picked":["Fusion+1","Steam Power+1"],"picked":"Capacitor","floor":22},{"not_picked":["Undo+1","Double Energy+1"],"picked":"BootSequence+1","floor":23},{"not_picked":["Stack+1","Sunder"],"picked":"Leap+1","floor":24},{"not_picked":["Rebound","Melter"],"picked":"Loop+1","floor":25},{"not_picked":["Compile Driver","Steam+1"],"picked":"Creative AI","floor":27},{"not_picked":["Barrage","Redo+1"],"picked":"Turbo+1","floor":29},{"not_picked":["Sweeping Beam+1","Ball Lightning+1"],"picked":"Tempest+1","floor":35},{"not_picked":["Steam+1","Undo+1","Turbo+1"],"picked":"SKIP","floor":36},{"not_picked":["Defragment","Rebound+1","Turbo+1"],"picked":"SKIP","floor":38},{"not_picked":["Reinforced Body+1","Steam+1","Rebound"],"picked":"SKIP","floor":44},{"not_picked":["Loop","Beam Cell","Sweeping Beam+1"],"picked":"SKIP","floor":46},{"not_picked":["Heatsinks","Steam+1","Barrage"],"picked":"SKIP","floor":48},{"not_picked":["Rainbow+1","Barrage"],"picked":"Recycle+1","floor":54}],"player_experience":898357,"relics_obtained":[{"floor":7,"key":"Gremlin Horn"},{"floor":9,"key":"Darkstone Periapt"},{"floor":10,"key":"Toxic Egg 2"},{"floor":12,"key":"Shuriken"},{"floor":23,"key":"Juzu Bracelet"},{"floor":24,"key":"Red Mask"},{"floor":25,"key":"Unceasing Top"},{"floor":26,"key":"Emotion Chip"},{"floor":29,"key":"Pantograph"},{"floor":46,"key":"Pen Nib"},{"floor":47,"key":"Torii"},{"floor":48,"key":"Sundial"},{"floor":54,"key":"Letter Opener"}],"event_choices":[{"damage_healed":0,"gold_gain":0,"player_choice":"Ignored","damage_taken":0,"max_hp_gain":0,"max_hp_loss":0,"event_name":"Liars Game","floor":2,"gold_loss":0},{"cards_removed":["Strike_B"],"damage_healed":0,"gold_gain":0,"player_choice":"Card Removal","damage_taken":0,"max_hp_gain":0,"max_hp_loss":0,"event_name":"The Cleric","floor":4,"gold_loss":50},{"damage_healed":0,"gold_gain":0,"player_choice":"Upgraded","damage_taken":0,"max_hp_gain":0,"max_hp_loss":0,"event_name":"Upgrade Shrine","floor":5,"gold_loss":0,"cards_upgraded":["Zap"]},{"damage_healed":0,"gold_gain":0,"player_choice":"Fought Bandits","damage_taken":0,"max_hp_gain":0,"max_hp_loss":0,"event_name":"Masked Bandits","floor":24,"gold_loss":0},{"damage_healed":0,"gold_gain":200,"player_choice":"Gold","damage_taken":0,"max_hp_gain":0,"max_hp_loss":0,"event_name":"Wheel of Change","floor":28,"gold_loss":0},{"cards_removed":["Strike_B"],"damage_healed":0,"gold_gain":0,"player_choice":"Elegance","damage_taken":0,"max_hp_gain":0,"max_hp_loss":0,"event_name":"Back to Basics","floor":31,"gold_loss":0},{"damage_healed":0,"gold_gain":0,"player_choice":"Embrace Madness","damage_taken":9,"max_hp_gain":0,"max_hp_loss":0,"event_name":"Winding Halls","floor":41,"gold_loss":0,"cards_obtained":["Madness","Madness"]},{"damage_healed":0,"gold_gain":0,"player_choice":"Fight","damage_taken":0,"max_hp_gain":0,"max_hp_loss":0,"event_name":"MindBloom","floor":47,"gold_loss":0}],"is_beta":true,"boss_relics":[{"not_picked":["Fusion Hammer","Snecko Eye"],"picked":"Philosopher\u0027s Stone"},{"not_picked":["Sozu","Tiny House"],"picked":"Runic Pyramid"}],"items_purged_floors":[14,37],"is_endless":false,"potions_floor_spawned":[3,11,13,18,19,23,25,29,36,44,47,48],"ascension_level":0}