{"gold_per_floor":[114,47,47,47,14,49,49,60,60,60,79,89,89,59,59,154,154,174,189,189,222,68,68,88,88,88,88,101,22,41,60,60,164,164,182,235,235,235,248,248,96,96,119,138,19,19,19,38,38,38],"floor_reached":51,"playtime":4633,"items_purged":["Strike_G","Strike_G"],"score":693,"play_id":"8452e5d5-0177-4e8f-8597-ee0731b6f272","local_time":"20190214233240","is_ascension_mode":false,"campfire_choices":[{"data":"Noxious Fumes","floor":7,"key":"SMITH"},{"data":"Malaise","floor":10,"key":"SMITH"},{"data":"Dash","floor":13,"key":"SMITH"},{"data":"Neutralize","floor":15,"key":"SMITH"},{"data":"Bouncing Flask","floor":23,"key":"SMITH"},{"data":"Burst","floor":25,"key":"SMITH"},{"data":"Caltrops","floor":32,"key":"SMITH"},{"data":"Catalyst","floor":40,"key":"SMITH"},{"data":"Noxious Fumes","floor":42,"key":"SMITH"},{"data":"Noxious Fumes","floor":46,"key":"SMITH"},{"data":"Skewer","floor":49,"key":"SMITH"}],"neow_cost":"NONE","seed_source_timestamp":218112477905,"circlet_count":0,"master_deck":["Defend_G","Defend_G","Defend_G","Defend_G","Defend_G","Strike_G","Strike_G","Survivor","Neutralize+1","Blade Dance","Noxious Fumes+1","Backstab","Malaise+1","Caltrops+1","Dash+1","Backstab","Backflip","Corpse Explosion","Burst+1","Bouncing Flask+1","Deflect","Heel Hook","PiercingWail","Dodge and Roll","Unload","Poisoned Stab","Noxious Fumes+1","Escape Plan","Slice","Quick Slash","Leg Sweep","Venomology","Backstab","Catalyst+1","Blade Dance","Panache","Madness","Master of Strategy","Outmaneuver+1","Deadly Poison+1","Noxious Fumes+1","Blur+1","Backflip+1","Skewer+1","Finisher","Slice+1"],"relics":["Ring of the Snake","NeowsBlessing","Prayer Wheel","Bag of Marbles","Busted Crown","Strawberry","Red Mask","Snake Skull","Letter Opener","Sozu","Bird Faced Urn","Smiling Mask"],"potions_floor_usage":[18,33,33,36],"damage_taken":[{"damage":0,"enemies":"Small Slimes","floor":1,"turns":1},{"damage":0,"enemies":"Gremlin Nob","floor":6,"turns":1},{"damage":0,"enemies":"2 Louse","floor":8,"turns":1},{"damage":0,"enemies":"Jaw Worm","floor":11,"turns":1},{"damage":0,"enemies":"3 Louse","floor":12,"turns":1},{"damage":3,"enemies":"The Guardian","floor":16,"turns":11},{"damage":0,"enemies":"Chosen","floor":18,"turns":4},{"damage":0,"enemies":"Spheric Guardian","floor":19,"turns":3},{"damage":0,"enemies":"Masked Bandits","floor":21,"turns":3},{"damage":4,"enemies":"3 Cultists","floor":24,"turns":4},{"damage":0,"enemies":"Snake Plant","floor":28,"turns":2},{"damage":1,"enemies":"Cultist and Chosen","floor":30,"turns":4},{"damage":0,"enemies":"Chosen and Byrds","floor":31,"turns":3},{"damage":11,"enemies":"Collector","floor":33,"turns":5},{"damage":0,"enemies":"3 Shapes","floor":35,"turns":4},{"damage":16,"enemies":"2 Orb Walkers","floor":36,"turns":5},{"damage":0,"enemies":"Orb Walker","floor":39,"turns":3},{"damage":0,"enemies":"Jaw Worm Horde","floor":44,"turns":5},{"damage":0,"enemies":"4 Shapes","floor":48,"turns":3},{"damage":62,"enemies":"Awakened One","floor":50,"turns":13}],"seed_played":"7365663483281834729","potions_obtained":[{"floor":12,"key":"Explosive Potion"},{"floor":14,"key":"GamblersBrew"},{"floor":14,"key":"Block Potion"},{"floor":18,"key":"Strength Potion"},{"floor":19,"key":"PowerPotion"},{"floor":24,"key":"GhostInAJar"}],"is_trial":false,"path_per_floor":["M","$","?","?","$","E","R","M","T","R","M","M","R","?","R","B",null,"M","M","?","?","$","R","M","R","T","?","M","$","M","M","R","B",null,"M","?","?","?","M","R","$","R","T","M","$","R","?","M","R","B",null],"character_chosen":"THE_SILENT","items_purchased":["Noxious Fumes","Backstab","Snake Skull","Noxious Fumes","Noxious Fumes","Skewer"],"campfire_rested":0,"item_purchase_floors":[2,5,22,29,41,45],"current_hp_per_floor":[70,70,70,70,70,70,70,70,70,70,70,70,70,70,70,67,70,70,70,77,77,77,77,73,73,73,73,73,73,72,72,72,61,77,77,61,51,51,53,53,53,53,53,57,57,57,57,57,57,5],"gold":38,"neow_bonus":"THREE_ENEMY_KILL","is_prod":false,"is_daily":false,"chose_seed":false,"campfire_upgraded":11,"win_rate":0,"timestamp":1550208760,"path_taken":["M","$","?","?","?","E","R","M","T","R","M","M","R","?","R","BOSS","M","?","?","?","$","R","M","R","T","?","?","?","M","M","R","BOSS","M","?","?","?","?","R","?","R","T","M","$","R","?","?","R","BOSS"],"build_version":"2019-01-23","purchased_purges":2,"victory":true,"max_hp_per_floor":[70,70,70,70,70,70,70,70,70,70,70,70,70,70,70,70,70,70,70,77,77,77,77,77,77,77,77,77,77,77,77,77,77,77,77,77,77,77,77,77,77,77,77,77,77,77,77,77,77,77],"card_choices":[{"not_picked":["Sucker Punch","Quick Slash"],"picked":"Blade Dance","floor":1},{"not_picked":["Endless Agony","Dagger Throw"],"picked":"Malaise","floor":6},{"not_picked":["Well Laid Plans","Escape Plan"],"picked":"Caltrops","floor":8},{"not_picked":["Escape Plan","Underhanded Strike"],"picked":"Dash","floor":8},{"not_picked":["Blade Dance","Dodge and Roll"],"picked":"Backstab","floor":11},{"not_picked":["Outmaneuver","Sucker Punch"],"picked":"Backflip","floor":11},{"not_picked":["Sucker Punch","Dagger Throw","Corpse Explosion"],"picked":"SKIP","floor":12},{"not_picked":["Finisher","Blade Dance","Deadly Poison"],"picked":"SKIP","floor":12},{"not_picked":["Sucker Punch","Dagger Throw"],"picked":"Corpse Explosion","floor":12},{"not_picked":["Finisher","Blade Dance","Deadly Poison"],"picked":"SKIP","floor":12},{"not_picked":["Storm of Steel","Tools of the Trade"],"picked":"Burst","floor":16},{"not_picked":[],"picked":"Dodge and Roll","floor":18},{"not_picked":[],"picked":"Bouncing Flask","floor":18},{"not_picked":[],"picked":"Deflect","floor":19},{"not_picked":[],"picked":"Heel Hook","floor":19},{"not_picked":[],"picked":"PiercingWail","floor":24},{"not_picked":[],"picked":"Dodge and Roll","floor":24},{"not_picked":[],"picked":"Unload","floor":28},{"not_picked":[],"picked":"Poisoned Stab","floor":28},{"not_picked":[],"picked":"Escape Plan","floor":30},{"not_picked":[],"picked":"Slice","floor":30},{"not_picked":[],"picked":"Quick Slash","floor":31},{"not_picked":[],"picked":"Leg Sweep","floor":31},{"not_picked":[],"picked":"Venomology","floor":33},{"not_picked":[],"picked":"Backstab","floor":35},{"not_picked":[],"picked":"Catalyst","floor":35},{"not_picked":[],"picked":"Blade Dance","floor":36},{"not_picked":[],"picked":"Panache","floor":37},{"not_picked":[],"picked":"Madness","floor":37},{"not_picked":[],"picked":"Master of Strategy","floor":37},{"not_picked":[],"picked":"Outmaneuver+1","floor":39},{"not_picked":[],"picked":"Deadly Poison+1","floor":39},{"not_picked":[],"picked":"Blur+1","floor":44},{"not_picked":[],"picked":"Backflip+1","floor":44},{"not_picked":[],"picked":"Finisher","floor":48},{"not_picked":[],"picked":"Slice+1","floor":48}],"player_experience":808632,"relics_obtained":[{"floor":6,"key":"Prayer Wheel"},{"floor":9,"key":"Bag of Marbles"},{"floor":21,"key":"Red Mask"},{"floor":26,"key":"Letter Opener"},{"floor":36,"key":"Bird Faced Urn"},{"floor":43,"key":"Smiling Mask"}],"event_choices":[{"damage_healed":0,"gold_gain":0,"player_choice":"Leave","damage_taken":0,"max_hp_gain":0,"max_hp_loss":0,"event_name":"The Cleric","floor":3,"gold_loss":0},{"damage_healed":0,"gold_gain":0,"player_choice":"Ignored","damage_taken":0,"max_hp_gain":0,"max_hp_loss":0,"event_name":"Liars Game","floor":4,"gold_loss":0},{"damage_healed":0,"gold_gain":0,"player_choice":"Bought 2 Potions","damage_taken":0,"max_hp_gain":0,"max_hp_loss":0,"event_name":"The Woman in Blue","floor":14,"gold_loss":0},{"damage_healed":0,"gold_gain":0,"player_choice":"Opened","damage_taken":0,"relics_obtained":["Strawberry"],"max_hp_gain":0,"max_hp_loss":0,"event_name":"The Mausoleum","floor":20,"gold_loss":0},{"damage_healed":0,"gold_gain":0,"player_choice":"Fought Bandits","damage_taken":0,"max_hp_gain":0,"max_hp_loss":0,"event_name":"Masked Bandits","floor":21,"gold_loss":0},{"cards_removed":["Strike_G"],"damage_healed":0,"gold_gain":0,"player_choice":"Offered Basic","damage_taken":0,"max_hp_gain":0,"max_hp_loss":0,"event_name":"Bonfire Elementals","floor":27,"gold_loss":0},{"damage_healed":0,"gold_gain":0,"player_choice":"Fight","damage_taken":0,"max_hp_gain":0,"max_hp_loss":0,"event_name":"Mysterious Sphere","floor":36,"gold_loss":0},{"damage_healed":0,"gold_gain":0,"player_choice":"Memory 3","damage_taken":10,"max_hp_gain":0,"max_hp_loss":0,"event_name":"SensoryStone","floor":37,"gold_loss":0},{"cards_removed":["Dodge and Roll"],"damage_healed":0,"gold_gain":0,"player_choice":"Removed Skill","damage_taken":0,"max_hp_gain":0,"max_hp_loss":0,"event_name":"Falling","floor":38,"gold_loss":0},{"damage_healed":0,"gold_gain":0,"player_choice":"Ignored","damage_taken":0,"max_hp_gain":0,"max_hp_loss":0,"event_name":"SecretPortal","floor":47,"gold_loss":0}],"is_beta":false,"boss_relics":[{"not_picked":["Pandora\u0027s Box","WristBlade"],"picked":"Busted Crown"},{"not_picked":["Velvet Choker","Tiny House"],"picked":"Sozu"}],"items_purged_floors":[41,45],"is_endless":false,"potions_floor_spawned":[12,16,18,19,24,36,44],"ascension_level":0}