{"gold_per_floor":[115,13,13,13,29,29,29,49,125,141,163,180,180,193,193,293,293,303,123,143,143],"floor_reached":21,"playtime":2484,"items_purged":[],"score":171,"play_id":"96fc425f-8959-4b82-844f-94a5c337eb4c","local_time":"20181122120825","is_ascension_mode":false,"campfire_choices":[{"data":"Cleave","floor":6,"key":"SMITH"},{"floor":13,"key":"REST"},{"data":"Shrug It Off","floor":15,"key":"SMITH"}],"neow_cost":"","seed_source_timestamp":930901819005472,"circlet_count":0,"master_deck":["Strike_R+1","Strike_R","Strike_R","Strike_R","Strike_R+1","Defend_R","Defend_R","Defend_R","Defend_R","Bash","Iron Wave","Cleave+1","Clothesline","Inflame","Headbutt","Anger","Shrug It Off+1","Uppercut","Armaments","Impervious","Dual Wield","Apotheosis","Thunderclap"],"relics":["Burning Blood","FossilizedHelix","Pantograph","Odd Mushroom","Runic Cube"],"potions_floor_usage":[10,11,11,16,20,21],"damage_taken":[{"damage":8,"enemies":"2 Louse","floor":1,"turns":3},{"damage":0,"enemies":"Small Slimes","floor":5,"turns":2},{"damage":0,"enemies":"Jaw Worm","floor":8,"turns":4},{"damage":22,"enemies":"3 Louse","floor":10,"turns":3},{"damage":15,"enemies":"The Mushroom Lair","floor":11,"turns":3},{"damage":0,"enemies":"Exordium Wildlife","floor":12,"turns":2},{"damage":0,"enemies":"2 Fungi Beasts","floor":14,"turns":2},{"damage":20,"enemies":"The Guardian","floor":16,"turns":12},{"damage":14,"enemies":"Shell Parasite","floor":18,"turns":7},{"damage":62,"enemies":"3 Byrds","floor":20,"turns":7},{"damage":22,"enemies":"Cultist and Chosen","floor":21,"turns":6}],"seed_played":"-5463214075541978118","potions_obtained":[{"floor":1,"key":"Fire Potion"},{"floor":5,"key":"Fire Potion"},{"floor":8,"key":"Swift Potion"},{"floor":10,"key":"EssenceOfSteel"},{"floor":18,"key":"Poison Potion"},{"floor":20,"key":"Poison Potion"}],"is_trial":false,"path_per_floor":["M","$","?","?","M","R","?","M","T","M","?","M","R","M","R","B",null,"M","$","M","M"],"character_chosen":"IRONCLAD","items_purchased":["Cleave","Clothesline","Apotheosis"],"campfire_rested":1,"item_purchase_floors":[2,2,19],"current_hp_per_floor":[78,78,66,50,56,56,56,62,62,46,37,43,67,73,73,66,80,72,72,16,0],"gold":143,"neow_bonus":"","is_prod":false,"is_daily":false,"chose_seed":false,"campfire_upgraded":2,"win_rate":0.0,"timestamp":1542856105,"path_taken":["M","$","?","?","M","R","?","M","T","M","?","M","R","M","R","BOSS","M","$","M","M"],"build_version":"2018-11-15","purchased_purges":0,"victory":false,"max_hp_per_floor":[80,80,80,80,80,80,80,80,80,80,80,80,80,80,80,80,80,80,80,80,80],"card_choices":[{"not_picked":["Intimidate","Shrug It Off"],"picked":"Iron Wave","floor":1},{"not_picked":["Anger","Clothesline"],"picked":"Inflame","floor":5},{"not_picked":["Anger","Pummel"],"picked":"Headbutt","floor":8},{"not_picked":["Warcry","Body Slam"],"picked":"Anger","floor":10},{"not_picked":["True Grit","Juggernaut"],"picked":"Shrug It Off","floor":11},{"not_picked":["Burning Pact","Sword Boomerang"],"picked":"Uppercut","floor":12},{"not_picked":["Reckless Charge","Clothesline"],"picked":"Armaments","floor":14},{"not_picked":["Dark Embrace","Demon Form"],"picked":"Impervious","floor":16},{"not_picked":["Iron Wave","Body Slam"],"picked":"Dual Wield","floor":18},{"not_picked":["Body Slam","True Grit+1"],"picked":"Thunderclap","floor":20}],"player_experience":0,"relics_obtained":[{"floor":9,"key":"Pantograph"},{"floor":11,"key":"Odd Mushroom"}],"event_choices":[{"damage_healed":0,"gold_gain":0,"player_choice":"Success","damage_taken":12,"relics_obtained":["FossilizedHelix"],"max_hp_gain":0,"max_hp_loss":0,"event_name":"Scrap Ooze","floor":3,"gold_loss":0},{"damage_healed":0,"gold_gain":0,"player_choice":"Entered Light","damage_taken":16,"max_hp_gain":0,"max_hp_loss":0,"event_name":"Shining Light","floor":4,"gold_loss":0,"cards_upgraded":["Strike_R","Strike_R"]},{"damage_healed":0,"gold_gain":0,"player_choice":"Leave","damage_taken":0,"max_hp_gain":0,"max_hp_loss":0,"event_name":"The Cleric","floor":7,"gold_loss":0},{"damage_healed":0,"gold_gain":0,"player_choice":"Fought Mushrooms","damage_taken":0,"max_hp_gain":0,"max_hp_loss":0,"event_name":"Mushrooms","floor":11,"gold_loss":0}],"is_beta":false,"boss_relics":[{"not_picked":["Busted Crown","Ectoplasm"],"picked":"Runic Cube"}],"items_purged_floors":[],"is_endless":false,"potions_floor_spawned":[1,5,8,10,18,20],"killed_by":"Cultist and Chosen","ascension_level":0}