{"gold_per_floor":[113,132,132,143,143,143,160,12,12,32,32,6,6,21,21,126,126,140,156,156,170,35,35,69,69,69,87,87,87,102,119,119,220,220,232,160,172,191,191,208,208,208,234,234,245,245],"floor_reached":46,"playtime":2978,"items_purged":["Strike_B","Defend_B"],"score":434,"play_id":"db39f8b4-6a33-429f-8457-4c56917f71bb","local_time":"20181209110929","is_ascension_mode":false,"campfire_choices":[{"data":"Zap","floor":6,"key":"SMITH"},{"data":"Defragment","floor":11,"key":"SMITH"},{"data":"Seek","floor":13,"key":"SMITH"},{"data":"Dualcast","floor":15,"key":"SMITH"},{"data":"Go for the Eyes","floor":23,"key":"SMITH"},{"floor":25,"key":"REST"},{"floor":29,"key":"REST"},{"data":"White Noise","floor":32,"key":"SMITH"},{"data":"Blizzard","floor":41,"key":"SMITH"}],"neow_cost":"NONE","seed_source_timestamp":897453890142340,"circlet_count":0,"master_deck":["Strike_B+1","Defend_B+1","Defend_B","Zap+1","Dualcast+1","Defragment+1","Coolheaded","Seek+1","Coolheaded","Recycle+1","Recycle+1","Rip and Tear+1","Go for the Eyes+1","White Noise+1","Blizzard+1","Defragment+1","Go for the Eyes+1","Blizzard","Capacitor+1","Go for the Eyes+1","Writhe"],"relics":["Cracked Core","Boot","Oddly Smooth Stone","Astrolabe","Pear","Torii","Nuclear Battery"],"potions_floor_usage":[7,19,21,24,24,31,45,45,45,45],"damage_taken":[{"damage":1,"enemies":"Cultist","floor":1,"turns":3},{"damage":0,"enemies":"Small Slimes","floor":2,"turns":3},{"damage":1,"enemies":"Jaw Worm","floor":4,"turns":4},{"damage":8,"enemies":"Gremlin Gang","floor":7,"turns":4},{"damage":10,"enemies":"2 Fungi Beasts","floor":10,"turns":3},{"damage":9,"enemies":"Large Slime","floor":14,"turns":6},{"damage":2,"enemies":"The Guardian","floor":16,"turns":12},{"damage":0,"enemies":"Chosen","floor":18,"turns":6},{"damage":0,"enemies":"3 Byrds","floor":19,"turns":3},{"damage":5,"enemies":"Snake Plant","floor":21,"turns":6},{"damage":66,"enemies":"Slavers","floor":24,"turns":8},{"damage":23,"enemies":"3 Cultists","floor":27,"turns":5},{"damage":0,"enemies":"Snecko","floor":30,"turns":6},{"damage":2,"enemies":"Chosen and Byrds","floor":31,"turns":5},{"damage":21,"enemies":"Collector","floor":33,"turns":10},{"damage":6,"enemies":"3 Shapes","floor":35,"turns":5},{"damage":2,"enemies":"3 Darklings","floor":37,"turns":5},{"damage":56,"enemies":"4 Shapes","floor":38,"turns":5},{"damage":10,"enemies":"Maw","floor":40,"turns":9},{"damage":29,"enemies":"Sphere and 2 Shapes","floor":45,"turns":8},{"damage":7,"enemies":"4 Shapes","floor":46,"turns":1}],"seed_played":"-8401298446424252961","potions_obtained":[{"floor":1,"key":"Fire Potion"},{"floor":2,"key":"FearPotion"},{"floor":7,"key":"EssenceOfSteel"},{"floor":16,"key":"Fire Potion"},{"floor":21,"key":"SpeedPotion"},{"floor":30,"key":"LiquidBronze"},{"floor":37,"key":"EntropicBrew"},{"floor":40,"key":"EntropicBrew"},{"floor":45,"key":"Energy Potion"}],"is_trial":false,"path_per_floor":["M","M","?","M","?","R","M","$","T","M","R","$","R","M","R","B",null,"M","M","?","M","$","R","E","R","T","M","?","R","M","M","R","B",null,"M","$","M","M","$","M","R","?","T","?","M","M"],"character_chosen":"DEFECT","items_purchased":["Seek","Coolheaded","Blizzard","FocusPotion"],"campfire_rested":2,"item_purchase_floors":[8,12,22,36],"current_hp_per_floor":[74,74,59,58,58,58,50,50,50,40,40,40,40,31,31,29,75,75,75,75,70,70,70,14,39,39,16,16,41,41,39,39,18,85,79,79,77,21,21,11,11,11,11,32,3,0],"gold":245,"neow_bonus":"RANDOM_COMMON_RELIC","is_prod":false,"is_daily":false,"chose_seed":false,"campfire_upgraded":7,"win_rate":0,"timestamp":1544321369,"path_taken":["M","?","?","M","?","R","?","$","T","M","R","$","R","M","R","BOSS","M","M","?","M","$","R","E","R","T","M","?","R","M","M","R","BOSS","M","$","M","?","$","?","R","?","T","?","M","?"],"build_version":"2018-12-06","purchased_purges":2,"victory":false,"max_hp_per_floor":[75,75,75,75,75,75,75,75,75,75,75,75,75,75,75,75,75,75,75,75,75,75,75,85,85,85,85,85,85,85,85,85,85,85,85,85,85,85,85,85,85,85,85,85,85,85],"card_choices":[{"not_picked":["Chaos","Steam"],"picked":"Defragment","floor":1},{"not_picked":["Go for the Eyes","Compile Driver"],"picked":"Coolheaded","floor":2},{"not_picked":["Barrage","Beam Cell","Undo"],"picked":"SKIP","floor":4},{"not_picked":["Aggregate","Streamline","Rip and Tear"],"picked":"SKIP","floor":7},{"not_picked":["Static Discharge","Stack","Tempest"],"picked":"SKIP","floor":10},{"not_picked":["Compile Driver","FTL","Auto Shields"],"picked":"SKIP","floor":14},{"not_picked":["Recycle","Steam"],"picked":"Go for the Eyes","floor":18},{"not_picked":["Sunder","Rebound","Hologram"],"picked":"SKIP","floor":19},{"not_picked":["Redo","Fusion","Barrage"],"picked":"SKIP","floor":21},{"not_picked":["Sunder","All For One","Aggregate"],"picked":"SKIP","floor":24},{"not_picked":["Streamline","Genetic Algorithm"],"picked":"Defragment+1","floor":27},{"not_picked":["Ball Lightning","Redo","Barrage"],"picked":"SKIP","floor":30},{"not_picked":["Coolheaded","Compile Driver"],"picked":"Blizzard","floor":31},{"not_picked":["Double Energy","Sweeping Beam","Skim+1"],"picked":"SKIP","floor":35},{"not_picked":["Hologram","Heatsinks+1","Steam Power"],"picked":"SKIP","floor":37},{"not_picked":["Blizzard","Hologram+1"],"picked":"Capacitor+1","floor":38},{"not_picked":["Streamline","Beam Cell"],"picked":"Go for the Eyes+1","floor":40},{"not_picked":["Gash","Turbo","Melter"],"picked":"SKIP","floor":45}],"player_experience":106257,"relics_obtained":[{"floor":9,"key":"Oddly Smooth Stone"},{"floor":24,"key":"Pear"},{"floor":26,"key":"Torii"}],"event_choices":[{"damage_healed":0,"gold_gain":0,"player_choice":"Entered Light","damage_taken":15,"max_hp_gain":0,"max_hp_loss":0,"event_name":"Shining Light","floor":3,"gold_loss":0,"cards_upgraded":["Strike_B","Defend_B"]},{"damage_healed":0,"gold_gain":0,"player_choice":"Ignored","damage_taken":0,"max_hp_gain":0,"max_hp_loss":0,"event_name":"NoteForYourself","floor":5,"gold_loss":0},{"damage_healed":0,"gold_gain":0,"player_choice":"Read","damage_taken":0,"max_hp_gain":0,"max_hp_loss":0,"event_name":"The Library","floor":20,"gold_loss":0,"cards_obtained":["White Noise"]},{"damage_healed":0,"gold_gain":0,"player_choice":"Copied","damage_taken":0,"max_hp_gain":0,"max_hp_loss":0,"event_name":"Duplicator","floor":28,"gold_loss":0,"cards_obtained":["Go for the Eyes"]},{"damage_healed":0,"gold_gain":0,"player_choice":"Ignored","damage_taken":0,"max_hp_gain":0,"max_hp_loss":0,"event_name":"Mysterious Sphere","floor":42,"gold_loss":0},{"damage_healed":21,"gold_gain":0,"player_choice":"Writhe","damage_taken":0,"max_hp_gain":0,"max_hp_loss":0,"event_name":"Winding Halls","floor":44,"gold_loss":0,"cards_obtained":["Writhe"]}],"is_beta":false,"boss_relics":[{"not_picked":["Philosopher\u0027s Stone","Ectoplasm"],"picked":"Astrolabe"},{"not_picked":["Fusion Hammer","Lizard Tail"],"picked":"Nuclear Battery"}],"items_purged_floors":[8,22],"is_endless":false,"potions_floor_spawned":[1,2,7,16,21,30,37,40,45],"killed_by":"4 Shapes","ascension_level":0}