{"gold_per_floor":[113,113,131,30,50,76,105,117,129,141,169,195,223,263,275,391,403,429,540,552,492,506,506,533,533,533,559,559,180,215,233,233,332,332,342,356,44,60,78,110,126,156,156,188,188,218,238,256,256,256,256,256,24,59,59],"floor_reached":56,"playtime":3490,"items_purged":["Pain"],"score":1543,"play_id":"143fa81f-fece-4e70-a82b-2f0f51506be6","local_time":"20190209163908","is_ascension_mode":true,"campfire_choices":[{"data":"White Noise","floor":8.0,"key":"SMITH"},{"data":"Strike_B","floor":15.0,"key":"PURGE"},{"data":"Strike_B","floor":23.0,"key":"PURGE"},{"floor":25.0,"key":"REST"},{"data":"Zap","floor":28.0,"key":"SMITH"},{"data":"Zap","floor":32.0,"key":"SMITH"},{"floor":49.0,"key":"RECALL"},{"data":"Glacier","floor":52.0,"key":"SMITH"}],"neow_cost":"NONE","seed_source_timestamp":146560969295708,"circlet_count":0,"master_deck":["Strike_B","Strike_B","Defend_B","Zap+1","Dualcast+1","Conserve Battery","Redo","Coolheaded+1","Cold Snap+1","White Noise+1","Cold Snap+1","Zap+1","Biased Cognition+1","Go for the Eyes","Capacitor+1","Machine Learning+1","Biased Cognition+1","Ball Lightning","Cold Snap+1","Self Repair+1","Glacier+1","Echo Form+1","Consume","Echo Form+1","Chaos+1","Loop+1","Buffer+1","Leap+1","Compile Driver+1","Chill","Go for the Eyes","Electrodynamics+1","Cold Snap+1","Core Surge","Leap","Heatsinks+1","Amplify","Conserve Battery+1"],"special_seed":0,"relics":["Cracked Core","WarpedTongs","Frozen Egg 2","Peace Pipe","Black Star","Nloth\u0027s Gift","Oddly Smooth Stone","Bag of Preparation","DataDisk","Turnip","Mummified Hand","Bottled Tornado","Mercury Hourglass","Vajra","Empty Cage","Anchor","Ice Cream","War Paint","Sundial","Blue Candle","Pen Nib","Whetstone","Omamori","Symbiotic Virus","Blood Vial","Emotion Chip"],"potions_floor_usage":[55,55,55],"damage_taken":[{"damage":6.0,"enemies":"Jaw Worm","floor":1.0,"turns":3.0},{"damage":4.0,"enemies":"Cultist","floor":3.0,"turns":3.0},{"damage":0.0,"enemies":"Small Slimes","floor":5.0,"turns":2.0},{"damage":11.0,"enemies":"3 Sentries","floor":6.0,"turns":8.0},{"damage":1.0,"enemies":"Gremlin Gang","floor":7.0,"turns":3.0},{"damage":4.0,"enemies":"Exordium Thugs","floor":11.0,"turns":3.0},{"damage":2.0,"enemies":"2 Fungi Beasts","floor":12.0,"turns":3.0},{"damage":8.0,"enemies":"Gremlin Gang","floor":13.0,"turns":4.0},{"damage":0.0,"enemies":"Lagavulin","floor":14.0,"turns":6.0},{"damage":38.0,"enemies":"The Guardian","floor":16.0,"turns":11.0},{"damage":10.0,"enemies":"Spheric Guardian","floor":18.0,"turns":4.0},{"damage":19.0,"enemies":"2 Thieves","floor":21.0,"turns":4.0},{"damage":6.0,"enemies":"Shelled Parasite and Fungi","floor":22.0,"turns":9.0},{"damage":20.0,"enemies":"Book of Stabbing","floor":24.0,"turns":6.0},{"damage":0.0,"enemies":"Gremlin Leader","floor":27.0,"turns":6.0},{"damage":22.0,"enemies":"Slavers","floor":30.0,"turns":4.0},{"damage":0.0,"enemies":"Snecko","floor":31.0,"turns":3.0},{"damage":14.0,"enemies":"Collector","floor":33.0,"turns":8.0},{"damage":18.0,"enemies":"3 Darklings","floor":35.0,"turns":6.0},{"damage":2.0,"enemies":"Orb Walker","floor":36.0,"turns":3.0},{"damage":0.0,"enemies":"Maw","floor":38.0,"turns":6.0},{"damage":2.0,"enemies":"Spire Growth","floor":39.0,"turns":6.0},{"damage":13.0,"enemies":"Giant Head","floor":40.0,"turns":7.0},{"damage":0.0,"enemies":"Transient","floor":41.0,"turns":5.0},{"damage":6.0,"enemies":"Nemesis","floor":42.0,"turns":9.0},{"damage":2.0,"enemies":"Giant Head","floor":44.0,"turns":7.0},{"damage":0.0,"enemies":"Reptomancer","floor":46.0,"turns":5.0},{"damage":21.0,"enemies":"Jaw Worm Horde","floor":47.0,"turns":2.0},{"damage":0.0,"enemies":"4 Shapes","floor":48.0,"turns":4.0},{"damage":17.0,"enemies":"Awakened One","floor":50.0,"turns":8.0},{"damage":26,"enemies":"Shield and Spear","floor":54,"turns":5},{"damage":32,"enemies":"The Heart","floor":55,"turns":7}],"seed_played":"4741704308811335983","potions_obtained":[{"floor":6.0,"key":"Explosive Potion"},{"floor":11.0,"key":"Strength Potion"},{"floor":12.0,"key":"Fire Potion"},{"floor":14.0,"key":"SneckoOil"},{"floor":16.0,"key":"FocusPotion"},{"floor":18.0,"key":"Ancient Potion"},{"floor":30.0,"key":"Explosive Potion"},{"floor":31.0,"key":"Ancient Potion"},{"floor":38.0,"key":"Explosive Potion"},{"floor":39.0,"key":"AttackPotion"}],"is_trial":false,"path_per_floor":["M","?","M","$","M","E","M","R","T","?","M","M","M","E","R","B",null,"M","?","?","M","M","R","E","R","T","E","R","$","E","M","R","B",null,"M","M","$","M","M","E","M","E","T","E","?","E","M","M","R","B",null,"R","$","E","B",null],"character_chosen":"DEFECT","items_purchased":["Coolheaded","Bottled Tornado","Self Repair+1","Glacier","Buffer+1","Anchor","Heatsinks+1","Amplify"],"campfire_rested":1,"item_purchase_floors":[4,29,29,29,37,37,53,53],"current_hp_per_floor":[76,76,72,72,72,61,60,60,60,60,56,54,46,46,46,8,82,72,72,72,53,47,47,27,51,51,51,51,51,39,59,59,65,82,82,82,82,82,82,79,82,82,82,82,82,82,61,71,71,64,82,82,82,56,36],"gold":59,"neow_bonus":"TEN_PERCENT_HP_BONUS","is_prod":false,"is_daily":false,"chose_seed":false,"campfire_upgraded":4,"win_rate":0,"timestamp":1549759148,"path_taken":["M","?","?","$","M","E","M","R","T","?","?","M","M","E","R","BOSS","M","?","?","M","M","R","E","R","T","E","R","$","E","M","R","BOSS","M","?","$","M","M","E","M","E","T","E","?","E","M","M","R","BOSS","R","$","E","BOSS"],"build_version":"2019-01-23","purchased_purges":1,"victory":true,"max_hp_per_floor":[82,82,82,82,82,82,82,82,82,82,82,82,82,82,82,82,82,82,82,82,82,82,82,82,82,82,82,82,82,82,82,82,82,82,82,82,82,82,82,82,82,82,82,82,82,82,82,82,82,82,82,82,82,82,82],"card_choices":[{"not_picked":["Go for the Eyes","Rebound"],"picked":"Conserve Battery","floor":1.0},{"not_picked":["Beam Cell","Compile Driver"],"picked":"Redo","floor":3.0},{"not_picked":["Blizzard","Ball Lightning"],"picked":"Cold Snap","floor":5.0},{"not_picked":["Gash","Machine Learning"],"picked":"White Noise","floor":6.0},{"not_picked":["Steam","Coolheaded"],"picked":"Cold Snap","floor":7.0},{"not_picked":["Chaos","Rebound"],"picked":"Biased Cognition+1","floor":11.0},{"not_picked":["Ball Lightning","Coolheaded"],"picked":"Go for the Eyes","floor":12.0},{"not_picked":["Streamline","Recycle"],"picked":"Capacitor+1","floor":13.0},{"not_picked":["Aggregate","Turbo","Steam Power"],"picked":"SKIP","floor":14.0},{"not_picked":["Amplify","All For One"],"picked":"Machine Learning+1","floor":16.0},{"not_picked":["Redo","Compile Driver","Reprogram"],"picked":"SKIP","floor":18.0},{"not_picked":["Turbo","Coolheaded+1"],"picked":"Biased Cognition+1","floor":21.0},{"not_picked":["Coolheaded","Beam Cell"],"picked":"Ball Lightning","floor":22.0},{"not_picked":["Steam","Turbo","Thunder Strike"],"picked":"SKIP","floor":24.0},{"not_picked":["Barrage","Streamline"],"picked":"Cold Snap+1","floor":27.0},{"not_picked":["Steam","Thunder Strike"],"picked":"Echo Form+1","floor":30.0},{"not_picked":["Streamline+1","Genetic Algorithm"],"picked":"Consume","floor":31.0},{"not_picked":["Biased Cognition+1","Reboot"],"picked":"Echo Form+1","floor":33.0},{"not_picked":["Conserve Battery","Hologram+1"],"picked":"Chaos+1","floor":35.0},{"not_picked":["Beam Cell","Cold Snap+1"],"picked":"Loop+1","floor":36.0},{"not_picked":["Stack","Reinforced Body+1"],"picked":"Leap+1","floor":38.0},{"not_picked":["Steam","Ball Lightning+1"],"picked":"Compile Driver+1","floor":39.0},{"not_picked":["Hologram","Go for the Eyes"],"picked":"Chill","floor":40.0},{"not_picked":["Gash","Streamline"],"picked":"Go for the Eyes","floor":41.0},{"not_picked":["Hologram+1","Compile Driver+1"],"picked":"Electrodynamics+1","floor":42.0},{"not_picked":["Consume","Machine Learning+1"],"picked":"Cold Snap+1","floor":44.0},{"not_picked":["Steam+1","Hyperbeam"],"picked":"Core Surge","floor":46.0},{"not_picked":["Compile Driver","Gash+1"],"picked":"Leap","floor":47.0},{"not_picked":["Aggregate","Barrage+1","Hologram"],"picked":"SKIP","floor":48.0},{"not_picked":["Hello World+1","Genetic Algorithm+1"],"picked":"Conserve Battery+1","floor":54}],"player_experience":320244,"relics_obtained":[{"floor":6.0,"key":"MawBank"},{"floor":9.0,"key":"Frozen Egg 2"},{"floor":14.0,"key":"Peace Pipe"},{"floor":24.0,"key":"Oddly Smooth Stone"},{"floor":24.0,"key":"Bag of Preparation"},{"floor":26.0,"key":"DataDisk"},{"floor":27.0,"key":"Turnip"},{"floor":27.0,"key":"Mummified Hand"},{"floor":30.0,"key":"Mercury Hourglass"},{"floor":30.0,"key":"Vajra"},{"floor":40.0,"key":"Ice Cream"},{"floor":40.0,"key":"War Paint"},{"floor":42.0,"key":"Sundial"},{"floor":42.0,"key":"Blue Candle"},{"floor":44.0,"key":"Pen Nib"},{"floor":44.0,"key":"Whetstone"},{"floor":46.0,"key":"Omamori"},{"floor":46.0,"key":"Symbiotic Virus"},{"floor":54,"key":"Blood Vial"},{"floor":54,"key":"Emotion Chip"}],"event_choices":[{"damage_healed":0.0,"max_hp_gain":0.0,"max_hp_loss":0.0,"gold_gain":0.0,"event_name":"Accursed Blacksmith","player_choice":"Rummage","floor":2.0,"gold_loss":0.0,"damage_taken":0.0,"relics_obtained":["WarpedTongs"],"cards_obtained":["Pain"]},{"damage_healed":0.0,"max_hp_gain":0.0,"max_hp_loss":0.0,"gold_gain":0.0,"event_name":"Match and Keep!","player_choice":"1 cards matched","floor":10.0,"gold_loss":0.0,"damage_taken":0.0,"cards_obtained":["Zap"]},{"damage_healed":0.0,"max_hp_gain":0.0,"max_hp_loss":0.0,"gold_gain":99.0,"event_name":"Nest","player_choice":"Stole From Cult","floor":19.0,"gold_loss":0.0,"damage_taken":0.0},{"damage_healed":0.0,"max_hp_gain":0.0,"max_hp_loss":0.0,"gold_gain":0.0,"event_name":"N\u0027loth","player_choice":"Traded Relic","floor":20.0,"relics_lost":["MawBank"],"gold_loss":0.0,"damage_taken":0.0,"relics_obtained":["Nloth\u0027s Gift"]},{"cards_removed":["Defend_B"],"damage_healed":0.0,"max_hp_gain":0.0,"max_hp_loss":0.0,"gold_gain":0.0,"event_name":"Falling","player_choice":"Removed Skill","floor":45.0,"gold_loss":0.0,"damage_taken":0.0}],"is_beta":false,"boss_relics":[{"not_picked":["Orrery","Calling Bell"],"picked":"Black Star"},{"not_picked":["Pandora\u0027s Box","Velvet Choker"],"picked":"Empty Cage"}],"items_purged_floors":[4],"is_endless":false,"potions_floor_spawned":[6,11,12,14,16,18,30,31,38,39,41,46],"ascension_level":1}