{"path_per_floor":["M","M","?","M","$","R","M","R","T","?","R","$","E","M","R","B",null,"M","?","M","M","M","R","M","R","T","$","M","R","M","M","R","B",null,"M","?","?","?","?","R","M","R","T","R","M","M","E","M","R","B"],"character_chosen":"THE_SILENT","items_purchased":["Vajra","GhostInAJar","Molten Egg 2","Frozen Egg 2","Bag of Preparation","Block Potion"],"gold_per_floor":[153,198,198,231,75,75,114,114,114,114,114,39,117,156,156,471,471,513,513,528,564,612,612,642,642,724,4,55,55,85,145,145,460,460,511,511,511,511,511,511,544,544,621,621,663,723,801,861,861,861],"floor_reached":51,"campfire_rested":0,"playtime":2520,"item_purchase_floors":[5,12,27,27,27,27],"current_hp_per_floor":[68,67,67,67,67,67,66,66,66,66,66,66,64,64,64,67,70,70,70,66,63,63,63,59,59,59,59,63,63,67,70,70,70,70,70,70,70,70,70,70,70,70,70,70,70,70,59,70,70,31],"items_purged":[],"gold":861,"score":781,"play_id":"958c4bfb-91fd-45fe-baba-c8f77b2f3bbd","local_time":"20180620144350","daily_mods":["Heirloom","Midas","Night Terrors"],"is_prod":false,"is_daily":false,"chose_seed":true,"is_ascension_mode":false,"campfire_upgraded":0,"win_rate":0,"timestamp":1529498630,"campfire_choices":[{"floor":6,"key":"DIG"},{"floor":8,"key":"DIG"},{"floor":11,"key":"DIG"},{"floor":15,"key":"DIG"},{"floor":23,"key":"DIG"},{"floor":25,"key":"DIG"},{"floor":29,"key":"DIG"},{"floor":32,"key":"DIG"},{"floor":40,"key":"DIG"},{"floor":42,"key":"DIG"},{"floor":44,"key":"DIG"},{"floor":49,"key":"DIG"}],"path_taken":["M","M","?","M","$","R","M","R","T","?","R","$","E","M","R","BOSS","M","?","M","?","M","R","?","R","T","?","M","R","M","M","R","BOSS","M","?","?","?","?","R","M","R","T","R","M","?","E","M","R","BOSS"],"build_version":"2018-06-14v2","seed_source_timestamp":3677240359511135,"purchased_purges":0,"victory":true,"master_deck":["Defend_G","Defend_G","Defend_G","Defend_G","Strike_G","Strike_G","Strike_G","Strike_G","Survivor","Neutralize","Quick Slash","Cloak And Dagger","Sucker Punch","Infinite Blades","Backstab","A Thousand Cuts","Prepared+1","Writhe","Infinite Blades+1","Cloak And Dagger+1","Leg Sweep","Flying Knee+1","Well Laid Plans+1","Slice+1","A Thousand Cuts+1","Backstab+1","Sadistic Nature+1","Noxious Fumes+1","Leg Sweep+1","Calculated Gamble+1"],"max_hp_per_floor":[70,70,70,70,70,70,70,70,70,70,70,70,70,70,70,70,70,70,70,70,70,70,70,70,70,70,70,70,70,70,70,70,70,70,70,70,70,70,70,70,70,70,70,70,70,70,70,70,70,70],"special_seed":29952015251857,"relics":["Ring of the Snake","Shovel","Vajra","Calipers","Bird Faced Urn","Question Card","Gremlin Horn","Potion Belt","Bronze Scales","Tough Bandages","Runic Dome","Gambling Chip","Bag of Marbles","Dead Branch","Letter Opener","Molten Egg 2","Frozen Egg 2","Bag of Preparation","Omamori","The Courier","Black Star","Mercury Hourglass","Toxic Egg 2","Pantograph","Sundial","Smiling Mask","Centennial Puzzle","Blue Candle"],"card_choices":[{"not_picked":["Terror","Concentrate"],"picked":"Quick Slash","floor":1},{"not_picked":["Dodge and Roll","Poisoned Stab"],"picked":"Cloak And Dagger","floor":2},{"not_picked":["Underhanded Strike","Acrobatics"],"picked":"Sucker Punch","floor":4},{"not_picked":["Blade Dance","Flying Knee"],"picked":"Infinite Blades","floor":7},{"not_picked":["Crippling Poison","Catalyst","Slice"],"picked":"Backstab","floor":13},{"not_picked":["Sucker Punch","Underhanded Strike","Outmaneuver","Bane"],"picked":"SKIP","floor":14},{"not_picked":["Envenom","Adrenaline","Glass Knife"],"picked":"A Thousand Cuts","floor":16},{"not_picked":["Predator","Quick Slash","Sucker Punch"],"picked":"Prepared+1","floor":18},{"not_picked":["Leg Sweep","Poisoned Stab","Slice"],"picked":"Infinite Blades+1","floor":20},{"not_picked":["Masterful Stab+1","Concentrate+1","PiercingWail+1","Dash"],"picked":"SKIP","floor":21},{"not_picked":["Prepared","Riddle With Holes","Bane"],"picked":"Cloak And Dagger+1","floor":22},{"not_picked":["Eviscerate","Predator","Acrobatics"],"picked":"Leg Sweep","floor":24},{"not_picked":["Outmaneuver+1","Venomology","Poisoned Stab+1"],"picked":"Flying Knee+1","floor":28},{"not_picked":["Deadly Poison","Dodge and Roll","Masterful Stab+1"],"picked":"Well Laid Plans+1","floor":30},{"not_picked":["Masterful Stab+1","PiercingWail","All Out Attack+1"],"picked":"Slice+1","floor":31},{"not_picked":["Tools of the Trade+1","Storm of Steel","Doppelganger"],"picked":"A Thousand Cuts+1","floor":33},{"not_picked":["Underhanded Strike+1","Bane+1","Dagger Throw+1"],"picked":"Backstab+1","floor":35},{"not_picked":["Secret Weapon","Madness","Trip"],"picked":"Sadistic Nature+1","floor":38},{"not_picked":["Underhanded Strike+1","Masterful Stab+1","Predator+1"],"picked":"Noxious Fumes+1","floor":41},{"not_picked":["Underhanded Strike+1","Flying Knee+1","Predator+1","Bane+1"],"picked":"SKIP","floor":45},{"not_picked":["Sucker Punch+1","Quick Slash+1","Slice+1"],"picked":"Leg Sweep+1","floor":46},{"not_picked":["Noxious Fumes+1","Corpse Explosion+1","Deadly Poison+1"],"picked":"Calculated Gamble+1","floor":47},{"not_picked":["All Out Attack+1","Dagger Spray+1","Outmaneuver+1","Underhanded Strike+1"],"picked":"SKIP","floor":48}],"player_experience":886555,"potions_floor_usage":[13,14,16,50],"damage_taken":[{"damage":2,"enemies":"Small Slimes","floor":1,"turns":5},{"damage":1,"enemies":"Cultist","floor":2,"turns":3},{"damage":0,"enemies":"2 Louse","floor":4,"turns":3},{"damage":1,"enemies":"Gremlin Gang","floor":7,"turns":7},{"damage":4,"enemies":"Lagavulin","floor":13,"turns":9},{"damage":2,"enemies":"Exordium Thugs","floor":14,"turns":3},{"damage":1,"enemies":"Slime Boss","floor":16,"turns":8},{"damage":0,"enemies":"3 Byrds","floor":18,"turns":3},{"damage":6,"enemies":"2 Thieves","floor":20,"turns":4},{"damage":7,"enemies":"Chosen and Byrds","floor":21,"turns":5},{"damage":6,"enemies":"Snake Plant","floor":22,"turns":4},{"damage":10,"enemies":"Cultist and Chosen","floor":24,"turns":6},{"damage":0,"enemies":"Snecko","floor":28,"turns":3},{"damage":0,"enemies":"Chosen and Byrds","floor":30,"turns":1},{"damage":0,"enemies":"Centurion and Healer","floor":31,"turns":2},{"damage":1,"enemies":"Automaton","floor":33,"turns":6},{"damage":0,"enemies":"3 Shapes","floor":35,"turns":2},{"damage":0,"enemies":"Orb Walker","floor":41,"turns":2},{"damage":0,"enemies":"3 Darklings","floor":45,"turns":2},{"damage":0,"enemies":"Maw","floor":46,"turns":5},{"damage":15,"enemies":"2 Orb Walkers","floor":47,"turns":4},{"damage":2,"enemies":"4 Shapes","floor":48,"turns":3},{"damage":49,"enemies":"Time Eater","floor":50,"turns":8}],"relics_obtained":[{"floor":6,"key":"Calipers"},{"floor":8,"key":"Bird Faced Urn"},{"floor":9,"key":"Question Card"},{"floor":11,"key":"Potion Belt"},{"floor":13,"key":"Bronze Scales"},{"floor":15,"key":"Tough Bandages"},{"floor":23,"key":"Bag of Marbles"},{"floor":25,"key":"Dead Branch"},{"floor":26,"key":"Letter Opener"},{"floor":29,"key":"Omamori"},{"floor":32,"key":"The Courier"},{"floor":40,"key":"Mercury Hourglass"},{"floor":42,"key":"Toxic Egg 2"},{"floor":43,"key":"Pantograph"},{"floor":44,"key":"Sundial"},{"floor":47,"key":"Smiling Mask"},{"floor":47,"key":"Centennial Puzzle"},{"floor":49,"key":"Blue Candle"}],"event_choices":[{"event_name":"Bonfire Elementals","player_choice":"BASIC","floor":3,"damage_taken":0},{"event_name":"Dead Adventurer","player_choice":"Searched \u00271\u0027 times","floor":10,"damage_taken":0},{"event_name":"The Mausoleum","player_choice":"Yes","floor":19,"damage_taken":0},{"event_name":"Tomb of Lord Red Mask","player_choice":"Ignored","floor":36,"damage_taken":0},{"event_name":"Falling","player_choice":"Removed Skill","floor":37,"damage_taken":0},{"event_name":"SensoryStone","player_choice":"Memory 1","floor":38,"damage_taken":0},{"event_name":"Winding Halls","player_choice":"Writhe","floor":39,"damage_taken":0}],"boss_relics":[{"not_picked":["Velvet Choker","White Beast Statue"],"picked":"Runic Dome"},{"not_picked":["Pandora\u0027s Box","Calling Bell"],"picked":"Black Star"}],"items_purged_floors":[],"is_endless":false,"potions_floor_spawned":[2,7,16,18,28,31,33,41,45,47,48],"seed_played":"4477881027643928298","ascension_level":0,"potions_obtained":[{"floor":2,"key":"PowerPotion"},{"floor":7,"key":"Weak Potion"},{"floor":16,"key":"PowerPotion"},{"floor":18,"key":"SkillPotion"},{"floor":28,"key":"SteroidPotion"},{"floor":31,"key":"Explosive Potion"},{"floor":45,"key":"LiquidBronze"},{"floor":47,"key":"GhostInAJar"}],"is_trial":true}