{"gold_per_floor":[99,99,99,25,25,25,25,25,25,25,25,0,0,0,0,0,0,0,0,0,0,0,0,0,0,0,0,0,0,0,0,0,0],"floor_reached":33,"playtime":2223,"items_purged":[],"score":364,"play_id":"ef44db07-43a9-4bf6-ab46-870879d9981a","local_time":"20180712225008","is_ascension_mode":true,"campfire_choices":[{"data":"Noxious Fumes","floor":7,"key":"SMITH"},{"data":"Noxious Fumes","floor":10,"key":"SMITH"},{"floor":15,"key":"REST"},{"data":"Burst","floor":23,"key":"SMITH"},{"floor":25,"key":"REST"},{"floor":28,"key":"REST"},{"floor":32,"key":"REST"}],"neow_cost":"NONE","seed_source_timestamp":87957342793051,"circlet_count":0,"master_deck":["Defend_G","Defend_G","Defend_G","Defend_G","Defend_G","Strike_G","Strike_G","Strike_G+1","Strike_G","Strike_G","Survivor","Neutralize","Bouncing Flask+1","Noxious Fumes+1","Noxious Fumes","Slice+1","Outmaneuver","Noxious Fumes+1","PiercingWail","Burst","Outmaneuver","Backflip","Envenom","Malaise","Ghostly","Ghostly","Ghostly","Ghostly","Ghostly","Burst+1","Deflect","Dagger Spray","Flying Knee+1","Finisher"],"relics":["Ectoplasm","Smiling Mask","The Courier","Bottled Lightning","Busted Crown","Whetstone","Shuriken","Tiny Chest"],"potions_floor_usage":[6,12,13,18,24,27,33],"damage_taken":[{"damage":0,"enemies":"Cultist","floor":1,"turns":4},{"damage":0,"enemies":"2 Louse","floor":2,"turns":3},{"damage":3,"enemies":"Jaw Worm","floor":3,"turns":4},{"damage":22,"enemies":"Lagavulin","floor":6,"turns":6},{"damage":17,"enemies":"Exordium Wildlife","floor":8,"turns":4},{"damage":23,"enemies":"Gremlin Nob","floor":11,"turns":4},{"damage":3,"enemies":"Looter","floor":12,"turns":3},{"damage":0,"enemies":"3 Louse","floor":13,"turns":4},{"damage":2,"enemies":"Hexaghost","floor":16,"turns":8},{"damage":18,"enemies":"Shell Parasite","floor":18,"turns":5},{"damage":20,"enemies":"2 Thieves","floor":21,"turns":5},{"damage":14,"enemies":"Slavers","floor":24,"turns":6},{"damage":10,"enemies":"Gremlin Leader","floor":27,"turns":7},{"damage":0,"enemies":"Snake Plant","floor":29,"turns":4},{"damage":4,"enemies":"Snecko","floor":31,"turns":5},{"damage":32,"enemies":"Champ","floor":33,"turns":9}],"seed_played":"4577935316553135091","potions_obtained":[{"floor":3,"key":"AttackPotion"},{"floor":11,"key":"Weak Potion"},{"floor":12,"key":"AttackPotion"},{"floor":16,"key":"Block Potion"},{"floor":21,"key":"Swift Potion"},{"floor":24,"key":"Swift Potion"},{"floor":27,"key":"Strength Potion"},{"floor":31,"key":"SpeedPotion"}],"is_trial":false,"path_per_floor":["M","M","M","$","?","E","R","M","T","R","E","M","M","$","R","B",null,"M","?","?","M","?","R","E","R","T","E","R","M","?","M","R"],"character_chosen":"THE_SILENT","items_purchased":["Slice","Outmaneuver"],"campfire_rested":4,"item_purchase_floors":[4,4],"current_hp_per_floor":[70,70,67,67,67,45,45,28,28,28,5,2,2,2,23,21,70,52,35,35,15,27,27,13,23,23,13,23,23,23,19,29,0],"gold":0,"neow_bonus":"BOSS_RELIC","is_prod":false,"is_daily":false,"chose_seed":false,"campfire_upgraded":3,"win_rate":0,"timestamp":1531401608,"path_taken":["M","?","M","$","?","E","R","M","T","R","E","M","M","?","R","BOSS","M","?","?","M","?","R","E","R","T","E","R","M","?","M","R","BOSS"],"build_version":"2018-07-05","purchased_purges":0,"victory":false,"max_hp_per_floor":[70,70,70,70,70,70,70,70,70,70,70,70,70,70,70,70,70,70,35,35,35,35,35,35,35,35,35,35,35,35,35,35,35],"card_choices":[{"not_picked":["Bane","Dagger Throw"],"picked":"Bouncing Flask","floor":1},{"not_picked":["Riddle With Holes","Bouncing Flask"],"picked":"Noxious Fumes","floor":2},{"not_picked":["Prepared","Acrobatics"],"picked":"Noxious Fumes","floor":3},{"not_picked":["Outmaneuver","Infinite Blades"],"picked":"Noxious Fumes","floor":6},{"not_picked":["Outmaneuver","Riddle With Holes"],"picked":"PiercingWail","floor":8},{"not_picked":["Quick Slash","Bouncing Flask"],"picked":"Burst","floor":11},{"not_picked":["Sucker Punch","Masterful Stab"],"picked":"Outmaneuver","floor":12},{"not_picked":["Footwork","Underhanded Strike"],"picked":"Backflip","floor":13},{"not_picked":["Tactician","Adrenaline"],"picked":"Envenom","floor":16},{"not_picked":[],"picked":"Malaise","floor":18},{"not_picked":["Quick Slash"],"picked":"SKIP","floor":21},{"not_picked":[],"picked":"Deflect","floor":24},{"not_picked":[],"picked":"Dagger Spray","floor":27},{"not_picked":[],"picked":"Flying Knee+1","floor":29},{"not_picked":[],"picked":"Finisher","floor":31}],"player_experience":108783,"relics_obtained":[{"floor":6,"key":"Smiling Mask"},{"floor":9,"key":"The Courier"},{"floor":11,"key":"Bottled Lightning"},{"floor":24,"key":"Whetstone"},{"floor":26,"key":"Shuriken"},{"floor":27,"key":"Tiny Chest"}],"event_choices":[{"event_name":"Living Wall","player_choice":"Grow","floor":5,"damage_taken":0},{"event_name":"Ghosts","player_choice":"Became a Ghost","floor":19,"damage_taken":0},{"event_name":"Duplicator","player_choice":"One dupe","floor":20,"damage_taken":0},{"event_name":"The Library","player_choice":"Heal","floor":22,"damage_taken":0},{"event_name":"Golden Shrine","player_choice":"Pray","floor":30,"damage_taken":0}],"boss_relics":[{"not_picked":["Sozu","Runic Dome"],"picked":"Busted Crown"}],"items_purged_floors":[],"is_endless":false,"potions_floor_spawned":[3,11,12,16,21,24,27,31],"killed_by":"Champ","ascension_level":3}