{"path_per_floor":["M","M","$","?","M","E","R","E","T","R","M","M","E","?","R","B",null,"M","M","M","M","?","R","E","?","T","E","$","M","R","M","R","B",null,"M","?","M","M","M","E","R","E","T","M","M","R","?","M","R","B"],"character_chosen":"THE_SILENT","items_purchased":["Oddly Smooth Stone","Happy Flower"],"gold_per_floor":[115,126,126,126,139,173,173,201,201,201,214,231,262,262,262,357,357,357,357,357,357,357,357,357,357,357,357,52,52,52,52,52,52,52,52,52,52,52,52,52,52,52,52,52,52,52,52,52,52,52],"floor_reached":51,"campfire_rested":4,"playtime":6884,"item_purchase_floors":[28,28],"current_hp_per_floor":[66,63,63,56,56,36,36,23,23,44,44,44,42,42,42,24,70,70,58,50,35,16,37,28,28,28,26,26,37,37,42,42,49,49,43,33,34,18,13,14,14,10,10,16,17,31,31,34,48,44],"items_purged":[],"gold":52,"score":821,"play_id":"019580aa-0c9f-4413-b9d7-c74fd3ce135a","local_time":"20180604035759","is_prod":false,"is_daily":false,"chose_seed":false,"is_ascension_mode":false,"campfire_upgraded":5,"win_rate":0,"timestamp":1528077479,"campfire_choices":[{"data":"Burst","floor":7,"key":"SMITH"},{"floor":10,"key":"REST"},{"data":"Infinite Blades","floor":15,"key":"SMITH"},{"floor":23,"key":"REST"},{"data":"A Thousand Cuts","floor":30,"key":"SMITH"},{"data":"Infinite Blades","floor":32,"key":"SMITH"},{"data":"A Thousand Cuts","floor":41,"key":"SMITH"},{"floor":46,"key":"REST"},{"floor":49,"key":"REST"}],"path_taken":["M","M","?","?","M","E","R","E","T","R","M","?","E","?","R","BOSS","M","M","M","M","?","R","E","?","T","E","$","M","R","M","R","BOSS","M","?","M","M","M","E","R","E","T","M","?","R","?","M","R","BOSS"],"build_version":"2018-05-30v2","seed_source_timestamp":149834123386545,"purchased_purges":0,"victory":true,"master_deck":["Defend_G","Defend_G","Defend_G","Defend_G","Survivor","Neutralize","Leg Sweep","Terror+1","Sucker Punch","Burst+1","Deflect","Infinite Blades+1","Flying Knee","A Thousand Cuts+1","Caltrops","Backflip","Dodge and Roll","PiercingWail+1","Infinite Blades+1","Bite","Bite","Bite","Bite","Bite","Footwork","Leg Sweep","Blur","Die Die Die","Prepared+1","Caltrops","Crippling Poison","All Out Attack+1","Crippling Poison","Mind Blast","Madness","Madness","Acrobatics+1","Prepared+1","Malaise","A Thousand Cuts+1","Flying Knee+1","Backflip+1","Blur+1","Noxious Fumes+1"],"max_hp_per_floor":[70,70,70,70,70,70,70,70,70,70,70,70,70,70,70,70,70,70,70,70,70,70,70,70,49,49,49,49,49,49,49,49,49,49,49,49,49,49,49,49,49,49,49,49,49,49,49,49,49,49],"relics":["Sozu","Vajra","Bottled Lightning","Paper Crane","Potion Belt","Ectoplasm","Red Mask","Tingsha","Bronze Scales","Torii","Oddly Smooth Stone","Happy Flower","Orrery","Lantern","Boot","Old Coin"],"card_choices":[{"not_picked":["Acrobatics","Outmaneuver"],"picked":"Leg Sweep","floor":1.0},{"not_picked":["Eviscerate","Heel Hook"],"picked":"Terror","floor":2},{"not_picked":["PiercingWail","Outmaneuver"],"picked":"Sucker Punch","floor":5},{"not_picked":["Outmaneuver","Finisher"],"picked":"Burst","floor":6},{"not_picked":["Poisoned Stab","Crippling Poison"],"picked":"Deflect","floor":8},{"not_picked":["Escape Plan","Dodge and Roll"],"picked":"Infinite Blades","floor":11},{"not_picked":["Deadly Poison","Choke"],"picked":"Flying Knee","floor":12},{"not_picked":["Acrobatics","Prepared","Outmaneuver"],"picked":"SKIP","floor":13},{"not_picked":["Envenom","Bullet Time"],"picked":"A Thousand Cuts","floor":16},{"not_picked":["Deflect","Deadly Poison"],"picked":"Caltrops","floor":18},{"not_picked":["Prepared+1","Distraction"],"picked":"Backflip","floor":19},{"not_picked":["Flying Knee","Underhanded Strike"],"picked":"Dodge and Roll","floor":20},{"not_picked":["Sucker Punch","Backflip"],"picked":"PiercingWail+1","floor":21},{"not_picked":["Poisoned Stab+1","Leg Sweep+1"],"picked":"Infinite Blades","floor":24},{"not_picked":["Night Terror","Sucker Punch"],"picked":"Footwork","floor":27},{"not_picked":["Dodge and Roll","Sucker Punch+1"],"picked":"Leg Sweep","floor":29},{"not_picked":["Dagger Throw+1","Footwork+1"],"picked":"Blur","floor":31},{"not_picked":["Venomology","Bullet Time"],"picked":"Die Die Die","floor":33},{"not_picked":["PiercingWail","Reflex"],"picked":"Prepared+1","floor":34},{"not_picked":["Dagger Spray","Deflect"],"picked":"Caltrops","floor":34},{"not_picked":["Blur","Deadly Poison"],"picked":"Crippling Poison","floor":34},{"not_picked":["Distraction","Glass Knife"],"picked":"All Out Attack+1","floor":34},{"not_picked":["Caltrops","Riddle With Holes+1"],"picked":"Crippling Poison","floor":35},{"not_picked":["Good Instincts","Enlightenment"],"picked":"Mind Blast","floor":36},{"not_picked":["Deep Breath","Mind Blast"],"picked":"Madness","floor":36},{"not_picked":["Secret Technique","Panacea"],"picked":"Madness","floor":36},{"not_picked":["Deflect+1","Slice"],"picked":"Acrobatics+1","floor":37},{"not_picked":["Terror+1","Flying Knee+1"],"picked":"Prepared+1","floor":38},{"not_picked":["Outmaneuver+1","Slice+1"],"picked":"Malaise","floor":39},{"not_picked":["Deadly Poison+1","Terror+1"],"picked":"A Thousand Cuts","floor":40},{"not_picked":["Backstab+1","Reflex+1"],"picked":"Flying Knee+1","floor":42},{"not_picked":["Dagger Spray+1","Riddle With Holes+1"],"picked":"Backflip+1","floor":44},{"not_picked":["Deadly Poison","Malaise"],"picked":"Blur+1","floor":45},{"not_picked":["Blade Dance","Finisher+1"],"picked":"Noxious Fumes+1","floor":48}],"player_experience":27975,"potions_floor_usage":[],"damage_taken":[{"damage":4.0,"enemies":"Cultist","floor":1.0,"turns":5.0},{"damage":3,"enemies":"Jaw Worm","floor":2,"turns":5},{"damage":0,"enemies":"Small Slimes","floor":5,"turns":3},{"damage":20,"enemies":"3 Sentries","floor":6,"turns":9},{"damage":13,"enemies":"Gremlin Nob","floor":8,"turns":5},{"damage":0,"enemies":"Exordium Wildlife","floor":11,"turns":3},{"damage":0,"enemies":"Blue Slaver","floor":12,"turns":2},{"damage":2,"enemies":"Lagavulin","floor":13,"turns":5},{"damage":18,"enemies":"Slime Boss","floor":16,"turns":13},{"damage":0,"enemies":"Chosen","floor":18,"turns":5},{"damage":12,"enemies":"Shell Parasite","floor":19,"turns":4},{"damage":8,"enemies":"Centurion and Healer","floor":20,"turns":5},{"damage":15,"enemies":"Chosen and Byrds","floor":21,"turns":8},{"damage":19,"enemies":"Masked Bandits","floor":22,"turns":4},{"damage":9,"enemies":"Gremlin Leader","floor":24,"turns":6},{"damage":12,"enemies":"Slavers","floor":27,"turns":5},{"damage":1,"enemies":"Cultist and Chosen","floor":29,"turns":7},{"damage":3,"enemies":"Snake Plant","floor":31,"turns":3},{"damage":0,"enemies":"Collector","floor":33,"turns":8},{"damage":8,"enemies":"Flame Bruiser 1 Orb","floor":35,"turns":4},{"damage":1,"enemies":"3 Shapes","floor":37,"turns":2},{"damage":22,"enemies":"Spire Growth","floor":38,"turns":5},{"damage":9,"enemies":"4 Shapes","floor":39,"turns":4},{"damage":1,"enemies":"2 Orb Walkers","floor":40,"turns":3},{"damage":10,"enemies":"Nemesis","floor":42,"turns":9},{"damage":0,"enemies":"Maw","floor":44,"turns":8},{"damage":5,"enemies":"3 Darklings","floor":45,"turns":3},{"damage":3,"enemies":"Sphere and 2 Shapes","floor":48,"turns":4},{"damage":18,"enemies":"Donu and Deca","floor":50,"turns":9}],"relics_obtained":[{"floor":6,"key":"Vajra"},{"floor":8,"key":"Bottled Lightning"},{"floor":9,"key":"Paper Crane"},{"floor":13,"key":"Potion Belt"},{"floor":22,"key":"Red Mask"},{"floor":24,"key":"Tingsha"},{"floor":26,"key":"Bronze Scales"},{"floor":27,"key":"Torii"},{"floor":40,"key":"Lantern"},{"floor":42,"key":"Boot"},{"floor":43,"key":"Old Coin"}],"event_choices":[{"event_name":"Golden Wing","player_choice":"Card Removal","floor":4,"damage_taken":0},{"event_name":"Living Wall","player_choice":"Grow","floor":14,"damage_taken":0},{"event_name":"Masked Bandits","player_choice":"Fought over 357 gold","floor":22,"damage_taken":0},{"event_name":"Vampires","player_choice":"Became a vampire","floor":25,"damage_taken":0},{"event_name":"SensoryStone","player_choice":"Memory 3","floor":36,"damage_taken":0},{"event_name":"Mysterious Sphere","player_choice":"Ignore","floor":47,"damage_taken":0}],"boss_relics":[{"not_picked":["Velvet Choker","Runic Pyramid"],"picked":"Ectoplasm"},{"not_picked":["Snecko Eye","Runic Dome"],"picked":"Orrery"}],"items_purged_floors":[],"potions_floor_spawned":[5,6,8,18,19,20,21,24,35,40,42,44,45,48],"seed_played":"667993181682564291","ascension_level":0,"potions_obtained":[],"is_trial":false}