{"gold_per_floor":[115,115,127,143,154,179,179,197,245,75,75,75,75,93,93,188,188,207,207,17,32,6,6,22,22,104,134,49,49,66,76,76,76],"floor_reached":33,"playtime":2012,"items_purged":[],"score":307,"play_id":"a6844e00-89bd-4d76-acaa-2aff738c9e3c","local_time":"20190212111619","is_ascension_mode":true,"campfire_choices":[{"data":"Footwork","floor":7,"key":"SMITH"},{"data":"Mayhem","floor":13,"key":"SMITH"},{"floor":15,"key":"REST"},{"data":"A Thousand Cuts","floor":23,"key":"SMITH"},{"floor":25,"key":"REST"},{"floor":29,"key":"REST"},{"floor":32,"key":"REST"}],"neow_cost":"NONE","seed_source_timestamp":2671283563989071,"circlet_count":0,"master_deck":["Defend_G","Defend_G","Defend_G","Defend_G","Defend_G","Strike_G","Strike_G","Strike_G","Strike_G","Survivor","Neutralize+1","Dagger Spray","Sucker Punch","Quick Slash","Dagger Throw","Footwork+1","Choke","Acrobatics","Mayhem+1","Parasite","Skewer","A Thousand Cuts+1","Cloak And Dagger","Infinite Blades","Storm of Steel","PiercingWail","PiercingWail+1","Caltrops","Blur","Backflip"],"relics":["Ring of the Snake","Ice Cream","PreservedInsect","Velvet Choker","Pen Nib","Pear","Paper Crane","Dream Catcher"],"potions_floor_usage":[16,27,27,33,33,33],"damage_taken":[{"damage":0,"enemies":"Cultist","floor":1,"turns":4},{"damage":1,"enemies":"2 Louse","floor":3,"turns":2},{"damage":2,"enemies":"Jaw Worm","floor":4,"turns":5},{"damage":6,"enemies":"Exordium Thugs","floor":5,"turns":4},{"damage":23,"enemies":"Gremlin Nob","floor":6,"turns":5},{"damage":3,"enemies":"3 Louse","floor":8,"turns":2},{"damage":26,"enemies":"Exordium Wildlife","floor":14,"turns":6},{"damage":15,"enemies":"Slime Boss","floor":16,"turns":11},{"damage":18,"enemies":"3 Byrds","floor":18,"turns":5},{"damage":15,"enemies":"Spheric Guardian","floor":21,"turns":5},{"damage":7,"enemies":"Centurion and Healer","floor":24,"turns":8},{"damage":33,"enemies":"Gremlin Leader","floor":27,"turns":6},{"damage":28,"enemies":"Shelled Parasite and Fungi","floor":30,"turns":6},{"damage":18,"enemies":"Snake Plant","floor":31,"turns":5},{"damage":36,"enemies":"Automaton","floor":33,"turns":6}],"seed_played":"-699381305663461005","potions_obtained":[{"floor":1,"key":"Swift Potion"},{"floor":6,"key":"AttackPotion"},{"floor":18,"key":"EssenceOfSteel"},{"floor":24,"key":"SkillPotion"},{"floor":27,"key":"Fire Potion"},{"floor":30,"key":"SpeedPotion"}],"is_trial":false,"path_per_floor":["M","?","M","M","M","E","R","M","T","$","?","?","R","M","R","B",null,"M","?","$","M","$","R","M","R","T","E","?","R","M","M","R","B"],"character_chosen":"THE_SILENT","items_purchased":["Mayhem","Pen Nib","Infinite Blades","PiercingWail"],"campfire_rested":4,"item_purchase_floors":[10,20,20,22],"current_hp_per_floor":[70,70,69,67,61,38,38,35,35,35,52,52,52,26,47,32,70,52,52,52,37,37,37,30,51,61,28,28,52,24,6,30,0],"gold":76,"neow_bonus":"THREE_CARDS","is_prod":false,"is_daily":false,"chose_seed":false,"campfire_upgraded":3,"win_rate":0,"timestamp":1549941379,"path_taken":["M","?","?","M","M","E","R","M","T","?","?","?","R","M","R","BOSS","M","?","?","M","$","R","M","R","T","E","?","R","M","M","R","BOSS"],"build_version":"2019-01-23","purchased_purges":0,"victory":false,"max_hp_per_floor":[70,70,70,70,70,70,70,70,70,70,70,70,70,70,70,70,70,70,70,70,70,70,70,70,70,80,80,80,80,80,80,80,80],"card_choices":[{"not_picked":["Accuracy","Bane"],"picked":"Dagger Spray","floor":0},{"not_picked":["Calculated Gamble","Distraction"],"picked":"Sucker Punch","floor":1},{"not_picked":["Bane","Prepared"],"picked":"Quick Slash","floor":3},{"not_picked":["Eviscerate","Predator"],"picked":"Dagger Throw","floor":4},{"not_picked":["Sucker Punch","Reflex"],"picked":"Footwork","floor":5},{"not_picked":["Finisher","Dodge and Roll"],"picked":"Choke","floor":6},{"not_picked":["Bane","Flying Knee"],"picked":"Acrobatics","floor":8},{"not_picked":["Deflect","Underhanded Strike"],"picked":"Skewer","floor":14},{"not_picked":["Grand Finale","Tools of the Trade"],"picked":"A Thousand Cuts","floor":16},{"not_picked":["Outmaneuver","Poisoned Stab"],"picked":"Cloak And Dagger","floor":18},{"not_picked":["Deadly Poison","Dagger Throw"],"picked":"Storm of Steel","floor":21},{"not_picked":["Slice","Blade Dance"],"picked":"PiercingWail+1","floor":24},{"not_picked":["Riddle With Holes","Expertise","Slice"],"picked":"SKIP","floor":27},{"not_picked":["Tactician","Calculated Gamble"],"picked":"Caltrops","floor":29},{"not_picked":["Accuracy+1","Deadly Poison"],"picked":"Blur","floor":30},{"not_picked":["Catalyst+1","Outmaneuver","Flying Knee"],"picked":"SKIP","floor":31},{"not_picked":["Predator+1","Outmaneuver"],"picked":"Backflip","floor":32}],"player_experience":79656,"relics_obtained":[{"floor":6,"key":"Ice Cream"},{"floor":9,"key":"PreservedInsect"},{"floor":26,"key":"Pear"},{"floor":27,"key":"Paper Crane"}],"event_choices":[{"damage_healed":0,"gold_gain":0,"player_choice":"Upgraded","damage_taken":0,"max_hp_gain":0,"max_hp_loss":0,"event_name":"Upgrade Shrine","floor":2,"gold_loss":0,"cards_upgraded":["Neutralize"]},{"damage_healed":17,"gold_gain":0,"player_choice":"Healed and dodged fight","damage_taken":0,"max_hp_gain":0,"max_hp_loss":0,"event_name":"Mushrooms","floor":11,"gold_loss":0,"cards_obtained":["Parasite"]},{"damage_healed":0,"gold_gain":0,"player_choice":"Ignored","damage_taken":0,"max_hp_gain":0,"max_hp_loss":0,"event_name":"Liars Game","floor":12,"gold_loss":0},{"cards_removed":["Strike_G"],"damage_healed":0,"gold_gain":0,"player_choice":"Offered Basic","damage_taken":0,"max_hp_gain":0,"max_hp_loss":0,"event_name":"Bonfire Elementals","floor":19,"gold_loss":0},{"damage_healed":0,"gold_gain":0,"player_choice":"Obtained Relic","damage_taken":0,"relics_obtained":["Dream Catcher"],"max_hp_gain":0,"max_hp_loss":0,"event_name":"Addict","floor":28,"gold_loss":85}],"is_beta":false,"boss_relics":[{"not_picked":["Snecko Eye","Calling Bell"],"picked":"Velvet Choker"}],"items_purged_floors":[],"is_endless":false,"potions_floor_spawned":[1,3,6,18,24,27,30],"killed_by":"Automaton","ascension_level":3}