{"gold_per_floor":[119,136,155,175,189,189,201,201,227,227,238,273,283,300,300,378,378,391,87,87,104,116,116,128,128,128,156,206,239,239,249,249,327,327,337,337,239,255,255],"floor_reached":39,"playtime":1738,"items_purged":["Strike_G"],"score":712,"play_id":"8aff07c4-682f-4757-9476-b86c1ee85149","local_time":"20180803132252","is_ascension_mode":true,"campfire_choices":[{"data":"Neutralize","floor":6,"key":"SMITH"},{"data":"Dagger Spray","floor":10,"key":"SMITH"},{"data":"Terror","floor":15,"key":"SMITH"},{"floor":23,"key":"REST"},{"data":"Envenom","floor":25,"key":"SMITH"},{"floor":30,"key":"REST"},{"floor":32,"key":"REST"}],"neow_cost":"NONE","seed_source_timestamp":96557732806821,"circlet_count":0,"master_deck":["Defend_G","Defend_G","Defend_G","Defend_G","Defend_G","Strike_G","Strike_G","Strike_G+1","Survivor","Neutralize+1","AscendersBane","Dagger Throw","Cloak And Dagger","Dagger Spray+1","Dagger Throw","Slice","PiercingWail","Backstab","Well Laid Plans","Envenom+1","Sucker Punch+1","Infinite Blades","Dodge and Roll","Sucker Punch+1","Envenom","Bane+1","Sucker Punch+1"],"relics":["Ring of the Snake","Pen Nib","Anchor","Busted Crown","Paper Crane","Molten Egg 2","Red Mask","Whetstone","White Beast Statue"],"potions_floor_usage":[5,16,27,33,35,38],"damage_taken":[{"damage":0,"enemies":"Cultist","floor":1,"turns":6},{"damage":0,"enemies":"2 Louse","floor":2,"turns":3},{"damage":0,"enemies":"Small Slimes","floor":3,"turns":3},{"damage":0,"enemies":"Blue Slaver","floor":4,"turns":5},{"damage":8,"enemies":"Large Slime","floor":5,"turns":6},{"damage":2,"enemies":"2 Fungi Beasts","floor":7,"turns":4},{"damage":2,"enemies":"Blue Slaver","floor":11,"turns":3},{"damage":18,"enemies":"Gremlin Nob","floor":12,"turns":4},{"damage":0,"enemies":"3 Louse","floor":13,"turns":1},{"damage":4,"enemies":"Lots of Slimes","floor":14,"turns":2},{"damage":11,"enemies":"Hexaghost","floor":16,"turns":12},{"damage":6,"enemies":"2 Thieves","floor":18,"turns":4},{"damage":0,"enemies":"3 Byrds","floor":21,"turns":5},{"damage":19,"enemies":"3 Cultists","floor":22,"turns":6},{"damage":12,"enemies":"Chosen and Byrds","floor":24,"turns":7},{"damage":15,"floor":27,"turns":4},{"damage":19,"enemies":"Gremlin Leader","floor":29,"turns":7},{"damage":6,"enemies":"Snake Plant","floor":31,"turns":4},{"damage":29,"enemies":"Automaton","floor":33,"turns":11},{"damage":19,"enemies":"3 Darklings","floor":35,"turns":5},{"damage":33,"enemies":"3 Shapes","floor":38,"turns":8},{"damage":6,"enemies":"Flame Bruiser 2 Orb","floor":39,"turns":2}],"seed_played":"3440877255636149112","potions_obtained":[{"floor":3,"key":"SteroidPotion"},{"floor":4,"key":"SpeedPotion"},{"floor":12,"key":"AttackPotion"},{"floor":13,"key":"LiquidBronze"},{"floor":14,"key":"PowerPotion"},{"floor":22,"key":"Strength Potion"},{"floor":29,"key":"PowerPotion"},{"floor":33,"key":"FearPotion"},{"floor":35,"key":"SpeedPotion"},{"floor":38,"key":"SpeedPotion"}],"is_trial":false,"path_per_floor":["M","M","M","M","M","R","M","?","T","R","M","E","M","M","R","B",null,"M","$","?","M","M","R","M","R","T","?","?","E","R","M","R","B",null,"M","?","$","M"],"character_chosen":"THE_SILENT","items_purchased":["Paper Crane","Sucker Punch","Sucker Punch+1"],"campfire_rested":3,"item_purchase_floors":[19,19,37],"current_hp_per_floor":[65,65,65,65,57,57,55,48,48,48,46,28,28,24,24,13,57,51,51,51,51,32,53,41,41,41,26,26,7,28,22,43,14,58,39,39,39,6,0],"gold":255,"neow_bonus":"TEN_PERCENT_HP_BONUS","is_prod":false,"is_daily":false,"chose_seed":false,"campfire_upgraded":4,"win_rate":0,"timestamp":1533295372,"path_taken":["M","M","M","?","M","R","?","?","T","R","M","E","?","M","R","BOSS","M","$","?","M","M","R","M","R","T","?","?","E","R","M","R","BOSS","M","?","$","M","M"],"build_version":"2018-08-02","purchased_purges":1,"victory":false,"max_hp_per_floor":[72,72,72,72,72,72,72,72,72,72,72,72,72,72,72,72,72,72,72,72,72,72,72,72,72,72,72,72,72,72,72,72,72,72,72,72,72,72,72],"card_choices":[{"not_picked":["Underhanded Strike","Eviscerate"],"picked":"Dagger Throw","floor":1},{"not_picked":["Prepared","Outmaneuver"],"picked":"Cloak And Dagger","floor":2},{"not_picked":["Prepared","Blur"],"picked":"Dagger Spray","floor":3},{"not_picked":["Corpse Explosion","Underhanded Strike"],"picked":"Dagger Throw","floor":4},{"not_picked":["Blade Dance","Prepared"],"picked":"Slice","floor":5},{"not_picked":["Blade Dance","Calculated Gamble"],"picked":"PiercingWail","floor":7},{"not_picked":["Bane","Choke","Catalyst"],"picked":"SKIP","floor":11},{"not_picked":["Bane","Predator"],"picked":"Backstab","floor":12},{"not_picked":["Dagger Spray","Distraction"],"picked":"Well Laid Plans","floor":13},{"not_picked":["Catalyst","Quick Slash"],"picked":"Terror","floor":14},{"not_picked":["Glass Knife","Adrenaline"],"picked":"Envenom","floor":16},{"not_picked":["Blade Dance"],"picked":"SKIP","floor":18},{"not_picked":[],"picked":"Dodge and Roll","floor":21},{"not_picked":["Acrobatics"],"picked":"SKIP","floor":22},{"not_picked":["Slice"],"picked":"SKIP","floor":24},{"not_picked":["Prepared"],"picked":"SKIP","floor":29},{"not_picked":[],"picked":"Sucker Punch+1","floor":31},{"not_picked":[],"picked":"Envenom","floor":33},{"not_picked":[],"picked":"Bane+1","floor":35},{"not_picked":["Choke+1"],"picked":"SKIP","floor":38}],"player_experience":1254121,"relics_obtained":[{"floor":9,"key":"Pen Nib"},{"floor":12,"key":"Anchor"},{"floor":26,"key":"Molten Egg 2"},{"floor":27,"key":"Red Mask"},{"floor":29,"key":"Whetstone"}],"event_choices":[{"event_name":"Golden Wing","player_choice":"Card Removal","floor":8,"damage_taken":0},{"event_name":"The Library","player_choice":"Read","floor":20,"damage_taken":0},{"event_name":"Masked Bandits","player_choice":"Fought over 128 gold","floor":27,"damage_taken":0},{"event_name":"Golden Shrine","player_choice":"Pray","floor":28,"damage_taken":0},{"event_name":"Falling","player_choice":"Removed Skill","floor":36,"damage_taken":0}],"is_beta":false,"boss_relics":[{"not_picked":["Ectoplasm","Eternal Feather"],"picked":"Busted Crown"},{"not_picked":["Runic Pyramid","Coffee Dripper"],"picked":"White Beast Statue"}],"items_purged_floors":[37],"is_endless":false,"potions_floor_spawned":[3,4,12,13,14,22,29,33,35,38],"killed_by":"Flame Bruiser 2 Orb","ascension_level":15}