{"gold_per_floor":[110,110,110,133,158,158,191,15,39,60,100,100,135,148,148,267,267,261,274,274,291,128,128,43,43,89,107,142,242,102,113,113,113],"floor_reached":33,"playtime":3624,"items_purged":["Writhe","Strike_R","Strike_R"],"score":367,"play_id":"55fb1452-3758-4d90-9fee-4bd48c5c41cd","local_time":"20180703133222","is_ascension_mode":true,"campfire_choices":[{"data":"Armaments","floor":6,"key":"SMITH"},{"data":"Metallicize","floor":12,"key":"SMITH"},{"data":"Metallicize","floor":15,"key":"SMITH"},{"data":"Armaments","floor":23,"key":"SMITH"},{"data":"Limit Break","floor":25,"key":"SMITH"},{"floor":32,"key":"REST"}],"neow_cost":"CURSE","seed_source_timestamp":574123317212424,"circlet_count":0,"master_deck":["Defend_R","Defend_R","Defend_R","Bash","Pummel","Armaments+1","Pummel","Metallicize+1","Whirlwind","Metallicize+1","Inflame","Limit Break+1","Evolve+1","Armaments+1","Reckless Charge","Warcry","Ghostly Armor","Ghostly Armor"],"relics":["Burning Blood","Singing Bowl","Bloody Idol","The Courier","Ancient Tea Set","Pen Nib","Incense Burner","Empty Cage","Boot","Strawberry","Unceasing Top"],"potions_floor_usage":[7,13,16,18,28,33,33,33],"damage_taken":[{"damage":3,"enemies":"Jaw Worm","floor":1,"turns":4},{"damage":1,"enemies":"2 Louse","floor":4,"turns":3},{"damage":1,"enemies":"Cultist","floor":5,"turns":4},{"damage":36,"enemies":"Gremlin Nob","floor":7,"turns":5},{"damage":2,"enemies":"Blue Slaver","floor":10,"turns":5},{"damage":16,"enemies":"3 Sentries","floor":11,"turns":6},{"damage":19,"enemies":"Lagavulin","floor":13,"turns":7},{"damage":0,"enemies":"3 Louse","floor":14,"turns":1},{"damage":20,"enemies":"Hexaghost","floor":16,"turns":10},{"damage":13,"enemies":"2 Thieves","floor":18,"turns":4},{"damage":8,"enemies":"Spheric Guardian","floor":19,"turns":6},{"damage":5,"enemies":"Snake Plant","floor":21,"turns":5},{"damage":20,"enemies":"Centurion and Healer","floor":27,"turns":5},{"damage":51,"enemies":"Slavers","floor":28,"turns":9},{"damage":6,"enemies":"Sentry and Sphere","floor":31,"turns":10},{"damage":97,"enemies":"Automaton","floor":33,"turns":12}],"seed_played":"5735782022455188708","potions_obtained":[{"floor":4,"key":"EssenceOfSteel"},{"floor":7,"key":"Poison Potion"},{"floor":11,"key":"Energy Potion"},{"floor":13,"key":"Dexterity Potion"},{"floor":16,"key":"Swift Potion"},{"floor":18,"key":"PowerPotion"},{"floor":27,"key":"Swift Potion"}],"is_trial":false,"path_per_floor":["M","?","?","M","M","R","E","$","T","M","E","R","E","M","R","B",null,"M","M","?","M","$","R","?","R","T","M","E","?","$","M","R"],"character_chosen":"IRONCLAD","items_purchased":["Whirlwind","Metallicize","Reckless Charge","Warcry","Strength Potion"],"campfire_rested":1,"item_purchase_floors":[8,8,22,22,30],"current_hp_per_floor":[80,68,68,73,76,76,48,48,48,54,46,46,35,41,41,27,84,77,77,77,83,83,83,83,83,93,84,44,49,49,56,84,0],"gold":113,"neow_bonus":"TRANSFORM_TWO_CARDS","is_prod":false,"is_daily":false,"chose_seed":false,"campfire_upgraded":5,"win_rate":0,"timestamp":1530642742,"path_taken":["M","?","?","M","M","R","E","$","T","M","E","R","E","?","R","BOSS","M","M","?","M","$","R","?","R","T","M","E","?","$","M","R","BOSS"],"build_version":"2018-07-02","purchased_purges":3,"victory":false,"max_hp_per_floor":[80,80,74,74,76,76,78,78,78,80,82,82,84,84,84,84,84,84,86,86,86,86,86,86,86,93,93,93,93,93,95,95,95],"card_choices":[{"not_picked":["Flex","Wild Strike"],"picked":"Pummel","floor":1},{"not_picked":["Armaments","Infernal Blade"],"picked":"Metallicize","floor":4},{"not_picked":["Thunderclap","Perfected Strike","Inflame"],"picked":"Singing Bowl","floor":5},{"not_picked":["Twin Strike","Flex","Shrug It Off"],"picked":"Singing Bowl","floor":7},{"not_picked":["Warcry","Whirlwind","Shrug It Off"],"picked":"Singing Bowl","floor":10},{"not_picked":["Pommel Strike","Power Through","Headbutt"],"picked":"Singing Bowl","floor":11},{"not_picked":["Twin Strike","Power Through","Rupture"],"picked":"Singing Bowl","floor":13},{"not_picked":["Rage","Dual Wield"],"picked":"Inflame","floor":14},{"not_picked":["Berserk","Barricade"],"picked":"Limit Break","floor":16},{"not_picked":["Spot Weakness+1","Whirlwind"],"picked":"Evolve+1","floor":18},{"not_picked":["Sword Boomerang+1","Warcry","Pummel+1"],"picked":"Singing Bowl","floor":19},{"not_picked":["Metallicize","Dropkick"],"picked":"Armaments","floor":21},{"not_picked":["Perfected Strike","Anger"],"picked":"Ghostly Armor","floor":27},{"not_picked":["Evolve+1","Sentinel+1"],"picked":"Ghostly Armor","floor":28},{"not_picked":["Immolate","Spot Weakness","Shrug It Off"],"picked":"Singing Bowl","floor":31}],"player_experience":252017,"relics_obtained":[{"floor":7,"key":"The Courier"},{"floor":9,"key":"Ancient Tea Set"},{"floor":11,"key":"Pen Nib"},{"floor":13,"key":"Incense Burner"},{"floor":26,"key":"Strawberry"},{"floor":28,"key":"Unceasing Top"}],"event_choices":[{"event_name":"Scrap Ooze","player_choice":"success","floor":2,"damage_taken":12},{"event_name":"Golden Idol","player_choice":"Lose Max HP","floor":3,"damage_taken":0},{"event_name":"Forgotten Altar","player_choice":"Gave Idol","floor":20,"damage_taken":0},{"event_name":"Addict","player_choice":"Obtained Relic","floor":24,"damage_taken":0},{"event_name":"Golden Shrine","player_choice":"Pray","floor":29,"damage_taken":0}],"boss_relics":[{"not_picked":["White Beast Statue","Ectoplasm"],"picked":"Empty Cage"}],"items_purged_floors":[8,22,30],"is_endless":false,"potions_floor_spawned":[4,7,11,13,16,18,27],"killed_by":"Automaton","ascension_level":4}