{"gold_per_floor":[118,134,134,148,162,191,210,210,210,221,30,50,50,50,50,50],"floor_reached":16,"playtime":1212,"items_purged":["Strike_R"],"score":104,"play_id":"207d0d0c-3e15-49fb-b505-31a7fcb5d54b","local_time":"20190212192259","is_ascension_mode":false,"campfire_choices":[{"data":"Armaments","floor":8,"key":"SMITH"},{"data":"Warcry","floor":13,"key":"SMITH"},{"data":"Armaments","floor":15,"key":"SMITH"}],"neow_cost":"NONE","seed_source_timestamp":2701282806369945,"circlet_count":0,"master_deck":["Strike_R","Strike_R","Strike_R","Strike_R","Defend_R","Defend_R","Defend_R","Defend_R","Bash","Armaments+1","Ghostly Armor","Uppercut","Offering","Armaments+1","Warcry+1","Shockwave"],"relics":["Burning Blood","Vajra","FossilizedHelix","Ornamental Fan","Tiny Chest","PreservedInsect"],"potions_floor_usage":[6,16],"damage_taken":[{"damage":0,"enemies":"2 Louse","floor":1,"turns":2},{"damage":6,"enemies":"Jaw Worm","floor":2,"turns":5},{"damage":3,"enemies":"Small Slimes","floor":4,"turns":5},{"damage":4,"enemies":"Looter","floor":5,"turns":4},{"damage":30,"enemies":"Gremlin Nob","floor":6,"turns":4},{"damage":3,"enemies":"2 Fungi Beasts","floor":7,"turns":4},{"damage":6,"enemies":"Red Slaver","floor":10,"turns":4},{"damage":6,"enemies":"Gremlin Gang","floor":12,"turns":10},{"damage":68,"enemies":"Hexaghost","floor":16,"turns":16}],"seed_played":"-348555770237809135","potions_obtained":[{"floor":2,"key":"EssenceOfSteel"},{"floor":6,"key":"LiquidBronze"},{"floor":10,"key":"Weak Potion"},{"floor":12,"key":"Weak Potion"}],"is_trial":false,"path_per_floor":["M","M","?","M","M","E","M","R","T","M","$","M","R","T","R","B"],"character_chosen":"IRONCLAD","items_purchased":["Tiny Chest"],"campfire_rested":0,"item_purchase_floors":[11],"current_hp_per_floor":[80,80,85,85,85,61,64,64,64,64,64,64,64,64,64,0],"gold":50,"neow_bonus":"RANDOM_COMMON_RELIC","is_prod":false,"is_daily":false,"chose_seed":false,"campfire_upgraded":3,"win_rate":0.0,"timestamp":1549970579,"path_taken":["M","M","?","M","M","E","M","R","T","M","$","M","R","?","R","BOSS"],"build_version":"2019-01-23","purchased_purges":1,"victory":false,"max_hp_per_floor":[80,80,85,85,85,85,85,85,85,85,85,85,85,85,85,85],"card_choices":[{"not_picked":["True Grit","Headbutt"],"picked":"Armaments","floor":1},{"not_picked":["Headbutt","Uppercut"],"picked":"Ghostly Armor","floor":2},{"not_picked":["Clash","Headbutt"],"picked":"Uppercut","floor":4},{"not_picked":["Flex","Thunderclap"],"picked":"Offering","floor":5},{"not_picked":["Flex","Perfected Strike"],"picked":"Armaments","floor":6},{"not_picked":["Rupture","Headbutt"],"picked":"Warcry","floor":7},{"not_picked":["Body Slam","Sword Boomerang","Rupture"],"picked":"SKIP","floor":10},{"not_picked":["Warcry","Twin Strike"],"picked":"Shockwave","floor":12}],"player_experience":92540,"relics_obtained":[{"floor":6,"key":"FossilizedHelix"},{"floor":9,"key":"Ornamental Fan"},{"floor":14,"key":"PreservedInsect"}],"event_choices":[{"damage_healed":0,"gold_gain":0,"player_choice":"Donut","damage_taken":0,"max_hp_gain":5,"max_hp_loss":0,"event_name":"Big Fish","floor":3,"gold_loss":0}],"is_beta":false,"boss_relics":[],"items_purged_floors":[11],"is_endless":false,"potions_floor_spawned":[2,6,10,12],"killed_by":"Hexaghost","ascension_level":0}