{"gold_per_floor":[109,359,23,33,44,44,71,71,95,125,75,104,104,117,117,222,222,237,237,35,0,0,32,32,57,57,57,92,32],"floor_reached":29,"playtime":1713,"items_purged":["Regret"],"score":368,"play_id":"1eb21505-eebf-4a3e-8208-36273c316288","local_time":"20180713223615","is_ascension_mode":true,"campfire_choices":[{"data":"Endless Agony","floor":6,"key":"SMITH"},{"floor":13,"key":"REST"},{"data":"Noxious Fumes","floor":15,"key":"SMITH"},{"floor":24,"key":"REST"},{"floor":27,"key":"REST"}],"neow_cost":"NONE","seed_source_timestamp":174034894086973,"circlet_count":0,"master_deck":["Defend_G","Defend_G","Defend_G","Defend_G","Defend_G","Strike_G","Strike_G","Strike_G","Strike_G","Strike_G","Survivor","Neutralize+1","Endless Agony+1","Deadly Poison+1","Deadly Poison+1","Phantasmal Killer+1","Cloak And Dagger+1","Deadly Poison+1","Crippling Poison+1","Noxious Fumes+1","Burst+1","Eviscerate+1","Prepared+1","Outmaneuver+1","Calculated Gamble+1","Flying Knee+1","Leg Sweep+1"],"relics":["Lizard Tail","Toxic Egg 2","Vajra","Snake Skull","Shuriken","Happy Flower","Busted Crown","Juzu Bracelet","Oddly Smooth Stone","Dodecahedron","Bag of Marbles","Ornamental Fan"],"potions_floor_usage":[12,23],"damage_taken":[{"damage":4,"enemies":"Small Slimes","floor":1,"turns":5},{"damage":5,"enemies":"Cultist","floor":4,"turns":4},{"damage":1,"enemies":"2 Louse","floor":5,"turns":2},{"damage":30,"enemies":"Lagavulin","floor":7,"turns":6},{"damage":35,"enemies":"3 Sentries","floor":10,"turns":9},{"damage":0,"enemies":"Lagavulin","floor":12,"turns":2},{"damage":13,"enemies":"Blue Slaver","floor":14,"turns":2},{"damage":14,"enemies":"The Guardian","floor":16,"turns":7},{"damage":20,"enemies":"Shell Parasite","floor":18,"turns":5},{"damage":27,"enemies":"Slavers","floor":23,"turns":6},{"damage":15,"enemies":"Gremlin Leader","floor":25,"turns":4},{"damage":33,"enemies":"Book of Stabbing","floor":28,"turns":5},{"damage":19,"enemies":"2 Thieves","floor":29,"turns":2}],"seed_played":"-5283823797893526254","potions_obtained":[{"floor":10,"key":"SteroidPotion"},{"floor":14,"key":"EssenceOfSteel"},{"floor":16,"key":"Energy Potion"},{"floor":18,"key":"LiquidBronze"}],"is_trial":false,"path_per_floor":["M","?","$","M","M","R","E","?","T","E","$","E","R","M","R","B",null,"M","?","$","?","?","E","R","E","T","R","E"],"character_chosen":"THE_SILENT","items_purchased":["Toxic Egg 2","Deadly Poison+1","Juzu Bracelet","Outmaneuver+1"],"campfire_rested":3,"item_purchase_floors":[3,11,20,20],"current_hp_per_floor":[66,66,66,61,60,60,30,30,30,35,35,35,56,43,43,29,70,50,50,50,50,50,23,44,29,29,50,17,0],"gold":32,"neow_bonus":"BOSS_RELIC","is_prod":false,"is_daily":false,"chose_seed":false,"campfire_upgraded":2,"win_rate":0,"timestamp":1531487175,"path_taken":["M","?","$","M","M","R","E","?","T","E","$","E","R","M","R","BOSS","M","?","$","?","?","E","R","E","T","R","E","M"],"build_version":"2018-07-12","purchased_purges":1,"victory":false,"max_hp_per_floor":[70,70,70,70,70,70,70,70,70,70,70,70,70,70,70,70,70,70,70,70,70,70,70,70,70,70,70,70,70],"card_choices":[{"not_picked":["Deadly Poison","Choke"],"picked":"Endless Agony","floor":1},{"not_picked":["PiercingWail+1","Poisoned Stab"],"picked":"Deadly Poison+1","floor":4},{"not_picked":["Malaise+1","Outmaneuver+1"],"picked":"Deadly Poison+1","floor":5},{"not_picked":["Dagger Throw","Deadly Poison+1"],"picked":"Phantasmal Killer+1","floor":7},{"not_picked":["Dodge and Roll+1","Sucker Punch"],"picked":"Cloak And Dagger+1","floor":10},{"not_picked":["Flying Knee","Adrenaline+1"],"picked":"Crippling Poison+1","floor":12},{"not_picked":["Reflex+1","Sucker Punch"],"picked":"Noxious Fumes","floor":14},{"not_picked":["A Thousand Cuts","Doppelganger+1"],"picked":"Burst+1","floor":16},{"not_picked":[],"picked":"Eviscerate+1","floor":18},{"not_picked":[],"picked":"Calculated Gamble+1","floor":23},{"not_picked":[],"picked":"Flying Knee+1","floor":25},{"not_picked":[],"picked":"Leg Sweep+1","floor":28}],"player_experience":114564,"relics_obtained":[{"floor":7,"key":"Vajra"},{"floor":9,"key":"Snake Skull"},{"floor":10,"key":"Shuriken"},{"floor":12,"key":"Happy Flower"},{"floor":23,"key":"Oddly Smooth Stone"},{"floor":25,"key":"Dodecahedron"},{"floor":26,"key":"Bag of Marbles"},{"floor":28,"key":"Ornamental Fan"}],"event_choices":[{"event_name":"Golden Shrine","player_choice":"Desecrate","floor":2,"damage_taken":0},{"event_name":"Upgrade Shrine","player_choice":"Upgraded","floor":8,"damage_taken":0},{"event_name":"The Library","player_choice":"Read","floor":19,"damage_taken":0},{"event_name":"Masked Bandits","player_choice":"Paid Bandits 35 gold","floor":21,"damage_taken":0},{"event_name":"Addict","player_choice":"Ignored","floor":22,"damage_taken":0}],"boss_relics":[{"not_picked":["Philosopher\u0027s Stone","White Beast Statue"],"picked":"Busted Crown"}],"items_purged_floors":[3],"is_endless":false,"potions_floor_spawned":[10,14,16,18],"killed_by":"2 Thieves","ascension_level":3}