{"gold_per_floor":[117,117,131,306,322,322,333,333,333,353,73,85,85,119,119,243,243,266,356,369,73,91,91,116,116,116,116,46,62,62,85,85,85],"floor_reached":33,"playtime":1620,"items_purged":[],"score":299,"play_id":"e556d75b-cccc-41da-8ca8-c6a99f754408","local_time":"20190207205433","is_ascension_mode":true,"campfire_choices":[{"floor":6,"key":"REST"},{"floor":15,"key":"REST"},{"floor":23,"key":"REST"},{"floor":25,"key":"REST"},{"floor":27,"key":"REST"},{"floor":32,"key":"REST"}],"neow_cost":"PERCENT_DAMAGE","seed_source_timestamp":2274363490646033,"circlet_count":0,"master_deck":["Survivor","Neutralize","Poisoned Stab","Flying Knee","Cloak And Dagger","Caltrops","Dash","Adrenaline","Backflip","Injury","Predator","Die Die Die","Caltrops","Deadly Poison","Choke","Flechettes","Catalyst","Underhanded Strike","Venomology","Deadly Poison","All Out Attack","Doppelganger","Prepared","Deadly Poison","Crippling Poison+1","Underhanded Strike","Footwork","Quick Slash","Backflip"],"relics":["Ring of the Snake","Calipers","Ginger","Dodecahedron","HandDrill","Golden Idol","Anchor","Pandora\u0027s Box","The Specimen","Mango"],"potions_floor_usage":[13,14,16,29,31],"damage_taken":[{"damage":0,"enemies":"2 Louse","floor":1,"turns":3},{"damage":0,"enemies":"Cultist","floor":3,"turns":3},{"damage":4,"enemies":"Small Slimes","floor":5,"turns":3},{"damage":3,"enemies":"Looter","floor":7,"turns":4},{"damage":6,"enemies":"Blue Slaver","floor":10,"turns":3},{"damage":12,"enemies":"Large Slime","floor":12,"turns":5},{"damage":6,"enemies":"Gremlin Nob","floor":14,"turns":4},{"damage":51,"enemies":"Slime Boss","floor":16,"turns":15},{"damage":21,"enemies":"Shell Parasite","floor":18,"turns":5},{"damage":13,"enemies":"2 Thieves","floor":20,"turns":4},{"damage":9,"enemies":"Snake Plant","floor":22,"turns":3},{"damage":38,"enemies":"Shelled Parasite and Fungi","floor":24,"turns":6},{"damage":24,"enemies":"Snecko","floor":29,"turns":5},{"damage":26,"enemies":"Cultist and Chosen","floor":31,"turns":6},{"damage":50,"enemies":"Automaton","floor":33,"turns":6}],"seed_played":"-5017340359916808340","potions_obtained":[{"floor":10,"key":"Fruit Juice"},{"floor":12,"key":"SteroidPotion"},{"floor":14,"key":"Block Potion"},{"floor":16,"key":"Strength Potion"},{"floor":22,"key":"EssenceOfSteel"},{"floor":29,"key":"EssenceOfSteel"},{"floor":31,"key":"Fire Potion"}],"is_trial":false,"path_per_floor":["M","?","M","?","M","R","M","?","T","M","$","M","?","E","R","B",null,"M","?","M","$","M","R","M","R","T","R","$","M","?","M","R","B"],"character_chosen":"THE_SILENT","items_purchased":["Adrenaline","HandDrill","The Specimen","Footwork"],"campfire_rested":6,"item_purchase_floors":[11,11,21,28],"current_hp_per_floor":[49,49,49,49,45,66,63,56,56,50,50,38,43,37,59,8,75,54,40,27,27,18,40,2,24,38,64,64,40,40,14,40,0],"gold":85,"neow_bonus":"ONE_RARE_RELIC","is_prod":false,"is_daily":false,"chose_seed":false,"campfire_upgraded":0,"win_rate":0,"timestamp":1549544073,"path_taken":["M","?","?","?","M","R","M","?","T","M","?","M","?","E","R","BOSS","M","?","M","$","M","R","M","R","T","R","?","?","?","?","R","BOSS"],"build_version":"2019-01-23","purchased_purges":0,"victory":false,"max_hp_per_floor":[70,70,70,70,70,70,70,70,70,70,70,70,75,75,75,75,75,75,75,75,75,75,75,75,75,89,89,89,89,89,89,89,89],"card_choices":[{"not_picked":["Prepared","Choke"],"picked":"Poisoned Stab","floor":1},{"not_picked":["Slice","Blade Dance"],"picked":"Flying Knee","floor":3},{"not_picked":["Bouncing Flask","Eviscerate"],"picked":"Cloak And Dagger","floor":5},{"not_picked":["Slice","Deadly Poison"],"picked":"Caltrops","floor":7},{"not_picked":["Sucker Punch","Dodge and Roll"],"picked":"Dash","floor":10},{"not_picked":["Deflect","Underhanded Strike"],"picked":"Backflip","floor":12},{"not_picked":["Bane","Dagger Throw"],"picked":"Predator","floor":14},{"not_picked":["Malaise","Tools of the Trade"],"picked":"Die Die Die","floor":16},{"not_picked":["Bane","Masterful Stab"],"picked":"Prepared","floor":18},{"not_picked":["Choke","Terror"],"picked":"Deadly Poison","floor":20},{"not_picked":["Deflect","Slice"],"picked":"Crippling Poison+1","floor":22},{"not_picked":["Deadly Poison","Bane"],"picked":"Underhanded Strike","floor":24},{"not_picked":["Accuracy+1","Outmaneuver+1"],"picked":"Quick Slash","floor":29},{"not_picked":["Glass Knife","Underhanded Strike"],"picked":"Backflip","floor":31}],"player_experience":54690,"relics_obtained":[{"floor":9,"key":"Dodecahedron"},{"floor":14,"key":"Anchor"},{"floor":26,"key":"Mango"}],"event_choices":[{"damage_healed":0,"gold_gain":0,"player_choice":"Bought 0 Potions","damage_taken":0,"max_hp_gain":0,"max_hp_loss":0,"event_name":"The Woman in Blue","floor":2,"gold_loss":0},{"damage_healed":0,"gold_gain":175,"player_choice":"AGREE","damage_taken":0,"max_hp_gain":0,"max_hp_loss":0,"event_name":"Liars Game","floor":4,"gold_loss":0,"cards_obtained":["Doubt"]},{"damage_healed":0,"gold_gain":0,"player_choice":"Success","damage_taken":7,"relics_obtained":["Ginger"],"max_hp_gain":0,"max_hp_loss":0,"event_name":"Scrap Ooze","floor":8,"gold_loss":0},{"damage_healed":0,"gold_gain":0,"player_choice":"Take Wound","damage_taken":0,"relics_obtained":["Golden Idol"],"max_hp_gain":0,"max_hp_loss":0,"event_name":"Golden Idol","floor":13,"gold_loss":0,"cards_obtained":["Injury"]},{"damage_healed":0,"gold_gain":90,"player_choice":"GOLD ","damage_taken":14,"max_hp_gain":0,"max_hp_loss":0,"event_name":"Knowing Skull","floor":19,"potions_obtained":[],"gold_loss":0,"cards_obtained":[]},{"cards_removed":["Doubt"],"damage_healed":0,"gold_gain":0,"player_choice":"Purged","damage_taken":0,"max_hp_gain":0,"max_hp_loss":0,"event_name":"Purifier","floor":30,"gold_loss":0}],"is_beta":false,"boss_relics":[{"not_picked":["Astrolabe","Ectoplasm"],"picked":"Pandora\u0027s Box"}],"items_purged_floors":[],"is_endless":false,"potions_floor_spawned":[10,12,14,16,22,29,31],"killed_by":"Automaton","ascension_level":2}