{"gold_per_floor":[117,192,203,221,239,266,278,310,348,360],"floor_reached":10,"playtime":699,"items_purged":[],"score":77,"play_id":"dc7ba2e0-f9d4-4ff6-8872-1e1eca65eb99","local_time":"20190208170036","is_ascension_mode":true,"campfire_choices":[{"floor":7,"key":"REST"}],"neow_cost":"NONE","seed_source_timestamp":2347644857904761,"circlet_count":0,"master_deck":["Defend_G","Defend_G","Defend_G","Defend_G","Defend_G","Strike_G","Strike_G","Strike_G","Strike_G","Strike_G","Survivor","Neutralize","PiercingWail","Distraction","Quick Slash","Dodge and Roll","Dagger Spray","Cloak And Dagger","Backflip"],"relics":["Ring of the Snake","MawBank","Ancient Tea Set"],"potions_floor_usage":[6,10],"damage_taken":[{"damage":7,"enemies":"Jaw Worm","floor":1,"turns":6},{"damage":10,"enemies":"Cultist","floor":3,"turns":6},{"damage":1,"enemies":"2 Louse","floor":4,"turns":4},{"damage":7,"enemies":"2 Fungi Beasts","floor":5,"turns":6},{"damage":16,"enemies":"3 Sentries","floor":6,"turns":10},{"damage":0,"enemies":"3 Louse","floor":8,"turns":3},{"damage":51,"enemies":"Gremlin Nob","floor":10,"turns":5}],"seed_played":"7611160354637369549","potions_obtained":[{"floor":3,"key":"Poison Potion"},{"floor":4,"key":"PowerPotion"},{"floor":8,"key":"Explosive Potion"}],"is_trial":false,"path_per_floor":["M","?","M","M","M","E","R","M","T","?"],"character_chosen":"THE_SILENT","items_purchased":[],"campfire_rested":1,"item_purchase_floors":[],"current_hp_per_floor":[63,56,46,45,38,22,43,43,43,0],"gold":360,"neow_bonus":"THREE_CARDS","is_prod":false,"is_daily":false,"chose_seed":false,"campfire_upgraded":0,"win_rate":0,"timestamp":1549616436,"path_taken":["M","?","M","M","M","E","R","?","T","?"],"build_version":"2019-01-23","purchased_purges":0,"victory":false,"max_hp_per_floor":[70,70,70,70,70,70,70,70,70,70],"card_choices":[{"not_picked":["Dagger Spray","Bane"],"picked":"PiercingWail","floor":0},{"not_picked":["Bane","Quick Slash"],"picked":"Distraction","floor":1},{"not_picked":["PiercingWail","Outmaneuver"],"picked":"Quick Slash","floor":3},{"not_picked":["Tools of the Trade","Outmaneuver"],"picked":"Dodge and Roll","floor":4},{"not_picked":["Flying Knee","Reflex"],"picked":"Dagger Spray","floor":5},{"not_picked":["Bane","Outmaneuver"],"picked":"Cloak And Dagger","floor":6},{"not_picked":["Quick Slash","Slice"],"picked":"Backflip","floor":8}],"player_experience":59692,"relics_obtained":[{"floor":6,"key":"MawBank"},{"floor":9,"key":"Ancient Tea Set"}],"event_choices":[{"damage_healed":0,"gold_gain":75,"player_choice":"Touch","damage_taken":7,"max_hp_gain":0,"max_hp_loss":0,"event_name":"FaceTrader","floor":2,"gold_loss":0},{"damage_healed":0,"gold_gain":0,"player_choice":"Searched \u00272\u0027 times","damage_taken":0,"max_hp_gain":0,"max_hp_loss":0,"event_name":"Dead Adventurer","floor":10,"gold_loss":0}],"is_beta":false,"boss_relics":[],"items_purged_floors":[],"is_endless":false,"potions_floor_spawned":[3,4,8],"killed_by":"Gremlin Nob","ascension_level":2}