{"gold_per_floor":[110,124,143,157,37,37,37,93,120,120,148,148,148,166,166,270,270,289,299,314,314,10,10,10,10,10,43,70,86,111,121,121,121],"floor_reached":33,"playtime":2754,"items_purged":["Strike_G"],"score":453,"play_id":"e34308bc-c12a-444f-8333-bc585af32e9e","local_time":"20180731111444","is_ascension_mode":true,"campfire_choices":[{"data":"Cloak And Dagger","floor":6.0,"key":"SMITH"},{"floor":10.0,"key":"REST"},{"data":"Caltrops","floor":12.0,"key":"SMITH"},{"data":"Dodge and Roll","floor":15.0,"key":"SMITH"},{"floor":23,"key":"REST"},{"floor":32,"key":"REST"}],"neow_cost":"","seed_source_timestamp":0,"circlet_count":0,"master_deck":["Defend_G+1","Defend_G+1","Defend_G+1","Defend_G+1","Defend_G+1","Survivor","Neutralize","Cloak And Dagger+1","Backstab","Caltrops+1","Dodge and Roll+1","Backflip","Poisoned Stab","Malaise","Blade Dance+1","Infinite Blades","Acrobatics","Noxious Fumes","Dash","Bite","Bite","Bite","Bite","Bite","Dodge and Roll","PiercingWail+1","Backflip","Well Laid Plans","Predator"],"special_seed":0,"relics":["Ring of the Snake","Tiny Chest","Art of War","Boot","Gremlin Horn","Fusion Hammer","Omamori","Shuriken","Bottled Lightning","Red Mask","Toxic Egg 2"],"potions_floor_usage":[27,30],"damage_taken":[{"damage":0.0,"enemies":"2 Louse","floor":1.0,"turns":5.0},{"damage":0.0,"enemies":"Cultist","floor":2.0,"turns":4.0},{"damage":0.0,"enemies":"Jaw Worm","floor":3.0,"turns":5.0},{"damage":6.0,"enemies":"Exordium Thugs","floor":4.0,"turns":6.0},{"damage":40.0,"enemies":"Gremlin Nob","floor":8.0,"turns":6.0},{"damage":4.0,"enemies":"3 Sentries","floor":11.0,"turns":10.0},{"damage":3.0,"enemies":"Blue Slaver","floor":14.0,"turns":3.0},{"damage":17.0,"enemies":"Hexaghost","floor":16.0,"turns":11.0},{"damage":1.0,"enemies":"Chosen","floor":18.0,"turns":5.0},{"damage":1,"enemies":"Shell Parasite","floor":19,"turns":5},{"damage":16,"enemies":"Cultist and Chosen","floor":20,"turns":7},{"damage":19,"enemies":"Book of Stabbing","floor":27,"turns":5},{"damage":8,"floor":28,"turns":5},{"damage":0,"enemies":"Snecko","floor":29,"turns":7},{"damage":14,"enemies":"Slavers","floor":30,"turns":5},{"damage":1,"enemies":"Centurion and Healer","floor":31,"turns":5},{"damage":79,"enemies":"Champ","floor":33,"turns":9}],"seed_played":"5783385706285943484","potions_obtained":[{"floor":11.0,"key":"Dexterity Potion"},{"floor":14.0,"key":"Explosive Potion"},{"floor":16.0,"key":"Explosive Potion"},{"floor":18.0,"key":"SteroidPotion"},{"floor":25,"key":"Fruit Juice"},{"floor":25,"key":"PowerPotion"},{"floor":28,"key":"FearPotion"}],"is_trial":false,"path_per_floor":["M","M","M","M","$","R","?","E","T","R","E","R","T","M","R","B",null,"M","M","M","?","$","R","?","?","T","E","?","M","E","M","R"],"character_chosen":"THE_SILENT","items_purchased":["Dodge and Roll","Omamori","Noxious Fumes","Dash"],"campfire_rested":3,"item_purchase_floors":[5,22,22,22],"current_hp_per_floor":[63,63,63,57,57,57,57,17,17,38,34,34,34,31,31,14,56,55,54,38,38,38,59,49,49,49,37,43,49,41,46,54,0],"gold":121,"neow_bonus":"","is_prod":false,"is_daily":false,"chose_seed":false,"campfire_upgraded":3,"win_rate":0,"timestamp":1533028484,"path_taken":["M","M","M","M","$","R","?","E","T","R","E","R","?","M","R","BOSS","M","M","M","?","$","R","?","?","T","E","?","M","E","M","R","BOSS"],"build_version":"2018-07-30","purchased_purges":1,"victory":false,"max_hp_per_floor":[70,70,70,70,70,70,70,70,70,70,70,70,70,70,70,70,70,70,70,70,70,70,70,49,49,49,54,54,54,54,54,54,54],"card_choices":[{"not_picked":["Prepared","Dagger Throw"],"picked":"Cloak And Dagger","floor":1.0},{"not_picked":["Deadly Poison","Caltrops"],"picked":"Backstab","floor":2.0},{"not_picked":["Prepared","Choke","Outmaneuver"],"picked":"SKIP","floor":3.0},{"not_picked":["Finisher","Flechettes"],"picked":"Caltrops","floor":4.0},{"not_picked":["Escape Plan","Dagger Throw"],"picked":"Backflip","floor":8.0},{"not_picked":["Dagger Spray","Deflect"],"picked":"Poisoned Stab","floor":11.0},{"not_picked":["Prepared","Deflect","Bane"],"picked":"SKIP","floor":14.0},{"not_picked":["Wraith Form v2","Bullet Time"],"picked":"Malaise","floor":16.0},{"not_picked":["Riddle With Holes","Outmaneuver"],"picked":"Blade Dance+1","floor":18.0},{"not_picked":["Slice+1","Setup"],"picked":"Infinite Blades","floor":19},{"not_picked":["Flying Knee","Sucker Punch"],"picked":"Acrobatics","floor":20},{"not_picked":["Skewer","Slice"],"picked":"Dodge and Roll","floor":27},{"not_picked":["Outmaneuver","Setup+1"],"picked":"PiercingWail+1","floor":28},{"not_picked":["Acrobatics+1","Flechettes+1"],"picked":"Backflip","floor":29},{"not_picked":["Riddle With Holes+1","Finisher+1"],"picked":"Well Laid Plans","floor":30},{"not_picked":["Sucker Punch","Flying Knee"],"picked":"Predator","floor":31}],"player_experience":363860,"relics_obtained":[{"floor":8.0,"key":"Tiny Chest"},{"floor":9.0,"key":"Art of War"},{"floor":11.0,"key":"Boot"},{"floor":13.0,"key":"Gremlin Horn"},{"floor":26,"key":"Shuriken"},{"floor":27,"key":"Bottled Lightning"},{"floor":28,"key":"Red Mask"},{"floor":30,"key":"Toxic Egg 2"}],"event_choices":[{"event_name":"Scrap Ooze","player_choice":"unsuccessful","floor":7.0,"damage_taken":0.0},{"event_name":"Back to Basics","player_choice":"Simplicity","floor":21,"damage_taken":0},{"event_name":"Vampires","player_choice":"Became a vampire","floor":24,"damage_taken":0},{"event_name":"The Lab","player_choice":"Got Potions","floor":25,"damage_taken":0},{"event_name":"Masked Bandits","player_choice":"Fought over 43 gold","floor":28,"damage_taken":0}],"is_beta":true,"boss_relics":[{"not_picked":["Busted Crown","Orrery"],"picked":"Fusion Hammer"}],"items_purged_floors":[5],"is_endless":false,"potions_floor_spawned":[11,14,16,18,28,29],"killed_by":"Champ","ascension_level":9}