{"gold_per_floor":[109,284,298,248,261,261,294,294,294,322,322,356,37,57,57,57],"floor_reached":16,"playtime":856,"items_purged":["Doubt"],"score":200,"play_id":"0412993c-d6c6-46eb-8ce2-fe4e2ab505e0","local_time":"20180722185824","is_ascension_mode":true,"campfire_choices":[{"data":"Neutralize","floor":6,"key":"SMITH"},{"data":"Outmaneuver","floor":11,"key":"SMITH"},{"data":"Corpse Explosion","floor":15,"key":"SMITH"}],"neow_cost":"CURSE","seed_source_timestamp":263702276763459,"circlet_count":0,"master_deck":["Defend_G","Defend_G","Defend_G","Defend_G","Defend_G","Strike_G","Strike_G","Strike_G","Strike_G","Strike_G","Survivor","Neutralize+1","PiercingWail","Outmaneuver+1","Corpse Explosion+1","Backstab","Deep Breath","Poisoned Stab"],"relics":["Ring of the Snake","Thread and Needle","Gambling Chip","Lantern","Meat on the Bone","Bronze Scales","Blood Vial","Juzu Bracelet"],"potions_floor_usage":[3,12],"damage_taken":[{"damage":2,"enemies":"2 Louse","floor":1,"turns":3},{"damage":5,"enemies":"Jaw Worm","floor":3,"turns":8},{"damage":0,"enemies":"Small Slimes","floor":5,"turns":6},{"damage":26,"enemies":"Gremlin Nob","floor":7,"turns":6},{"damage":0,"enemies":"3 Sentries","floor":10,"turns":2},{"damage":9,"enemies":"Gremlin Nob","floor":12,"turns":5},{"damage":0,"enemies":"3 Louse","floor":14,"turns":1},{"damage":46,"enemies":"Slime Boss","floor":16,"turns":8}],"seed_played":"-8267548917716060133","potions_obtained":[{"floor":1,"key":"Fruit Juice"},{"floor":10,"key":"Block Potion"}],"is_trial":false,"path_per_floor":["M","?","M","?","M","R","E","?","T","E","R","E","$","M","R"],"character_chosen":"THE_SILENT","items_purchased":["Juzu Bracelet","Deep Breath"],"campfire_rested":0,"item_purchase_floors":[13,13],"current_hp_per_floor":[61,61,61,61,61,61,35,35,35,47,47,38,38,40,40,0],"gold":57,"neow_bonus":"ONE_RARE_RELIC","is_prod":false,"is_daily":false,"chose_seed":false,"campfire_upgraded":3,"win_rate":0,"timestamp":1532251704,"path_taken":["M","?","M","?","M","R","E","?","T","E","R","E","$","M","R","BOSS"],"build_version":"2018-07-19v2","purchased_purges":1,"victory":false,"max_hp_per_floor":[70,70,75,75,75,75,75,75,75,75,75,75,75,75,75,75],"card_choices":[{"not_picked":["Prepared","Sucker Punch"],"picked":"PiercingWail","floor":1},{"not_picked":["Infinite Blades","PiercingWail"],"picked":"Outmaneuver","floor":3},{"not_picked":["Deadly Poison","Slice"],"picked":"Corpse Explosion","floor":5},{"not_picked":["Dagger Throw","Backflip"],"picked":"Backstab","floor":7},{"not_picked":["Sucker Punch","Flying Knee","Backflip"],"picked":"SKIP","floor":10},{"not_picked":["Prepared","Endless Agony","Acrobatics"],"picked":"SKIP","floor":12},{"not_picked":["Bane","Outmaneuver"],"picked":"Poisoned Stab","floor":14}],"player_experience":229078,"relics_obtained":[{"floor":7,"key":"Gambling Chip"},{"floor":9,"key":"Meat on the Bone"},{"floor":10,"key":"Bronze Scales"},{"floor":12,"key":"Blood Vial"}],"event_choices":[{"event_name":"Liars Game","player_choice":"agreed","floor":2,"damage_taken":0},{"event_name":"The Cleric","player_choice":"Card Removal","floor":4,"damage_taken":0},{"event_name":"Wheel of Change","player_choice":"Relic","floor":8,"damage_taken":0}],"is_beta":false,"boss_relics":[],"items_purged_floors":[13],"is_endless":false,"potions_floor_spawned":[1,10],"killed_by":"Slime Boss","ascension_level":8}