{"gold_per_floor":[116,126,143,143,156,156,156,156,156,172,197,212,212,243,243,362,362,383,401,401,145,161,161,202,220,243,243],"floor_reached":27,"playtime":1735,"items_purged":["Blade Dance"],"score":332,"play_id":"96493a56-e20d-4fde-bb8a-380c6ac211c0","local_time":"20180721121757","is_ascension_mode":true,"campfire_choices":[{"data":"Crippling Poison","floor":6,"key":"SMITH"},{"data":"Neutralize","floor":8,"key":"SMITH"},{"floor":13,"key":"REST"},{"data":"Eviscerate","floor":15,"key":"SMITH"},{"data":"Choke","floor":23,"key":"SMITH"}],"neow_cost":"NONE","seed_source_timestamp":152395111863922,"circlet_count":0,"master_deck":["Defend_G","Defend_G","Defend_G","Defend_G","Defend_G","Strike_G","Strike_G","Strike_G","Strike_G","Strike_G","Survivor","Neutralize+1","Underhanded Strike","Backflip","Crippling Poison+1","Terror","Envenom","Eviscerate+1","Riddle With Holes","Adrenaline","Acrobatics","Choke+1","Calculated Gamble+1","Malaise"],"relics":["Snecko Eye","Golden Idol","Bottled Lightning","Juzu Bracelet","WristBlade","Happy Flower","Frozen Egg 2","Regal Pillow"],"potions_floor_usage":[11,22,24,25,25],"damage_taken":[{"damage":4,"enemies":"Jaw Worm","floor":1,"turns":6},{"damage":0,"enemies":"2 Louse","floor":2,"turns":3},{"damage":0,"enemies":"Cultist","floor":3,"turns":4},{"damage":1,"enemies":"3 Louse","floor":5,"turns":4},{"damage":4,"enemies":"Exordium Thugs","floor":10,"turns":3},{"damage":0,"enemies":"2 Fungi Beasts","floor":11,"turns":2},{"damage":0,"enemies":"Red Slaver","floor":12,"turns":2},{"damage":20,"enemies":"Lagavulin","floor":14,"turns":5},{"damage":6,"enemies":"The Guardian","floor":16,"turns":9},{"damage":9,"enemies":"Shell Parasite","floor":18,"turns":4},{"damage":8,"enemies":"Chosen","floor":19,"turns":4},{"damage":6,"enemies":"Centurion and Healer","floor":22,"turns":3},{"damage":10,"enemies":"Book of Stabbing","floor":24,"turns":3},{"damage":22,"enemies":"Slaver and Parasite","floor":25,"turns":5},{"damage":7,"enemies":"Snake Plant","floor":27,"turns":1}],"seed_played":"-1149003482722153005","potions_obtained":[{"floor":3,"key":"Dexterity Potion"},{"floor":5,"key":"Dexterity Potion"},{"floor":7,"key":"GhostInAJar"},{"floor":7,"key":"Explosive Potion"},{"floor":7,"key":"Explosive Potion"},{"floor":14,"key":"Fire Potion"},{"floor":18,"key":"GamblersBrew"},{"floor":24,"key":"FearPotion"}],"is_trial":false,"path_per_floor":["M","M","M","?","M","R","?","R","T","M","M","M","R","E","R","B",null,"M","M","?","$","M","R","E","M","T"],"character_chosen":"THE_SILENT","items_purchased":["Choke","Happy Flower"],"campfire_rested":1,"item_purchase_floors":[21,21],"current_hp_per_floor":[59,59,59,42,41,41,41,41,41,37,37,37,58,38,38,32,61,52,44,44,44,38,38,28,6,6,0],"gold":243,"neow_bonus":"BOSS_RELIC","is_prod":false,"is_daily":false,"chose_seed":false,"campfire_upgraded":4,"win_rate":0,"timestamp":1532141277,"path_taken":["M","M","M","?","M","R","?","R","T","?","M","M","R","E","R","BOSS","M","M","?","$","M","R","E","M","T","M"],"build_version":"2018-07-19v2","purchased_purges":1,"victory":false,"max_hp_per_floor":[70,70,70,70,70,70,70,70,70,70,70,70,70,70,70,70,70,70,70,70,70,70,70,70,70,70,70],"card_choices":[{"not_picked":["Cloak And Dagger","Blade Dance"],"picked":"Underhanded Strike","floor":1},{"not_picked":["Cloak And Dagger","PiercingWail"],"picked":"Backflip","floor":2},{"not_picked":["Outmaneuver","Catalyst"],"picked":"Crippling Poison","floor":3},{"not_picked":["Accuracy","Endless Agony"],"picked":"Terror","floor":5},{"not_picked":["PiercingWail","Deflect"],"picked":"Envenom","floor":10},{"not_picked":["Poisoned Stab","Finisher"],"picked":"Eviscerate","floor":11},{"not_picked":["Blade Dance","Poisoned Stab","Slice"],"picked":"SKIP","floor":12},{"not_picked":["Slice","Setup"],"picked":"Riddle With Holes","floor":14},{"not_picked":["Die Die Die","Burst"],"picked":"Adrenaline","floor":16},{"not_picked":["Deadly Poison","Dodge and Roll"],"picked":"Blade Dance","floor":18},{"not_picked":["Quick Slash","Backflip"],"picked":"Acrobatics","floor":19},{"not_picked":["Bane","Blur"],"picked":"Calculated Gamble+1","floor":22},{"not_picked":["Poisoned Stab","Flying Knee"],"picked":"Malaise","floor":24},{"not_picked":["Slice","Flying Knee+1","Poisoned Stab"],"picked":"SKIP","floor":25}],"player_experience":213992,"relics_obtained":[{"floor":9,"key":"Bottled Lightning"},{"floor":14,"key":"Juzu Bracelet"},{"floor":24,"key":"Frozen Egg 2"},{"floor":26,"key":"Regal Pillow"}],"event_choices":[{"event_name":"Golden Idol","player_choice":"Take Damage","floor":4,"damage_taken":0},{"event_name":"The Lab","player_choice":"Got Potions","floor":7,"damage_taken":0},{"event_name":"Match and Keep!","player_choice":"0 cards matched","floor":20,"damage_taken":0}],"is_beta":false,"boss_relics":[{"not_picked":["Pandora\u0027s Box","Sozu"],"picked":"WristBlade"}],"items_purged_floors":[21],"is_endless":false,"potions_floor_spawned":[3,5,14,18,24],"killed_by":"Snake Plant","ascension_level":8}