{"gold_per_floor":[211,225,236,254,254,254,285,8,8,83,83,102,102,102,102,173,173,184,184,184,196,246,246,276,276,276,27,47,2,21,36,36,109,109,123,136,151,151,251,251,251,251],"floor_reached":42,"playtime":1638,"items_purged":[],"score":841,"play_id":"770fe498-714a-4f50-9011-856245e69176","local_time":"20190212223915","is_ascension_mode":true,"campfire_choices":[{"data":"Flame Barrier","floor":6,"key":"SMITH"},{"floor":13,"key":"REST"},{"data":"Spot Weakness","floor":15,"key":"SMITH"},{"floor":23,"key":"REST"},{"floor":25,"key":"REST"},{"floor":32,"key":"REST"},{"floor":40,"key":"REST"}],"neow_cost":"NONE","seed_source_timestamp":806850641141102,"circlet_count":0,"master_deck":["AscendersBane","Strike_R","Strike_R","Strike_R","Strike_R","Strike_R","Defend_R","Defend_R","Defend_R","Bash","Thunderclap","Pommel Strike","Shrug It Off","Flame Barrier+1","Reaper","Twin Strike","Spot Weakness+1","Feed","Heavy Blade+1","Heavy Blade","Shrug It Off","Inflame","Armaments+1","Inflame","True Grit+1","Immolate","Rage+1","Thunderclap"],"relics":["Black Blood","Art of War","Calipers","Brimstone","Mummified Hand","Sundial","Self Forming Clay","MutagenicStrength","Smiling Mask","Toxic Egg 2","Bag of Marbles","Black Star","Torii"],"potions_floor_usage":[21,24,31,39],"damage_taken":[{"damage":6,"enemies":"Cultist","floor":1,"turns":3},{"damage":8,"enemies":"2 Louse","floor":2,"turns":3},{"damage":7,"enemies":"Jaw Worm","floor":3,"turns":3},{"damage":13,"enemies":"Red Slaver","floor":4,"turns":3},{"damage":22,"enemies":"3 Sentries","floor":7,"turns":10},{"damage":24,"enemies":"Exordium Thugs","floor":12,"turns":4},{"damage":45,"enemies":"The Guardian","floor":16,"turns":8},{"damage":36,"enemies":"2 Thieves","floor":18,"turns":3},{"damage":27,"enemies":"3 Byrds","floor":21,"turns":4},{"damage":67,"enemies":"Book of Stabbing","floor":24,"turns":5},{"damage":19,"enemies":"Cultist and Chosen","floor":28,"turns":4},{"damage":13,"enemies":"Sentry and Sphere","floor":30,"turns":3},{"damage":0,"enemies":"Snecko","floor":31,"turns":2},{"damage":95,"enemies":"Automaton","floor":33,"turns":8},{"damage":24,"enemies":"3 Darklings","floor":35,"turns":5},{"damage":18,"enemies":"Orb Walker","floor":36,"turns":3},{"damage":50,"enemies":"3 Darklings","floor":37,"turns":4},{"damage":53,"enemies":"Mind Bloom Boss Battle","floor":39,"turns":6},{"damage":66,"enemies":"Maw","floor":42,"turns":5}],"seed_played":"-2153769353817688776","potions_obtained":[{"floor":2,"key":"SpeedPotion"},{"floor":4,"key":"EssenceOfSteel"},{"floor":18,"key":"Poison Potion"},{"floor":24,"key":"AttackPotion"},{"floor":35,"key":"Regen Potion"},{"floor":37,"key":"Strength Potion"}],"is_trial":false,"path_per_floor":["M","M","M","M","?","R","E","$","T","?","T","M","R","T","R","B",null,"M","?","?","M","?","R","E","R","T","$","M","$","M","M","R","B",null,"M","M","M","$","?","R","?","M"],"character_chosen":"IRONCLAD","items_purchased":["Brimstone","Twin Strike","Bag of Marbles","Inflame","Inflame"],"campfire_rested":5,"item_purchase_floors":[8,8,27,27,29],"current_hp_per_floor":[68,66,65,58,58,58,42,42,42,31,31,28,50,50,50,27,63,61,61,61,53,53,75,32,54,54,54,48,48,45,55,78,40,69,55,47,38,38,31,54,54,0],"gold":251,"neow_bonus":"HUNDRED_GOLD","is_prod":false,"is_daily":false,"chose_seed":false,"campfire_upgraded":2,"win_rate":0,"timestamp":1550029155,"path_taken":["M","M","?","M","?","R","E","?","T","?","?","?","R","?","R","BOSS","M","?","?","M","?","R","E","R","T","?","M","?","M","M","R","BOSS","M","?","M","$","?","R","?","M"],"build_version":"2019-01-23","purchased_purges":0,"victory":false,"max_hp_per_floor":[75,75,75,75,75,75,75,75,75,75,75,75,75,75,75,75,75,75,75,75,75,75,75,75,75,75,75,78,78,78,78,78,78,78,78,78,78,78,78,78,78,78],"card_choices":[{"not_picked":["Havoc","Headbutt"],"picked":"Thunderclap","floor":1},{"not_picked":["Clash","Havoc"],"picked":"Pommel Strike","floor":2},{"not_picked":["Clothesline","Body Slam"],"picked":"Shrug It Off","floor":3},{"not_picked":["True Grit","Pommel Strike"],"picked":"Flame Barrier","floor":4},{"not_picked":["Headbutt","Hemokinesis"],"picked":"Reaper","floor":7},{"not_picked":["Rage","Whirlwind"],"picked":"Spot Weakness","floor":12},{"not_picked":["Immolate","Demon Form"],"picked":"Feed","floor":16},{"not_picked":["Anger+1","Warcry+1"],"picked":"Heavy Blade+1","floor":18},{"not_picked":["Reckless Charge","Havoc"],"picked":"Heavy Blade","floor":21},{"not_picked":["Thunderclap","Ghostly Armor"],"picked":"Shrug It Off","floor":24},{"not_picked":["Thunderclap","Offering+1"],"picked":"Armaments+1","floor":28},{"not_picked":["Body Slam","Bloodletting+1"],"picked":"True Grit+1","floor":30},{"not_picked":["Armaments+1","Havoc+1","Burning Pact+1"],"picked":"SKIP","floor":31},{"not_picked":["Dark Embrace","Fiend Fire"],"picked":"Immolate","floor":33},{"not_picked":["Anger","Havoc+1","Clash"],"picked":"SKIP","floor":35},{"not_picked":["Shrug It Off+1","Clothesline+1"],"picked":"Rage+1","floor":36},{"not_picked":["Perfected Strike","Dark Embrace"],"picked":"Thunderclap","floor":37}],"player_experience":2424189,"relics_obtained":[{"floor":7,"key":"Calipers"},{"floor":9,"key":"Mummified Hand"},{"floor":11,"key":"Sundial"},{"floor":14,"key":"Self Forming Clay"},{"floor":24,"key":"Smiling Mask"},{"floor":26,"key":"Toxic Egg 2"},{"floor":39,"key":"Torii"}],"event_choices":[{"damage_healed":0,"gold_gain":0,"player_choice":"Gave Potion","damage_taken":0,"relics_obtained":["Art of War"],"max_hp_gain":0,"max_hp_loss":0,"event_name":"WeMeetAgain","floor":5,"gold_loss":0},{"damage_healed":0,"gold_gain":75,"player_choice":"Gather Gold","damage_taken":11,"max_hp_gain":0,"max_hp_loss":0,"event_name":"World of Goop","floor":10,"gold_loss":0},{"damage_healed":0,"gold_gain":0,"player_choice":"Ignored","damage_taken":0,"max_hp_gain":0,"max_hp_loss":0,"event_name":"Beggar","floor":19,"gold_loss":0},{"damage_healed":0,"gold_gain":0,"player_choice":"Inject Mutagens","damage_taken":0,"relics_obtained":["MutagenicStrength"],"max_hp_gain":0,"max_hp_loss":0,"event_name":"Drug Dealer","floor":20,"gold_loss":0},{"damage_healed":0,"gold_gain":50,"player_choice":"Stole From Cult","damage_taken":0,"max_hp_gain":0,"max_hp_loss":0,"event_name":"Nest","floor":22,"gold_loss":0},{"damage_healed":0,"gold_gain":0,"player_choice":"Fight","damage_taken":0,"max_hp_gain":0,"max_hp_loss":0,"event_name":"MindBloom","floor":39,"gold_loss":0},{"cards_removed":["Defend_R"],"damage_healed":0,"gold_gain":0,"player_choice":"Removed Skill","damage_taken":0,"max_hp_gain":0,"max_hp_loss":0,"event_name":"Falling","floor":41,"gold_loss":0}],"is_beta":false,"boss_relics":[{"not_picked":["Empty Cage","Busted Crown"],"picked":"Black Blood"},{"not_picked":["Velvet Choker","Orrery"],"picked":"Black Star"}],"items_purged_floors":[],"is_endless":false,"potions_floor_spawned":[2,4,18,24,35,37],"killed_by":"Maw","ascension_level":17}