{"gold_per_floor":[112,129,144,159,175,175,204,224,224,244,244,319,336,84,84,187,187,198,208,208,1,1,13,42,54],"floor_reached":25,"playtime":778,"items_purged":["Strike_R"],"score":228,"play_id":"bb478847-c15f-4d87-a4b5-9c3d2c1ef4ef","local_time":"20181020002608","is_ascension_mode":true,"campfire_choices":[{"data":"Armaments","floor":6.0,"key":"SMITH"},{"data":"Flame Barrier","floor":11.0,"key":"SMITH"},{"data":"Apotheosis","floor":15.0,"key":"SMITH"},{"floor":23,"key":"REST"}],"neow_cost":"NONE","seed_source_timestamp":0,"circlet_count":0,"master_deck":["Strike_R","Strike_R","Strike_R","Strike_R","Defend_R","Defend_R","Defend_R","Defend_R","Bash","Pommel Strike","Armaments+1","Infernal Blade","Flame Barrier+1","Perfected Strike","Immolate","Pommel Strike","Feed","Apotheosis+1","Demon Form","Havoc+1","The Bomb","Shame","Shrug It Off+1"],"special_seed":0,"relics":["Burning Blood","Ancient Tea Set","Shuriken","The Courier","Bag of Preparation","Eternal Feather","MawBank"],"potions_floor_usage":[24],"damage_taken":[{"damage":6.0,"enemies":"Cultist","floor":1.0,"turns":3.0},{"damage":7.0,"enemies":"2 Louse","floor":2.0,"turns":3.0},{"damage":2.0,"enemies":"Jaw Worm","floor":3.0,"turns":3.0},{"damage":19.0,"enemies":"Exordium Thugs","floor":4.0,"turns":3.0},{"damage":0.0,"enemies":"Large Slime","floor":5.0,"turns":4.0},{"damage":19.0,"enemies":"Lagavulin","floor":7.0,"turns":5.0},{"damage":8.0,"enemies":"Blue Slaver","floor":8.0,"turns":4.0},{"damage":0.0,"enemies":"Gremlin Gang","floor":10.0,"turns":2.0},{"damage":6.0,"enemies":"Looter","floor":13.0,"turns":2.0},{"damage":13.0,"enemies":"Hexaghost","floor":16.0,"turns":9.0},{"damage":23.0,"enemies":"2 Thieves","floor":18.0,"turns":3.0},{"damage":62,"enemies":"Spheric Guardian","floor":19,"turns":8},{"damage":36,"enemies":"Snecko","floor":24,"turns":4},{"damage":33,"enemies":"Shelled Parasite and Fungi","floor":25,"turns":2}],"seed_played":"-2820127609140928507","potions_obtained":[{"floor":1.0,"key":"Explosive Potion"},{"floor":5.0,"key":"Explosive Potion"},{"floor":7.0,"key":"Swift Potion"},{"floor":8.0,"key":"SneckoOil"},{"floor":19,"key":"FearPotion"}],"is_trial":false,"path_per_floor":["M","M","M","M","M","R","E","M","T","M","R","?","M","$","R","B",null,"M","M","?","$","?","R","M"],"character_chosen":"IRONCLAD","items_purchased":["Apotheosis","Bag of Preparation","The Bomb"],"campfire_rested":1,"item_purchase_floors":[14,14,21],"current_hp_per_floor":[80,79,80,67,73,73,60,58,58,64,64,53,53,53,53,46,80,63,7,7,7,7,43,17,0],"gold":54,"neow_bonus":"RANDOM_COMMON_RELIC","is_prod":false,"is_daily":false,"chose_seed":false,"campfire_upgraded":3,"win_rate":0,"timestamp":1540013168,"path_taken":["M","M","M","M","M","R","E","?","T","M","R","?","?","$","R","BOSS","M","M","?","?","?","R","?","M"],"build_version":"2018-10-19","purchased_purges":1,"victory":false,"max_hp_per_floor":[80,80,80,80,80,80,80,80,80,80,80,80,80,80,80,80,80,80,80,80,80,80,80,84,84],"card_choices":[{"not_picked":["Searing Blow","Sword Boomerang"],"picked":"Pommel Strike","floor":1.0},{"not_picked":["Evolve","Warcry"],"picked":"Armaments","floor":2.0},{"not_picked":["Clash","Double Tap"],"picked":"Infernal Blade","floor":3.0},{"not_picked":["Havoc","Uppercut"],"picked":"Flame Barrier","floor":4.0},{"not_picked":["Sword Boomerang","Armaments"],"picked":"Perfected Strike","floor":5.0},{"not_picked":["Anger","Warcry"],"picked":"Immolate","floor":7.0},{"not_picked":["Rage","Perfected Strike"],"picked":"Pommel Strike","floor":8.0},{"not_picked":["Dropkick","Clash","Sever Soul"],"picked":"SKIP","floor":10.0},{"not_picked":["Havoc","Rupture"],"picked":"Feed","floor":13.0},{"not_picked":["Dark Embrace","Brutality"],"picked":"Demon Form","floor":16.0},{"not_picked":["Second Wind","Reckless Charge","Flame Barrier"],"picked":"SKIP","floor":18.0},{"not_picked":["Sentinel","Searing Blow"],"picked":"Havoc","floor":19},{"not_picked":["Clash+1","Combust"],"picked":"Shrug It Off+1","floor":24}],"player_experience":438212,"relics_obtained":[{"floor":7.0,"key":"Shuriken"},{"floor":9.0,"key":"The Courier"}],"event_choices":[{"damage_healed":0.0,"max_hp_gain":0.0,"max_hp_loss":0.0,"gold_gain":75.0,"event_name":"World of Goop","player_choice":"Gather Gold","floor":12.0,"gold_loss":0.0,"damage_taken":11.0},{"damage_healed":0,"gold_gain":0,"player_choice":"Upgraded","damage_taken":0,"max_hp_gain":0,"max_hp_loss":0,"event_name":"Upgrade Shrine","floor":20,"gold_loss":0,"cards_upgraded":["Havoc"]},{"damage_healed":0,"gold_gain":0,"player_choice":"Stole Relic","damage_taken":0,"relics_obtained":["MawBank"],"max_hp_gain":0,"max_hp_loss":0,"event_name":"Addict","floor":22,"gold_loss":0,"cards_obtained":["Shame"]}],"is_beta":true,"boss_relics":[{"not_picked":["Philosopher\u0027s Stone","White Beast Statue"],"picked":"Eternal Feather"}],"items_purged_floors":[21],"is_endless":false,"potions_floor_spawned":[1,5,7,8,10,19],"killed_by":"Shelled Parasite and Fungi","ascension_level":2}