{"gold_per_floor":[119,69,80,98,22,22,53,53,53,53,53,66,77,111,111,207,207,188,188,188,7,7,7,23,42,42,61,74,74],"floor_reached":29,"playtime":1542,"items_purged":["Underhanded Strike"],"score":338,"play_id":"859c2d76-4ea6-4b90-960a-bec69f3c1741","local_time":"20180802110722","is_ascension_mode":true,"campfire_choices":[{"data":"Neutralize","floor":6,"key":"SMITH"},{"data":"Adrenaline","floor":8,"key":"SMITH"},{"floor":10,"key":"REST"},{"data":"Footwork","floor":15,"key":"SMITH"},{"floor":23,"key":"REST"}],"neow_cost":"NONE","seed_source_timestamp":667108305021148,"circlet_count":0,"master_deck":["Survivor","Neutralize+1","Deadly Poison","Deadly Poison","Poisoned Stab","Adrenaline+1","Footwork+1","Cloak And Dagger","Backflip","Tools of the Trade","Cloak And Dagger","Terror","Quick Slash","Poisoned Stab","Distraction","Poisoned Stab","RitualDagger","Blur","Caltrops","Necronomicurse","Backflip","Catalyst","Caltrops","Night Terror"],"relics":["Empty Cage","Thread and Needle","Question Card","Bottled Lightning","Pandora\u0027s Box","Juzu Bracelet","Necronomicon","Vajra"],"potions_floor_usage":[7,16,27],"damage_taken":[{"damage":0,"enemies":"2 Louse","floor":1,"turns":3},{"damage":0,"enemies":"Jaw Worm","floor":3,"turns":5},{"damage":0,"enemies":"Cultist","floor":4,"turns":4},{"damage":23,"enemies":"Gremlin Nob","floor":7,"turns":4},{"damage":0,"enemies":"2 Fungi Beasts","floor":12,"turns":3},{"damage":0,"enemies":"Looter","floor":13,"turns":3},{"damage":0,"enemies":"Lagavulin","floor":14,"turns":6},{"damage":22,"enemies":"Slime Boss","floor":16,"turns":16},{"damage":6,"enemies":"2 Thieves","floor":18,"turns":4},{"damage":7,"enemies":"Chosen","floor":24,"turns":5},{"damage":5,"enemies":"Snecko","floor":25,"turns":5},{"damage":16,"enemies":"3 Cultists","floor":27,"turns":7},{"damage":9,"enemies":"Centurion and Healer","floor":28,"turns":8},{"damage":19,"enemies":"Snecko","floor":29,"turns":4}],"seed_played":"5081076878493558722","potions_obtained":[{"floor":4,"key":"Weak Potion"},{"floor":12,"key":"Swift Potion"},{"floor":18,"key":"SkillPotion"},{"floor":27,"key":"GamblersBrew"}],"is_trial":false,"path_per_floor":["M","?","M","M","$","R","E","R","T","R","?","M","M","E","R","B",null,"M","?","?","$","?","R","M","M","T","M","M"],"character_chosen":"THE_SILENT","items_purchased":["Adrenaline","Blur","Caltrops"],"campfire_rested":2,"item_purchase_floors":[5,21,21],"current_hp_per_floor":[63,63,63,63,63,63,40,40,40,61,61,61,61,61,61,39,62,56,56,50,50,34,55,48,43,43,27,18,0],"gold":74,"neow_bonus":"BOSS_RELIC","is_prod":false,"is_daily":false,"chose_seed":false,"campfire_upgraded":3,"win_rate":0,"timestamp":1533222442,"path_taken":["M","?","M","?","$","R","E","R","T","R","?","M","M","E","R","BOSS","M","?","?","$","?","R","M","M","T","M","M","M"],"build_version":"2018-07-26","purchased_purges":1,"victory":false,"max_hp_per_floor":[70,70,70,70,70,70,70,70,70,70,70,70,70,70,70,70,70,70,70,70,70,70,70,70,70,70,70,70,70],"card_choices":[{"not_picked":["Acrobatics","Tactician"],"picked":"Deadly Poison","floor":1},{"not_picked":["Flying Knee","Dagger Throw"],"picked":"Deadly Poison","floor":3},{"not_picked":["Dagger Spray","Deflect"],"picked":"Poisoned Stab","floor":4},{"not_picked":["Acrobatics","Dagger Throw","Deflect"],"picked":"SKIP","floor":7},{"not_picked":["Sucker Punch","Prepared","Dagger Spray"],"picked":"Footwork","floor":12},{"not_picked":["Heel Hook","Underhanded Strike","Flying Knee"],"picked":"Cloak And Dagger","floor":13},{"not_picked":["Footwork","Flying Knee","Unload"],"picked":"Backflip","floor":14},{"not_picked":["Storm of Steel","Doppelganger","Glass Knife"],"picked":"Tools of the Trade","floor":16},{"not_picked":["Acrobatics","PiercingWail","Slice+1"],"picked":"Poisoned Stab","floor":18},{"not_picked":["Cloak And Dagger+1","Distraction","Deflect"],"picked":"Backflip","floor":24},{"not_picked":["Dagger Spray","Deflect","Infinite Blades"],"picked":"Catalyst","floor":25},{"not_picked":["All Out Attack","Eviscerate","Well Laid Plans"],"picked":"Caltrops","floor":27},{"not_picked":["Finisher","Prepared","Cloak And Dagger"],"picked":"Night Terror","floor":28}],"player_experience":1388468,"relics_obtained":[{"floor":7,"key":"Thread and Needle"},{"floor":9,"key":"Question Card"},{"floor":14,"key":"Bottled Lightning"},{"floor":22,"key":"Necronomicon"},{"floor":26,"key":"Vajra"}],"event_choices":[{"event_name":"The Cleric","player_choice":"Card Removal","floor":2,"damage_taken":0},{"event_name":"Living Wall","player_choice":"Forget","floor":11,"damage_taken":0},{"event_name":"Wheel of Change","player_choice":"Relic","floor":19,"damage_taken":0},{"event_name":"Nest","player_choice":"Joined the Cult","floor":20,"damage_taken":0},{"event_name":"Cursed Tome","player_choice":"Obtained Book","floor":22,"damage_taken":0}],"is_beta":false,"boss_relics":[{"not_picked":["Snecko Eye","Busted Crown"],"picked":"Pandora\u0027s Box"}],"items_purged_floors":[21],"is_endless":false,"potions_floor_spawned":[4,12,18,27],"killed_by":"Snecko","ascension_level":6}