{"gold_per_floor":[114,129,144,219,394,394,424,44,44,44,104,104,119,134,134,234,234,249,201,201,216,231,261,276,375,425,440,17,117,117,147,147,247,247,262,277,27,27,42,87,117,117,142,142,157,172,187,287,287,287],"floor_reached":51,"playtime":2943,"items_purged":[],"score":1077,"play_id":"1cc1da39-0a9c-4c54-b0c1-fa7c5693d1a0","local_time":"20181211143320","daily_mods":["Shiny","Blue Cards","Lethality"],"is_ascension_mode":false,"campfire_choices":[{"data":"Seek","floor":6.0,"key":"SMITH"},{"data":"Barricade","floor":12.0,"key":"SMITH"},{"data":"Exhume","floor":15.0,"key":"SMITH"},{"data":"Feel No Pain","floor":30,"key":"SMITH"},{"data":"Buffer","floor":32,"key":"SMITH"},{"data":"Corruption","floor":44,"key":"SMITH"},{"data":"True Grit","floor":49,"key":"SMITH"}],"neow_cost":"","seed_source_timestamp":0,"circlet_count":0,"master_deck":["Multi-Cast","Hyperbeam","Thunder Strike","Biased Cognition","Electrodynamics","Buffer+1","Rainbow","Seek+1","Meteor Strike+1","Echo Form","All For One","Reboot","Amplify","Creative AI","Fission","Core Surge","Double Tap","Demon Form","Bludgeon","Feed","Limit Break","Barricade+1","Fiend Fire+1","Dark Embrace","Berserk","Impervious","Juggernaut","Brutality","Reaper","Exhume+1","Offering","Immolate","Feel No Pain+1","Conserve Battery","Cleave","Chill","Corruption+1","Coolheaded","Hologram","Buffer","Conserve Battery","Havoc","Shrug It Off","Whirlwind+1","Core Surge","Scrape","True Grit+1","Seeing Red"],"special_seed":17876,"relics":["Burning Blood","Lantern","Charon\u0027s Ashes","Self Forming Clay","Vajra","Tiny Chest","Coffee Dripper","Whetstone","Anchor","Potion Belt","Oddly Smooth Stone","Gambling Chip","Mercury Hourglass","Blue Candle","Busted Crown","Bottled Tornado","Dead Branch","Sundial","Omamori","Ice Cream"],"potions_floor_usage":[50,50,50],"damage_taken":[{"damage":18.0,"enemies":"Small Slimes","floor":1.0,"turns":5.0},{"damage":14.0,"enemies":"Jaw Worm","floor":2.0,"turns":2.0},{"damage":17.0,"enemies":"2 Louse","floor":3.0,"turns":3.0},{"damage":34.0,"enemies":"Gremlin Nob","floor":7.0,"turns":4.0},{"damage":0.0,"enemies":"Lagavulin","floor":11.0,"turns":4.0},{"damage":6.0,"enemies":"Red Slaver","floor":13.0,"turns":1.0},{"damage":17.0,"enemies":"3 Louse","floor":14.0,"turns":2.0},{"damage":0.0,"enemies":"The Guardian","floor":16.0,"turns":7.0},{"damage":0,"enemies":"Chosen","floor":18,"turns":3},{"damage":0,"enemies":"Spheric Guardian","floor":21,"turns":4},{"damage":1,"enemies":"Snake Plant","floor":22,"turns":3},{"damage":18,"enemies":"Book of Stabbing","floor":23,"turns":5},{"damage":0,"enemies":"3 Cultists","floor":24,"turns":2},{"damage":9,"enemies":"Cultist and Chosen","floor":27,"turns":3},{"damage":0,"enemies":"Colosseum Slavers","floor":29,"turns":2},{"damage":6,"enemies":"Colosseum Nobs","floor":29,"turns":5},{"damage":12,"enemies":"Slavers","floor":31,"turns":1},{"damage":6,"enemies":"Collector","floor":33,"turns":5},{"damage":0,"enemies":"3 Darklings","floor":35,"turns":1},{"damage":0,"enemies":"3 Shapes","floor":36,"turns":2},{"damage":0,"enemies":"3 Darklings","floor":39,"turns":2},{"damage":0,"enemies":"2 Orb Walkers","floor":40,"turns":5},{"damage":6,"enemies":"Nemesis","floor":41,"turns":3},{"damage":12,"enemies":"Transient","floor":45,"turns":5},{"damage":6,"enemies":"Jaw Worm Horde","floor":46,"turns":2},{"damage":0,"enemies":"4 Shapes","floor":47,"turns":2},{"damage":0,"enemies":"Mind Bloom Boss Battle","floor":48,"turns":4},{"damage":0,"enemies":"Donu and Deca","floor":50,"turns":4}],"seed_played":"7445985323297054017","potions_obtained":[{"floor":7.0,"key":"Strength Potion"},{"floor":11.0,"key":"Weak Potion"},{"floor":13.0,"key":"SpeedPotion"},{"floor":16.0,"key":"Ancient Potion"}],"is_trial":false,"path_per_floor":["M","M","M","?","?","R","E","$","T","?","E","R","M","M","R","B",null,"M","$","?","M","M","E","M","?","T","M","$","?","R","E","R","B",null,"M","M","$","?","M","?","E","?","T","R","M","M","M","?","R","B",null],"character_chosen":"IRONCLAD","items_purchased":["Corruption","Charon\u0027s Ashes","Conserve Battery","Potion Belt","Shrug It Off","Oddly Smooth Stone","Weak Potion","SpeedPotion","Bottled Tornado"],"campfire_rested":0,"item_purchase_floors":[8,8,19,28,28,28,28,28,37],"current_hp_per_floor":[83,78,89,78,78,78,53,53,53,28,37,37,45,61,61,67,95,98,98,78,87,92,80,109,109,109,109,109,109,109,112,112,112,112,112,112,112,112,112,112,112,112,112,112,106,115,118,121,121,121],"gold":287,"neow_bonus":"","is_prod":false,"is_daily":true,"chose_seed":false,"campfire_upgraded":7,"win_rate":0,"timestamp":1544535200,"path_taken":["M","M","M","?","?","R","E","$","T","?","E","R","M","M","R","BOSS","M","$","?","M","M","E","M","?","T","M","$","?","R","E","R","BOSS","M","M","$","?","?","?","E","?","T","R","?","M","M","?","R","BOSS"],"build_version":"2018-12-06","purchased_purges":0,"victory":true,"max_hp_per_floor":[86,89,89,89,89,89,92,92,92,92,95,95,95,95,95,95,95,98,98,103,106,106,106,109,109,109,109,109,109,109,112,112,112,112,112,112,112,112,112,112,112,112,112,112,112,115,118,121,121,121],"card_choices":[{"not_picked":["Sweeping Beam","Warcry"],"picked":"Feel No Pain","floor":1.0},{"not_picked":["Iron Wave","Rebound"],"picked":"Conserve Battery","floor":2.0},{"not_picked":["Reprogram","Self Repair"],"picked":"Cleave","floor":3.0},{"not_picked":["Barrage","Berserk"],"picked":"Chill","floor":7.0},{"not_picked":["Stack","Beam Cell"],"picked":"Coolheaded","floor":11.0},{"not_picked":["Searing Blow","Clash","Buffer"],"picked":"SKIP","floor":13.0},{"not_picked":["Lockon","Clash"],"picked":"Hologram","floor":14.0},{"not_picked":["Amplify","Hyperbeam"],"picked":"Buffer","floor":16.0},{"not_picked":["Flex+1","Aggregate","Cleave"],"picked":"SKIP","floor":18},{"not_picked":["Cold Snap+1","Heavy Blade","Lockon"],"picked":"SKIP","floor":21},{"not_picked":["Dropkick","Rebound"],"picked":"Havoc","floor":22},{"not_picked":["Twin Strike+1","Force Field","True Grit"],"picked":"SKIP","floor":23},{"not_picked":["Thunderclap+1","Amplify","Rampage+1"],"picked":"SKIP","floor":24},{"not_picked":["Sword Boomerang","Blizzard","Body Slam"],"picked":"SKIP","floor":27},{"not_picked":["Carnage","Barrage"],"picked":"Whirlwind+1","floor":31},{"not_picked":["All For One","Fiend Fire"],"picked":"Core Surge","floor":33},{"not_picked":["Pommel Strike"],"picked":"SKIP","floor":35},{"not_picked":["Barrage+1"],"picked":"SKIP","floor":36},{"not_picked":["Hemokinesis"],"picked":"SKIP","floor":39},{"not_picked":["Rebound"],"picked":"SKIP","floor":41},{"not_picked":[],"picked":"True Grit","floor":45},{"not_picked":["Power Through+1"],"picked":"SKIP","floor":46},{"not_picked":[],"picked":"Seeing Red","floor":47}],"player_experience":1783657,"relics_obtained":[{"floor":7.0,"key":"Lantern"},{"floor":9.0,"key":"Self Forming Clay"},{"floor":11.0,"key":"Tiny Chest"},{"floor":23,"key":"Whetstone"},{"floor":26,"key":"Anchor"},{"floor":29,"key":"Gambling Chip"},{"floor":29,"key":"Mercury Hourglass"},{"floor":31,"key":"Blue Candle"},{"floor":40,"key":"Dead Branch"},{"floor":41,"key":"Sundial"},{"floor":43,"key":"Omamori"},{"floor":48,"key":"Ice Cream"}],"event_choices":[{"damage_healed":0.0,"max_hp_gain":0.0,"max_hp_loss":0.0,"gold_gain":75.0,"event_name":"World of Goop","player_choice":"Gather Gold","floor":4.0,"gold_loss":0.0,"damage_taken":11.0},{"damage_healed":0.0,"max_hp_gain":0.0,"max_hp_loss":0.0,"gold_gain":175.0,"event_name":"Liars Game","player_choice":"AGREE","floor":5.0,"gold_loss":0.0,"damage_taken":0.0,"cards_obtained":["Doubt"]},{"damage_healed":0.0,"max_hp_gain":0.0,"max_hp_loss":0.0,"gold_gain":0.0,"event_name":"Scrap Ooze","player_choice":"Success","floor":10.0,"gold_loss":0.0,"damage_taken":25.0,"relics_obtained":["Vajra"]},{"damage_healed":0,"gold_gain":0,"player_choice":"Shed Blood","damage_taken":25,"max_hp_gain":5,"max_hp_loss":0,"event_name":"Forgotten Altar","floor":20,"gold_loss":0},{"damage_healed":0,"gold_gain":99,"player_choice":"Stole From Cult","damage_taken":0,"max_hp_gain":0,"max_hp_loss":0,"event_name":"Nest","floor":25,"gold_loss":0},{"damage_healed":0,"gold_gain":0,"player_choice":"Fight","damage_taken":0,"max_hp_gain":0,"max_hp_loss":0,"event_name":"Colosseum","floor":29,"gold_loss":0},{"damage_healed":0,"gold_gain":0,"player_choice":"Fought Nobs","damage_taken":0,"max_hp_gain":0,"max_hp_loss":0,"event_name":"Colosseum","floor":29,"gold_loss":0},{"damage_healed":0,"gold_gain":0,"cards_transformed":["Machine Learning"],"player_choice":"Transformed","damage_taken":0,"max_hp_gain":0,"max_hp_loss":0,"event_name":"Transmorgrifier","floor":38,"gold_loss":0,"cards_obtained":["Scrape"]},{"damage_healed":0,"gold_gain":0,"player_choice":"Fight","damage_taken":0,"max_hp_gain":0,"max_hp_loss":0,"event_name":"Mysterious Sphere","floor":40,"gold_loss":0},{"cards_removed":["Doubt"],"damage_healed":0,"gold_gain":0,"player_choice":"Purged","damage_taken":0,"max_hp_gain":0,"max_hp_loss":0,"event_name":"Purifier","floor":42,"gold_loss":0},{"damage_healed":0,"gold_gain":0,"player_choice":"Fight","damage_taken":0,"max_hp_gain":0,"max_hp_loss":0,"event_name":"MindBloom","floor":48,"gold_loss":0}],"is_beta":false,"boss_relics":[{"not_picked":["Philosopher\u0027s Stone","Sozu"],"picked":"Coffee Dripper"},{"not_picked":["Black Blood","Runic Dome"],"picked":"Busted Crown"}],"items_purged_floors":[],"is_endless":false,"potions_floor_spawned":[7,11,13,16,21,24,27,33,39,40,46,47],"ascension_level":0}