{"gold_per_floor":[148,148,158,178,178,189,203,203,203,230,230,230,240,253,253,327,327,346,346,346,21,41,41,58,68,68,85,95,95,122,122,122,199,199,209,224,224,224,235,235,270,287,310,310,329,329,1,1],"floor_reached":48,"playtime":2454,"items_purged":["Writhe","Shame"],"score":973,"play_id":"7f29baec-662e-4682-a9e0-a97d12fd8898","local_time":"20190131174351","is_ascension_mode":true,"campfire_choices":[{"data":"Zap","floor":8.0,"key":"SMITH"},{"floor":11.0,"key":"REST"},{"floor":15.0,"key":"REST"},{"data":"White Noise","floor":23.0,"key":"SMITH"},{"floor":29.0,"key":"REST"},{"floor":32.0,"key":"REST"},{"floor":40.0,"key":"REST"},{"floor":44,"key":"REST"}],"neow_cost":"NONE","seed_source_timestamp":621916383356780,"circlet_count":0,"master_deck":["AscendersBane","Zap+1","Dualcast","Cold Snap+1","Auto Shields","Beam Cell+1","Go for the Eyes+1","White Noise+1","Barrage+1","Sweeping Beam+1","Streamline+1","Rainbow","Conserve Battery","Gash+1","Gash+1","Chill","Capacitor","Decay","Storm","Echo Form","Scrape+1","Creative AI","Streamline+1","Amplify","Reboot","Leap","Reboot","Steam","Go for the Eyes+1","Go for the Eyes+1","Loop","Fission","Consume","Gash+1","Impatience"],"special_seed":0,"relics":["Cracked Core","Tiny Chest","Molten Egg 2","Meat on the Bone","Shuriken","Regal Pillow","Cursed Key","Bronze Scales","Runic Capacitor","Cables","Kunai","Pandora\u0027s Box","Singing Bowl","Orichalcum","HandDrill"],"potions_floor_usage":[],"damage_taken":[{"damage":4.0,"enemies":"Jaw Worm","floor":1.0,"turns":4.0},{"damage":1.0,"enemies":"Cultist","floor":3.0,"turns":3.0},{"damage":0.0,"enemies":"2 Louse","floor":4.0,"turns":2.0},{"damage":4.0,"enemies":"Exordium Wildlife","floor":6.0,"turns":6.0},{"damage":12.0,"enemies":"Exordium Thugs","floor":7.0,"turns":4.0},{"damage":12.0,"enemies":"Lagavulin","floor":10.0,"turns":7.0},{"damage":8.0,"enemies":"Blue Slaver","floor":13.0,"turns":3.0},{"damage":8.0,"enemies":"Gremlin Gang","floor":14.0,"turns":4.0},{"damage":25.0,"enemies":"The Guardian","floor":16.0,"turns":10.0},{"damage":5.0,"enemies":"Shell Parasite","floor":18.0,"turns":4.0},{"damage":1.0,"enemies":"3 Byrds","floor":22.0,"turns":2.0},{"damage":2.0,"enemies":"Centurion and Healer","floor":24.0,"turns":5.0},{"damage":16.0,"enemies":"Sentry and Sphere","floor":25.0,"turns":4.0},{"damage":15.0,"enemies":"Snecko","floor":27.0,"turns":6.0},{"damage":26.0,"enemies":"Cultist and Chosen","floor":28.0,"turns":5.0},{"damage":32.0,"enemies":"Gremlin Leader","floor":30.0,"turns":7.0},{"damage":68.0,"enemies":"Collector","floor":33.0,"turns":8.0},{"damage":25.0,"enemies":"3 Shapes","floor":35.0,"turns":3.0},{"damage":21.0,"enemies":"3 Darklings","floor":36.0,"turns":4.0},{"damage":33.0,"enemies":"Sphere and 2 Shapes","floor":39.0,"turns":5.0},{"damage":49.0,"enemies":"Nemesis","floor":41.0,"turns":5.0},{"damage":16,"enemies":"4 Shapes","floor":42,"turns":5},{"damage":49,"enemies":"Spire Growth","floor":45,"turns":6},{"damage":33,"enemies":"Jaw Worm Horde","floor":48,"turns":2}],"seed_played":"5046973148889751753","potions_obtained":[{"floor":3.0,"key":"EssenceOfSteel"},{"floor":4.0,"key":"EntropicBrew"},{"floor":13.0,"key":"Explosive Potion"},{"floor":14.0,"key":"Block Potion"},{"floor":22.0,"key":"PowerPotion"},{"floor":27.0,"key":"SteroidPotion"},{"floor":28.0,"key":"LiquidBronze"},{"floor":33.0,"key":"Strength Potion"},{"floor":39.0,"key":"LiquidBronze"}],"is_trial":false,"path_per_floor":["M","?","M","M","?","M","M","R","T","E","R","?","M","M","R","B",null,"M","?","?","$","M","R","M","M","T","M","M","R","E","?","R","B",null,"M","M","?","?","M","R","E","M","T","R","M","?","$","M"],"character_chosen":"DEFECT","items_purchased":["Runic Capacitor","Gash+1","HandDrill"],"campfire_rested":6,"item_purchase_floors":[21,21,47],"current_hp_per_floor":[60,60,59,59,59,55,52,52,52,40,61,43,47,39,71,46,65,60,60,60,60,59,59,57,41,41,38,24,60,40,54,71,15,57,44,35,58,68,35,68,31,27,27,62,25,25,25,0],"gold":1,"neow_bonus":"RANDOM_COMMON_RELIC","is_prod":false,"is_daily":false,"chose_seed":false,"campfire_upgraded":2,"win_rate":0,"timestamp":1548974631,"path_taken":["M","?","?","M","?","M","M","R","T","E","R","?","M","?","R","BOSS","M","?","?","$","M","R","M","?","T","M","?","R","E","?","R","BOSS","M","M","?","?","?","R","E","M","T","R","M","?","$","M"],"build_version":"2019-01-23","purchased_purges":2,"victory":false,"max_hp_per_floor":[71,71,71,71,71,71,71,71,71,71,71,71,71,71,71,71,71,71,71,71,71,71,71,71,71,71,71,71,71,71,71,71,71,71,71,71,58,68,68,68,68,68,68,68,68,68,68,68],"card_choices":[{"not_picked":["Redo","Turbo"],"picked":"Barrage","floor":1.0},{"not_picked":["Hologram","Leap"],"picked":"Cold Snap+1","floor":3.0},{"not_picked":["Cold Snap+1","Turbo"],"picked":"Auto Shields","floor":4.0},{"not_picked":["Hologram","Compile Driver+1"],"picked":"Go for the Eyes+1","floor":6.0},{"not_picked":["Double Energy","Streamline+1"],"picked":"White Noise","floor":7.0},{"not_picked":["Conserve Battery","Sweeping Beam+1"],"picked":"Barrage+1","floor":10.0},{"not_picked":["Compile Driver+1","Thunder Strike+1"],"picked":"Sweeping Beam+1","floor":13.0},{"not_picked":["Barrage+1","Storm"],"picked":"Streamline+1","floor":14.0},{"not_picked":["Amplify","Thunder Strike+1"],"picked":"Rainbow","floor":16.0},{"not_picked":["Steam","Chaos"],"picked":"Conserve Battery","floor":18.0},{"not_picked":["Coolheaded","Conserve Battery"],"picked":"Gash+1","floor":22.0},{"not_picked":["Ball Lightning+1","Aggregate"],"picked":"Chill","floor":24.0},{"not_picked":["Ball Lightning+1","Redo"],"picked":"Capacitor","floor":25.0},{"not_picked":["Tempest","Steam"],"picked":"Storm","floor":27.0},{"not_picked":["Coolheaded","Defragment+1"],"picked":"Echo Form","floor":28.0},{"not_picked":["Blizzard+1","Lockon+1"],"picked":"Scrape+1","floor":30.0},{"not_picked":["Seek","Meteor Strike+1"],"picked":"Creative AI","floor":33.0},{"not_picked":["Beam Cell+1","Sunder+1"],"picked":"Go for the Eyes+1","floor":35.0},{"not_picked":["Stack","Leap+1"],"picked":"Go for the Eyes+1","floor":36.0},{"not_picked":["Conserve Battery","White Noise+1"],"picked":"Loop","floor":39.0},{"not_picked":["Compile Driver+1","Steam"],"picked":"Fission","floor":41.0},{"not_picked":["Rebound+1","Turbo"],"picked":"Consume","floor":42},{"not_picked":["Auto Shields","Doom and Gloom+1"],"picked":"Gash+1","floor":45},{"not_picked":["Deep Breath","Forethought"],"picked":"Impatience","floor":46}],"player_experience":2252545,"relics_obtained":[{"floor":9.0,"key":"Meat on the Bone"},{"floor":10.0,"key":"Shuriken"},{"floor":26.0,"key":"Cables"},{"floor":30.0,"key":"Kunai"},{"floor":41.0,"key":"Singing Bowl"},{"floor":43,"key":"Orichalcum"}],"event_choices":[{"cards_removed":["Barrage"],"damage_healed":0.0,"max_hp_gain":0.0,"max_hp_loss":0.0,"gold_gain":0.0,"event_name":"WeMeetAgain","player_choice":"Gave Card","floor":2.0,"gold_loss":0.0,"damage_taken":0.0,"relics_obtained":["Molten Egg 2"]},{"damage_healed":0.0,"max_hp_gain":0.0,"max_hp_loss":0.0,"gold_gain":0.0,"cards_transformed":["Strike_B"],"event_name":"Living Wall","player_choice":"Change","floor":5.0,"gold_loss":0.0,"damage_taken":0.0,"cards_obtained":["Beam Cell"]},{"damage_healed":0.0,"max_hp_gain":0.0,"max_hp_loss":0.0,"gold_gain":0.0,"event_name":"Scrap Ooze","player_choice":"Success","floor":12.0,"gold_loss":0.0,"damage_taken":18.0,"relics_obtained":["Regal Pillow"]},{"damage_healed":0.0,"max_hp_gain":0.0,"max_hp_loss":0.0,"gold_gain":0.0,"event_name":"Vampires","player_choice":"Ignored","floor":19.0,"gold_loss":0.0,"damage_taken":0.0},{"damage_healed":0.0,"max_hp_gain":0.0,"max_hp_loss":0.0,"gold_gain":0.0,"event_name":"The Mausoleum","player_choice":"Opened","floor":20.0,"gold_loss":0.0,"damage_taken":0.0,"relics_obtained":["Bronze Scales"],"cards_obtained":["Writhe"]},{"damage_healed":14.0,"max_hp_gain":0.0,"max_hp_loss":0.0,"gold_gain":0.0,"event_name":"The Library","player_choice":"Heal","floor":31.0,"gold_loss":0.0,"damage_taken":0.0},{"damage_healed":58.0,"max_hp_gain":0.0,"max_hp_loss":13.0,"gold_gain":0.0,"event_name":"The Moai Head","player_choice":"Heal","floor":37.0,"gold_loss":0.0,"damage_taken":0.0},{"cards_removed":["Biased Cognition"],"damage_healed":0.0,"max_hp_gain":10.0,"max_hp_loss":0.0,"gold_gain":0.0,"event_name":"Bonfire Elementals","player_choice":"Offered Rare","floor":38.0,"gold_loss":0.0,"damage_taken":0.0},{"damage_healed":0,"gold_gain":0,"player_choice":"Memory 1","damage_taken":0,"max_hp_gain":0,"max_hp_loss":0,"event_name":"SensoryStone","floor":46,"gold_loss":0}],"is_beta":false,"boss_relics":[{"not_picked":["Eternal Feather","Astrolabe"],"picked":"Cursed Key"},{"not_picked":["Runic Dome","Snecko Eye"],"picked":"Pandora\u0027s Box"}],"items_purged_floors":[21,47],"is_endless":false,"potions_floor_spawned":[3,4,6,13,14,22,27,28,30,33,39,41,42],"killed_by":"Jaw Worm Horde","ascension_level":19}