{"gold_per_floor":[114,114,125,137,137,137,173,173,173,173,173,0,0,38,38,157,157,178,192,192,192,217,250,265,265,265,285,210,309,309,341,341,444,444,457,457,457,474,86,97,113,113,137,137,151,184,201,232,232,232],"floor_reached":51,"playtime":4056,"items_purged":["Strike_B","Steam Power+1"],"score":776,"play_id":"d1b2916b-b57b-4a2e-9da8-217b708ecb96","local_time":"20190204170529","is_ascension_mode":false,"campfire_choices":[{"data":"Iron Wave","floor":6,"key":"SMITH"},{"data":"Electrodynamics","floor":8,"key":"SMITH"},{"data":"Seek","floor":11,"key":"SMITH"},{"data":"Consume","floor":13,"key":"SMITH"},{"floor":15,"key":"REST"},{"data":"Cold Snap","floor":25,"key":"SMITH"},{"floor":32,"key":"REST"},{"floor":42,"key":"REST"},{"data":"Storm","floor":49,"key":"SMITH"}],"neow_cost":"NONE","seed_source_timestamp":2303644538459896,"circlet_count":0,"master_deck":["Zap","Dualcast","Ball Lightning+1","Iron Wave+1","Seek+1","Electrodynamics+1","Consume+1","Cold Snap+1","Go for the Eyes+1","Glacier+1","Reinforced Body+1","Multi-Cast+1","Darkness+1","Biased Cognition+1","Storm+1","Reinforced Body+1","Fusion"],"relics":["Cracked Core","Bloody Idol","Shuriken","Mercury Hourglass","Meat on the Bone","Snecko Eye","Centennial Puzzle","Mummified Hand","Whetstone","Happy Flower","Astrolabe","Dodecahedron","Regal Pillow","Smiling Mask","Pen Nib"],"potions_floor_usage":[33,50,50],"damage_taken":[{"damage":1,"enemies":"Jaw Worm","floor":1,"turns":5},{"damage":0,"enemies":"Cultist","floor":3,"turns":2},{"damage":1,"enemies":"2 Louse","floor":4,"turns":2},{"damage":15,"enemies":"Gremlin Nob","floor":7,"turns":4},{"damage":8,"enemies":"3 Sentries","floor":14,"turns":3},{"damage":0,"enemies":"Slime Boss","floor":16,"turns":5},{"damage":2,"enemies":"Shell Parasite","floor":18,"turns":3},{"damage":13,"enemies":"2 Thieves","floor":19,"turns":3},{"damage":11,"enemies":"Slavers","floor":23,"turns":2},{"damage":1,"enemies":"Sentry and Sphere","floor":24,"turns":5},{"damage":1,"enemies":"Cultist and Chosen","floor":27,"turns":4},{"damage":11,"enemies":"Gremlin Leader","floor":31,"turns":5},{"damage":20,"enemies":"Automaton","floor":33,"turns":10},{"damage":5,"enemies":"3 Darklings","floor":35,"turns":2},{"damage":7,"enemies":"3 Shapes","floor":38,"turns":2},{"damage":10,"enemies":"Sphere and 2 Shapes","floor":40,"turns":3},{"damage":0,"enemies":"4 Shapes","floor":41,"turns":3},{"damage":0,"enemies":"Jaw Worm Horde","floor":45,"turns":1},{"damage":4,"enemies":"Giant Head","floor":46,"turns":8},{"damage":0,"enemies":"Maw","floor":47,"turns":4},{"damage":0,"enemies":"Reptomancer","floor":48,"turns":5},{"damage":38,"enemies":"Donu and Deca","floor":50,"turns":10}],"seed_played":"-6636421342068669916","potions_obtained":[{"floor":3,"key":"Dexterity Potion"},{"floor":14,"key":"FearPotion"},{"floor":18,"key":"Swift Potion"},{"floor":27,"key":"SteroidPotion"},{"floor":31,"key":"FairyPotion"},{"floor":35,"key":"Block Potion"},{"floor":47,"key":"Dexterity Potion"},{"floor":48,"key":"FearPotion"}],"is_trial":false,"path_per_floor":["M","?","M","M","?","R","E","R","T","?","R","$","R","E","R","B",null,"M","M","?","?","T","E","M","R","T","M","?","?","?","E","R","B",null,"M","?","?","M","$","M","M","R","T","?","M","E","M","E","R","B",null],"character_chosen":"DEFECT","items_purchased":["Consume","Cold Snap","Storm","Dodecahedron"],"campfire_rested":3,"item_purchase_floors":[12,12,39,39],"current_hp_per_floor":[81,81,81,80,60,60,45,45,45,38,38,38,38,30,54,54,82,80,67,67,67,72,66,70,70,70,74,74,79,79,73,82,67,82,82,78,78,76,76,71,76,78,78,78,78,78,78,78,78,40],"gold":232,"neow_bonus":"TEN_PERCENT_HP_BONUS","is_prod":false,"is_daily":false,"chose_seed":false,"campfire_upgraded":6,"win_rate":0.0,"timestamp":1549321529,"path_taken":["M","?","?","M","?","R","E","R","T","?","R","$","R","E","R","BOSS","M","M","?","?","?","E","M","R","T","M","?","?","?","E","R","BOSS","M","?","?","M","$","?","M","R","T","?","M","E","M","E","R","BOSS"],"build_version":"2019-01-23","purchased_purges":2,"victory":true,"max_hp_per_floor":[82,82,82,82,82,82,82,82,82,82,82,82,82,82,82,82,82,82,82,82,82,82,82,82,82,82,82,82,82,82,82,82,82,82,82,78,78,78,78,78,78,78,78,78,78,78,78,78,78,78],"card_choices":[{"not_picked":["Coolheaded","Compile Driver"],"picked":"Ball Lightning","floor":1},{"not_picked":["Blizzard","Compile Driver"],"picked":"Seek","floor":3},{"not_picked":["Coolheaded","Beam Cell"],"picked":"BootSequence","floor":4},{"not_picked":["Redo","Gash"],"picked":"Electrodynamics","floor":7},{"not_picked":["Reinforced Body","Force Field","Gash"],"picked":"SKIP","floor":14},{"not_picked":["Chaos","Lockon"],"picked":"Go for the Eyes+1","floor":18},{"not_picked":["Lockon+1","Steam","Leap"],"picked":"SKIP","floor":19},{"not_picked":["Doom and Gloom","All For One"],"picked":"Glacier+1","floor":23},{"not_picked":["Hologram","Streamline","Barrage"],"picked":"SKIP","floor":24},{"not_picked":["Stack+1","Rip and Tear","Streamline"],"picked":"SKIP","floor":27},{"not_picked":["Gash","Go for the Eyes+1"],"picked":"Reinforced Body+1","floor":31},{"not_picked":["Seek","Amplify"],"picked":"Multi-Cast","floor":33},{"not_picked":["Gash","Sweeping Beam+1","Darkness+1"],"picked":"SKIP","floor":35},{"not_picked":["Gash+1","Ball Lightning+1","Darkness"],"picked":"SKIP","floor":38},{"not_picked":["Barrage","Cold Snap+1","Leap+1"],"picked":"SKIP","floor":40},{"not_picked":["Cold Snap","Auto Shields+1","Streamline"],"picked":"SKIP","floor":41},{"not_picked":["Streamline+1","Scrape+1"],"picked":"Reinforced Body+1","floor":45},{"not_picked":["Heatsinks+1","Steam Power+1","Sweeping Beam+1"],"picked":"SKIP","floor":46},{"not_picked":["Force Field","Hello World","Streamline"],"picked":"SKIP","floor":47},{"not_picked":["Scrape","Gash+1"],"picked":"Fusion","floor":48}],"player_experience":5298,"relics_obtained":[{"floor":7,"key":"Shuriken"},{"floor":9,"key":"Mercury Hourglass"},{"floor":14,"key":"Meat on the Bone"},{"floor":22,"key":"Centennial Puzzle"},{"floor":23,"key":"Mummified Hand"},{"floor":26,"key":"Whetstone"},{"floor":31,"key":"Happy Flower"},{"floor":43,"key":"Regal Pillow"},{"floor":46,"key":"Smiling Mask"},{"floor":48,"key":"Pen Nib"}],"event_choices":[{"cards_removed":["Strike_B"],"damage_healed":0,"gold_gain":0,"player_choice":"Took Card","damage_taken":0,"max_hp_gain":0,"max_hp_loss":0,"event_name":"NoteForYourself","floor":2,"gold_loss":0,"cards_obtained":["Iron Wave"]},{"damage_healed":0,"gold_gain":0,"player_choice":"Take Damage","damage_taken":20,"relics_obtained":["Golden Idol"],"max_hp_gain":0,"max_hp_loss":0,"event_name":"Golden Idol","floor":5,"gold_loss":0},{"cards_removed":["Strike_B"],"damage_healed":0,"gold_gain":0,"player_choice":"Card Removal","damage_taken":7,"max_hp_gain":0,"max_hp_loss":0,"event_name":"Golden Wing","floor":10,"gold_loss":0},{"damage_healed":0,"gold_gain":0,"player_choice":"Ignored","damage_taken":0,"max_hp_gain":0,"max_hp_loss":0,"event_name":"Ghosts","floor":20,"gold_loss":0},{"damage_healed":0,"gold_gain":0,"player_choice":"Gave Idol","damage_taken":0,"relics_obtained":["Bloody Idol"],"max_hp_gain":0,"max_hp_loss":0,"event_name":"Forgotten Altar","floor":21,"relics_lost":["Golden Idol"],"gold_loss":0},{"cards_removed":["Strike_B"],"damage_healed":0,"gold_gain":0,"player_choice":"Gave Gold","damage_taken":0,"max_hp_gain":0,"max_hp_loss":0,"event_name":"Beggar","floor":28,"gold_loss":75},{"damage_healed":0,"gold_gain":99,"player_choice":"Stole From Cult","damage_taken":0,"max_hp_gain":0,"max_hp_loss":0,"event_name":"Nest","floor":29,"gold_loss":0},{"cards_removed":["BootSequence"],"damage_healed":0,"gold_gain":0,"player_choice":"Elegance","damage_taken":0,"max_hp_gain":0,"max_hp_loss":0,"event_name":"Back to Basics","floor":30,"gold_loss":0},{"damage_healed":0,"gold_gain":0,"player_choice":"Max HP","damage_taken":0,"max_hp_gain":0,"max_hp_loss":4,"event_name":"Winding Halls","floor":36,"gold_loss":0},{"damage_healed":0,"gold_gain":0,"player_choice":"Upgraded","damage_taken":0,"max_hp_gain":0,"max_hp_loss":0,"event_name":"Upgrade Shrine","floor":37,"gold_loss":0,"cards_upgraded":["Multi-Cast"]},{"cards_removed":["Defend_B"],"damage_healed":0,"gold_gain":0,"player_choice":"Removed Skill","damage_taken":0,"max_hp_gain":0,"max_hp_loss":0,"event_name":"Falling","floor":44,"gold_loss":0}],"is_beta":true,"boss_relics":[{"not_picked":["Runic Pyramid","Orrery"],"picked":"Snecko Eye"},{"not_picked":["Nuclear Battery","Tiny House"],"picked":"Astrolabe"}],"items_purged_floors":[12,39],"is_endless":false,"potions_floor_spawned":[3,14,18,27,31,35,47,48],"ascension_level":0}