{"gold_per_floor":[110,110,36,36,56,82,82,117,117,127,127],"floor_reached":11,"playtime":221,"items_purged":[],"score":201,"play_id":"eac0d690-68d9-463c-9433-24c8a9abd68c","local_time":"20181224074522","is_ascension_mode":true,"campfire_choices":[{"data":"Go for the Eyes","floor":7,"key":"SMITH"}],"neow_cost":"NONE","seed_source_timestamp":361484345862097,"circlet_count":0,"master_deck":["AscendersBane","Strike_B","Strike_B","Strike_B","Strike_B","Defend_B","Defend_B","Defend_B","Defend_B","Zap","Dualcast","Storm","Capacitor","Glacier","Go for the Eyes+1","White Noise","Heatsinks"],"relics":["Cracked Core","NeowsBlessing","Mercury Hourglass","Dream Catcher","Lantern"],"potions_floor_usage":[8],"damage_taken":[{"damage":0,"enemies":"Jaw Worm","floor":1,"turns":1},{"damage":0,"enemies":"Cultist","floor":5,"turns":1},{"damage":0,"enemies":"Lagavulin","floor":6,"turns":2},{"damage":48,"enemies":"Gremlin Nob","floor":8,"turns":5},{"damage":7,"enemies":"2 Louse","floor":10,"turns":2},{"damage":12,"enemies":"Gremlin Gang","floor":11,"turns":2}],"seed_played":"7659154836200834206","potions_obtained":[{"floor":6,"key":"Block Potion"},{"floor":10,"key":"FearPotion"}],"is_trial":false,"path_per_floor":["M","?","$","?","M","E","R","E","T","M","M"],"character_chosen":"DEFECT","items_purchased":["Capacitor"],"campfire_rested":0,"item_purchase_floors":[3],"current_hp_per_floor":[64,64,64,64,64,64,64,16,16,9,0],"gold":127,"neow_bonus":"THREE_ENEMY_KILL","is_prod":false,"is_daily":false,"chose_seed":false,"campfire_upgraded":1,"win_rate":0,"timestamp":1545655522,"path_taken":["M","?","$","?","M","E","R","E","T","M","M"],"build_version":"2018-12-20","purchased_purges":0,"victory":false,"max_hp_per_floor":[71,71,71,71,71,71,71,71,71,71,71],"card_choices":[{"not_picked":["Leap","Glacier"],"picked":"Storm","floor":1},{"not_picked":["Capacitor","Gash"],"picked":"Glacier","floor":5},{"not_picked":["Cold Snap","Turbo"],"picked":"Go for the Eyes","floor":6},{"not_picked":["Compile Driver","Streamline"],"picked":"White Noise","floor":8},{"not_picked":["Sweeping Beam","Genetic Algorithm"],"picked":"Heatsinks","floor":10}],"player_experience":1948630,"relics_obtained":[{"floor":6,"key":"Mercury Hourglass"},{"floor":8,"key":"Dream Catcher"},{"floor":9,"key":"Lantern"}],"event_choices":[{"damage_healed":0,"gold_gain":0,"player_choice":"Ignored","damage_taken":0,"max_hp_gain":0,"max_hp_loss":0,"event_name":"Shining Light","floor":2,"gold_loss":0},{"damage_healed":0,"gold_gain":0,"player_choice":"Ignored","damage_taken":0,"max_hp_gain":0,"max_hp_loss":0,"event_name":"WeMeetAgain","floor":4,"gold_loss":0}],"is_beta":false,"boss_relics":[],"items_purged_floors":[],"is_endless":false,"potions_floor_spawned":[6,10],"killed_by":"Gremlin Gang","ascension_level":18}