{"path_per_floor":["M","M","M","?","M","M","M","M","T","$","M","R","M","M","R","B",null,"M","$","?","M","$","R","?","R","T","M","?","E","?","?","R"],"character_chosen":"IRONCLAD","items_purchased":["Panache","Happy Flower","Clash"],"gold_per_floor":[110,125,139,139,156,166,185,203,203,20,35,35,50,61,61,158,158,177,30,30,35,12,12,12,12,12,28,28,53,53,53,53],"floor_reached":33,"campfire_rested":2,"playtime":1628,"current_hp_per_floor":[80,80,80,80,79,78,80,80,80,80,80,80,76,74,74,46,80,80,80,80,60,60,80,80,80,80,80,65,42,70,70,85],"items_purged":[],"gold":53,"score":261,"play_id":"9e2913a0-269e-4f72-9e35-2f8ee31f3c04","local_time":"20180316123558","is_prod":false,"is_daily":false,"is_ascension_mode":false,"campfire_upgraded":3,"timestamp":1521196558,"path_taken":["M","M","M","?","M","M","M","M","T","$","M","R","M","M","R","BOSS","M","$","?","M","?","R","?","R","T","M","?","E","?","?","R","BOSS"],"build_version":"2018-03-15","purchased_purges":0,"victory":false,"master_deck":["Strike_R","Strike_R","Strike_R","Strike_R","Strike_R","Defend_R","Defend_R","Defend_R","Defend_R","Bash","Heavy Blade","Anger","Uppercut","Limit Break+1","Cleave","Spot Weakness","Perfected Strike","Panache","Perfected Strike","Double Tap+1","Demon Form+1","Cleave","Shrug It Off","Dropkick","Clash","Clothesline+1","Wild Strike","Clash","Writhe","Perfected Strike","Anger","Decay"],"max_hp_per_floor":[80,80,80,80,80,80,80,80,80,80,80,80,80,80,80,80,80,80,80,80,80,80,80,80,80,80,80,85,85,85,85,85],"relics":["Burning Blood","Juzu Bracelet","Ancient Tea Set","Orrery","Happy Flower","Bag of Preparation","Meat on the Bone","Bag of Marbles"],"card_choices":[{"not_picked":["Perfected Strike","Disarm"],"picked":"Heavy Blade"},{"not_picked":["Ghostly Armor","Iron Wave"],"picked":"Anger"},{"not_picked":["Flame Barrier","Corruption"],"picked":"Uppercut"},{"not_picked":["Headbutt","Heavy Blade"],"picked":"Limit Break"},{"not_picked":["Searing Blow","Pommel Strike"],"picked":"Cleave"},{"not_picked":["Metallicize","Perfected Strike"],"picked":"Spot Weakness"},{"not_picked":["Clothesline","Iron Wave"],"picked":"Perfected Strike"},{"not_picked":["Shockwave","Body Slam"],"picked":"Perfected Strike"},{"not_picked":["Warcry","True Grit"],"picked":"Double Tap"},{"not_picked":["Double Tap","Berserk"],"picked":"Demon Form"},{"not_picked":["Body Slam","Thunderclap"],"picked":"Perfected Strike"},{"not_picked":["Infernal Blade","Perfected Strike"],"picked":"Cleave"},{"not_picked":["True Grit","Twin Strike"],"picked":"Shrug It Off"},{"not_picked":["Pommel Strike","Headbutt"],"picked":"Dropkick"},{"not_picked":["Iron Wave","Disarm"],"picked":"Clash"},{"not_picked":["Immolate","Flame Barrier"],"picked":"Clothesline"},{"not_picked":["Sword Boomerang","Intimidate"],"picked":"Wild Strike"},{"not_picked":["Warcry","True Grit"],"picked":"Perfected Strike"},{"not_picked":["Heavy Blade","Fiend Fire"],"picked":"Anger"}],"player_experience":111825,"potions_floor_usage":[6,8,11,16,16,16,21,33,33],"damage_taken":[{"damage":1,"enemies":"Jaw Worm","floor":1,"turns":3},{"damage":1,"enemies":"Cultist","floor":2,"turns":3},{"damage":3,"enemies":"Small Slimes","floor":3,"turns":3},{"damage":7,"enemies":"Looter","floor":5,"turns":3},{"damage":7,"enemies":"Gremlin Gang","floor":6,"turns":3},{"damage":0,"enemies":"Large Slime","floor":7,"turns":4},{"damage":3,"enemies":"Exordium Thugs","floor":8,"turns":3},{"damage":6,"enemies":"3 Louse","floor":11,"turns":2},{"damage":10,"enemies":"Looter","floor":13,"turns":2},{"damage":8,"enemies":"2 Fungi Beasts","floor":14,"turns":3},{"damage":46,"enemies":"Slime Boss","floor":16,"turns":8},{"damage":5,"enemies":"Spheric Guardian","floor":18,"turns":3},{"damage":35,"enemies":"2 Thieves","floor":21,"turns":4},{"damage":4,"enemies":"Centurion and Healer","floor":27,"turns":3},{"damage":41,"enemies":"Book of Stabbing","floor":29,"turns":4},{"damage":99,"enemies":"Champ","floor":33,"turns":7}],"event_choices":[{"event_name":"The Lab","player_choice":"Got Potions","floor":4,"damage_taken":0},{"event_name":"Back to Basics","player_choice":"Elegance","floor":20,"damage_taken":0},{"event_name":"The Mausoleum","player_choice":"Yes","floor":24,"damage_taken":0},{"event_name":"Forgotten Altar","player_choice":"Shed Blood","floor":28,"damage_taken":0},{"event_name":"The Library","player_choice":"Heal","floor":30,"damage_taken":0},{"event_name":"Wheel of Change","player_choice":"Curse","floor":31,"damage_taken":0}],"boss_relics":[{"not_picked":["Lizard Tail","Runic Cube"],"picked":"Orrery"}],"potions_floor_spawned":[1,6,8,11,13,16,27,29],"seed_played":"-1024523868061368608","killed_by":"Champ","ascension_level":0,"is_trial":false}