{"gold_per_floor":[114,114,129,39,54,84,99,129,129,159,234,234,298,328,328,428,428,428,428,428,321,21,21,21,21,21,21,21,21,21,21,21,21,21,21,21,21,21,21,21,21,21,21,21,21,21,21,21,21,21],"floor_reached":51,"playtime":2360,"items_purged":[],"score":1226,"play_id":"6b3a35f0-7816-4e59-a98d-e52c7b5b458d","local_time":"20180910130907","daily_mods":["Specialized","Elite Swarm","Binary"],"is_ascension_mode":false,"campfire_choices":[{"data":"Neutralize","floor":12.0,"key":"SMITH"},{"data":"After Image","floor":15.0,"key":"SMITH"},{"data":"Noxious Fumes","floor":28,"key":"SMITH"},{"data":"After Image","floor":32,"key":"SMITH"},{"data":"Adrenaline","floor":42,"key":"SMITH"},{"floor":47,"key":"REST"},{"data":"Adrenaline","floor":49,"key":"SMITH"}],"neow_cost":"","seed_source_timestamp":0,"circlet_count":0,"master_deck":["Defend_G","Defend_G","Defend_G","Defend_G","Defend_G","Strike_G","Strike_G","Strike_G","Strike_G","Strike_G","Survivor","Neutralize+1","Venomology","Venomology","Venomology","Venomology","Venomology","Deadly Poison","Crippling Poison","Noxious Fumes+1","Poisoned Stab","Poisoned Stab","Night Terror","Dash","Wraith Form v2","Glass Knife","After Image+1","Adrenaline+1","Catalyst","Backstab","Well Laid Plans","Corpse Explosion","Backstab","After Image+1","Adrenaline+1","Dodge and Roll+1","Infinite Blades","Adrenaline","Heel Hook+1","Writhe","Predator+1","Burst","Backflip+1","Storm of Steel+1","Malaise+1","PiercingWail+1","Storm of Steel+1"],"special_seed":17784,"relics":["Ring of the Snake","Pear","Question Card","Dodecahedron","Darkstone Periapt","Ninja Scroll","Pen Nib","Ectoplasm","Dream Catcher","Centennial Puzzle","Snake Skull","Ancient Tea Set","Turnip","Du-Vu Doll","Strawberry","Thread and Needle","Black Star","Omamori","Orichalcum","Toxic Egg 2","Singing Bowl","Paper Crane","Regal Pillow","Anchor","Shuriken","The Courier"],"potions_floor_usage":[18,18,23,23,25,27,27,27,29,29,30,30,31,33,33,33,33,33,37,39,39,39,40,40,40,40,41,44,44,48,50,50,50,50,50,50],"damage_taken":[{"damage":0.0,"enemies":"2 Louse","floor":1.0,"turns":3.0},{"damage":0.0,"enemies":"Cultist","floor":3.0,"turns":5.0},{"damage":0.0,"enemies":"Jaw Worm","floor":5.0,"turns":4.0},{"damage":1.0,"enemies":"Gremlin Nob","floor":6.0,"turns":4.0},{"damage":0.0,"enemies":"Looter","floor":7.0,"turns":4.0},{"damage":13.0,"enemies":"3 Sentries","floor":8.0,"turns":6.0},{"damage":18.0,"enemies":"Lagavulin","floor":10.0,"turns":7.0},{"damage":0.0,"enemies":"Gremlin Nob","floor":14.0,"turns":3.0},{"damage":37.0,"enemies":"The Guardian","floor":16.0,"turns":10.0},{"damage":0,"enemies":"Spheric Guardian","floor":18,"turns":3},{"damage":0,"enemies":"Book of Stabbing","floor":23,"turns":5},{"damage":0,"enemies":"Chosen","floor":24,"turns":3},{"damage":5,"enemies":"Slavers","floor":25,"turns":3},{"damage":2,"enemies":"Book of Stabbing","floor":27,"turns":4},{"damage":2,"enemies":"Centurion and Healer","floor":29,"turns":2},{"damage":0,"enemies":"3 Cultists","floor":30,"turns":6},{"damage":0,"enemies":"Sentry and Sphere","floor":31,"turns":3},{"damage":0,"enemies":"Automaton","floor":33,"turns":7},{"damage":0,"enemies":"Orb Walker","floor":35,"turns":3},{"damage":1,"enemies":"3 Shapes","floor":37,"turns":4},{"damage":0,"enemies":"Sphere and 2 Shapes","floor":39,"turns":5},{"damage":0,"enemies":"2 Orb Walkers","floor":40,"turns":5},{"damage":0,"enemies":"4 Shapes","floor":41,"turns":4},{"damage":10,"enemies":"Nemesis","floor":44,"turns":5},{"damage":0,"enemies":"2 Orb Walkers","floor":46,"turns":3},{"damage":0,"enemies":"Nemesis","floor":48,"turns":7},{"damage":0,"enemies":"Awakened One","floor":50,"turns":13}],"seed_played":"5534919717268353770","potions_obtained":[{"floor":7.0,"key":"Fire Potion"},{"floor":10.0,"key":"Regen Potion"},{"floor":18,"key":"Block Potion"},{"floor":24,"key":"LiquidBronze"},{"floor":27,"key":"Swift Potion"},{"floor":33,"key":"AttackPotion"}],"is_trial":false,"path_per_floor":["M","?","M","$","M","E","M","E","T","E","T","R","?","E","R","B",null,"M","?","?","$","$","E","M","E","T","E","R","M","M","M","R","B",null,"M","$","M","?","M","E","M","R","T","E","$","E","R","E","R","B"],"character_chosen":"THE_SILENT","items_purchased":["Noxious Fumes","Poisoned Stab","Backstab","Well Laid Plans","Snake Skull","Ancient Tea Set"],"campfire_rested":1,"item_purchase_floors":[4,4,21,21,22,22],"current_hp_per_floor":[70,70,70,70,70,79,79,66,66,48,48,48,48,48,48,26,80,80,80,80,80,80,80,80,75,82,80,80,78,87,87,87,87,87,87,87,86,93,93,93,93,93,93,83,83,83,93,93,93,93],"gold":21,"neow_bonus":"","is_prod":false,"is_daily":true,"chose_seed":false,"campfire_upgraded":6,"win_rate":0,"timestamp":1536577747,"path_taken":["M","?","M","$","M","E","M","E","T","E","?","R","?","E","R","BOSS","M","?","?","?","$","E","M","E","T","E","R","M","M","M","R","BOSS","M","$","M","?","M","E","M","R","T","E","$","E","R","E","R","BOSS"],"build_version":"2018-09-06","purchased_purges":0,"victory":true,"max_hp_per_floor":[70,70,70,70,70,80,80,80,80,80,80,80,80,80,80,80,80,80,80,80,80,80,80,80,80,87,87,87,87,87,87,87,87,87,87,87,87,93,93,93,93,93,93,93,93,93,93,93,93,93],"card_choices":[{"not_picked":["Bane"],"picked":"Deadly Poison","floor":1.0},{"not_picked":["Underhanded Strike"],"picked":"Crippling Poison","floor":3.0},{"not_picked":["Infinite Blades"],"picked":"Poisoned Stab","floor":5.0},{"not_picked":["Storm of Steel"],"picked":"Night Terror","floor":6.0},{"not_picked":["Bane"],"picked":"Dash","floor":7.0},{"not_picked":["Night Terror"],"picked":"Wraith Form v2","floor":8.0},{"not_picked":["Phantasmal Killer","Burst"],"picked":"Glass Knife","floor":10.0},{"not_picked":["Grand Finale","Die Die Die"],"picked":"After Image","floor":14.0},{"not_picked":["Die Die Die","Night Terror"],"picked":"Adrenaline","floor":16.0},{"not_picked":["Noxious Fumes","Poisoned Stab"],"picked":"Catalyst","floor":18},{"not_picked":["Phantasmal Killer","Unload"],"picked":"Corpse Explosion","floor":23},{"not_picked":["Choke","Backflip"],"picked":"Backstab","floor":24},{"not_picked":["Venomology","Unload"],"picked":"After Image","floor":25},{"not_picked":["Glass Knife","Night Terror"],"picked":"Adrenaline","floor":27},{"not_picked":["Noxious Fumes","Caltrops"],"picked":"Dodge and Roll+1","floor":29},{"not_picked":["Expertise","Underhanded Strike","Dodge and Roll"],"picked":"SKIP","floor":30},{"not_picked":["Accuracy","Underhanded Strike"],"picked":"Infinite Blades","floor":31},{"not_picked":["Grand Finale","Wraith Form v2"],"picked":"Adrenaline","floor":33},{"not_picked":["Blade Dance","Deflect"],"picked":"Heel Hook+1","floor":35},{"not_picked":["Outmaneuver","Quick Slash+1","Deflect"],"picked":"SKIP","floor":37},{"not_picked":["Terror","Backflip+1"],"picked":"Predator+1","floor":39},{"not_picked":["Night Terror","Grand Finale"],"picked":"Burst","floor":40},{"not_picked":["Sucker Punch","Deadly Poison"],"picked":"Backflip+1","floor":41},{"not_picked":["Bullet Time+1","A Thousand Cuts"],"picked":"Storm of Steel+1","floor":44},{"not_picked":["Envenom","Burst+1"],"picked":"Malaise+1","floor":46},{"not_picked":["Slice+1","Bane+1"],"picked":"PiercingWail+1","floor":47},{"not_picked":["Phantasmal Killer+1","Corpse Explosion+1"],"picked":"Storm of Steel+1","floor":48}],"player_experience":1424446,"relics_obtained":[{"floor":6.0,"key":"Pear"},{"floor":8.0,"key":"Question Card"},{"floor":9.0,"key":"Dodecahedron"},{"floor":10.0,"key":"Darkstone Periapt"},{"floor":11.0,"key":"Ninja Scroll"},{"floor":14.0,"key":"Pen Nib"},{"floor":20,"key":"Centennial Puzzle"},{"floor":23,"key":"Turnip"},{"floor":25,"key":"Du-Vu Doll"},{"floor":26,"key":"Strawberry"},{"floor":27,"key":"Thread and Needle"},{"floor":40,"key":"Omamori"},{"floor":40,"key":"Orichalcum"},{"floor":43,"key":"Toxic Egg 2"},{"floor":44,"key":"Singing Bowl"},{"floor":44,"key":"Paper Crane"},{"floor":46,"key":"Regal Pillow"},{"floor":46,"key":"Anchor"},{"floor":48,"key":"Shuriken"},{"floor":48,"key":"The Courier"}],"event_choices":[{"event_name":"Golden Idol","player_choice":"Ignored","floor":2.0,"damage_taken":0.0},{"event_name":"Golden Wing","player_choice":"Gained Gold","floor":13.0,"damage_taken":0.0},{"event_name":"The Mausoleum","player_choice":"Yes","floor":19,"damage_taken":0},{"event_name":"Wheel of Change","player_choice":"Relic","floor":20,"damage_taken":0},{"event_name":"Winding Halls","player_choice":"Writhe","floor":38,"damage_taken":0}],"is_beta":false,"boss_relics":[{"not_picked":["Ring of the Serpent","Velvet Choker"],"picked":"Ectoplasm"},{"not_picked":["Eternal Feather","Tiny House"],"picked":"Black Star"}],"items_purged_floors":[],"is_endless":false,"potions_floor_spawned":[5,7,10,16,18,24,27,33,41,44],"ascension_level":0}