{"gold_per_floor":[109,126,27,45,45,45,45,70,70,70,90,45,60,77,77,175,175,188,54,66,17,34,34,50,50],"floor_reached":25,"playtime":745,"items_purged":[],"score":293,"play_id":"e9d762ac-6255-4281-88e5-f6515f5e0ad6","local_time":"20181024233142","is_ascension_mode":true,"campfire_choices":[{"data":"Zap","floor":6,"key":"SMITH"},{"floor":10,"key":"REST"},{"data":"Defragment","floor":15,"key":"SMITH"},{"floor":23,"key":"REST"}],"neow_cost":"NONE","seed_source_timestamp":375423759961227,"circlet_count":0,"master_deck":["Strike_B+1","Strike_B","Strike_B","Strike_B","Defend_B","Defend_B","Defend_B","Defend_B","Zap+1","Dualcast","Gash","Coolheaded","Defragment+1","Streamline+1","Rebound","Zap","Rainbow","Auto Shields","Ball Lightning","Leap","Creative AI","Steam","Cold Snap","Dramatic Entrance","Gash","Darkness","Turbo"],"relics":["Cracked Core","Singing Bowl","Sundial","Inserter"],"potions_floor_usage":[8,11,16,22,24],"damage_taken":[{"damage":0,"enemies":"Cultist","floor":1,"turns":4},{"damage":2,"enemies":"Jaw Worm","floor":2,"turns":3},{"damage":1,"enemies":"Small Slimes","floor":4,"turns":4},{"damage":5,"enemies":"Gremlin Nob","floor":8,"turns":3},{"damage":4,"enemies":"Looter","floor":11,"turns":3},{"damage":1,"enemies":"Blue Slaver","floor":13,"turns":3},{"damage":13,"enemies":"Lots of Slimes","floor":14,"turns":3},{"damage":0,"enemies":"Slime Boss","floor":16,"turns":6},{"damage":23,"enemies":"Shell Parasite","floor":18,"turns":6},{"damage":28,"enemies":"2 Thieves","floor":20,"turns":5},{"damage":16,"enemies":"Snake Plant","floor":22,"turns":4},{"damage":4,"enemies":"Cultist and Chosen","floor":24,"turns":6},{"damage":42,"enemies":"Shelled Parasite and Fungi","floor":25,"turns":5}],"seed_played":"8067647219087638063","potions_obtained":[{"floor":1,"key":"Explosive Potion"},{"floor":8,"key":"AttackPotion"},{"floor":14,"key":"AttackPotion"},{"floor":18,"key":"LiquidBronze"},{"floor":22,"key":"SkillPotion"},{"floor":24,"key":"Ancient Potion"}],"is_trial":false,"path_per_floor":["M","M","$","M","?","R","?","E","T","R","M","$","M","M","R","B",null,"M","$","M","$","M","R","M"],"character_chosen":"DEFECT","items_purchased":["Defragment","Streamline","Ball Lightning","Cold Snap","Dramatic Entrance","PowerPotion"],"campfire_rested":2,"item_purchase_floors":[3,3,12,19,19,21],"current_hp_per_floor":[82,80,80,79,79,79,63,58,58,82,78,78,77,66,66,66,84,61,61,33,33,17,42,38,0],"gold":50,"neow_bonus":"TEN_PERCENT_HP_BONUS","is_prod":false,"is_daily":false,"chose_seed":false,"campfire_upgraded":2,"win_rate":0,"timestamp":1540441902,"path_taken":["M","M","$","?","?","R","?","E","T","R","M","?","M","M","R","BOSS","M","$","M","$","M","R","M","M"],"build_version":"2018-10-23","purchased_purges":0,"victory":false,"max_hp_per_floor":[82,82,82,82,82,82,82,82,82,82,82,82,82,84,84,84,84,84,84,84,84,84,84,84,84],"card_choices":[{"not_picked":["Tempest","Double Energy"],"picked":"Gash","floor":1},{"not_picked":["Redo","Steam"],"picked":"Coolheaded","floor":2},{"not_picked":["Fusion","FTL"],"picked":"Rebound","floor":4},{"not_picked":["Go for the Eyes","Cold Snap"],"picked":"Rainbow","floor":8},{"not_picked":["Gash","Barrage"],"picked":"Auto Shields","floor":11},{"not_picked":["Consume","Compile Driver"],"picked":"Leap","floor":13},{"not_picked":["Storm","Sunder","Hologram"],"picked":"Singing Bowl","floor":14},{"not_picked":["All For One","Fission"],"picked":"Creative AI","floor":16},{"not_picked":["Rebound","Capacitor"],"picked":"Steam","floor":18},{"not_picked":["Redo","Streamline"],"picked":"Gash","floor":20},{"not_picked":["Barrage","Force Field"],"picked":"Darkness","floor":22},{"not_picked":["Go for the Eyes","Hologram+1"],"picked":"Turbo","floor":24}],"player_experience":464645,"relics_obtained":[{"floor":8,"key":"Singing Bowl"},{"floor":9,"key":"Sundial"}],"event_choices":[{"damage_healed":0,"gold_gain":0,"player_choice":"1 cards matched","damage_taken":0,"max_hp_gain":0,"max_hp_loss":0,"event_name":"Match and Keep!","floor":5,"gold_loss":0,"cards_obtained":["Zap"]},{"damage_healed":0,"gold_gain":0,"player_choice":"Entered Light","damage_taken":16,"max_hp_gain":0,"max_hp_loss":0,"event_name":"Shining Light","floor":7,"gold_loss":0,"cards_upgraded":["Streamline","Strike_B"]}],"is_beta":true,"boss_relics":[{"not_picked":["Calling Bell","Fusion Hammer"],"picked":"Inserter"}],"items_purged_floors":[],"is_endless":false,"potions_floor_spawned":[1,8,14,18,22,24],"killed_by":"Shelled Parasite and Fungi","ascension_level":3}