{"gold_per_floor":[109,123,134,146,159,187,187,152,179,179,209,209,275,287,287,287],"floor_reached":16,"playtime":1518,"items_purged":[],"score":112,"play_id":"afa5284c-d4f7-4e99-ad93-b3d3193b9914","local_time":"20180707220057","is_ascension_mode":false,"campfire_choices":[{"floor":7,"key":"REST"},{"data":"Choke","floor":10,"key":"SMITH"},{"data":"Tactician","floor":12,"key":"SMITH"},{"data":"Skewer","floor":15,"key":"SMITH"}],"neow_cost":"NONE","seed_source_timestamp":44548775275180,"circlet_count":0,"master_deck":["Defend_G","Defend_G","Defend_G","Defend_G","Defend_G","Strike_G","Strike_G","Strike_G","Strike_G","Strike_G","Survivor","Neutralize","Outmaneuver","Poisoned Stab","Outmaneuver","Skewer+1","Choke+1","Heel Hook","Flying Knee","Tactician+1","Backstab"],"relics":["Ring of the Snake","Happy Flower","Regal Pillow","Oddly Smooth Stone"],"potions_floor_usage":[6,6,11],"damage_taken":[{"damage":0,"enemies":"Cultist","floor":1,"turns":4},{"damage":11,"enemies":"Jaw Worm","floor":2,"turns":5},{"damage":1,"enemies":"2 Louse","floor":3,"turns":4},{"damage":17,"enemies":"Exordium Thugs","floor":4,"turns":6},{"damage":6,"enemies":"Exordium Wildlife","floor":5,"turns":4},{"damage":28,"enemies":"Lagavulin","floor":6,"turns":7},{"damage":9,"enemies":"3 Sentries","floor":11,"turns":8},{"damage":0,"enemies":"2 Fungi Beasts","floor":14,"turns":3},{"damage":37,"enemies":"The Guardian","floor":16,"turns":11}],"seed_played":"-2002424863388012607","potions_obtained":[{"floor":1,"key":"SkillPotion"},{"floor":4,"key":"Swift Potion"},{"floor":6,"key":"Swift Potion"}],"is_trial":false,"path_per_floor":["M","M","M","M","M","E","R","?","T","R","E","R","?","M","R"],"character_chosen":"THE_SILENT","items_purchased":[],"campfire_rested":1,"item_purchase_floors":[],"current_hp_per_floor":[70,59,58,41,35,7,28,45,45,45,36,36,36,36,36,0],"gold":287,"neow_bonus":"THREE_CARDS","is_prod":false,"is_daily":false,"chose_seed":false,"campfire_upgraded":3,"win_rate":0.0,"timestamp":1530966657,"path_taken":["M","M","M","M","M","E","R","?","T","R","E","R","?","?","R","BOSS"],"build_version":"2018-07-05","purchased_purges":0,"victory":false,"max_hp_per_floor":[70,70,70,70,70,70,70,70,70,70,70,70,70,70,70,70],"card_choices":[{"not_picked":["Heel Hook","Infinite Blades"],"picked":"Outmaneuver","floor":0},{"not_picked":["Dodge and Roll","Bane"],"picked":"Poisoned Stab","floor":1},{"not_picked":["Dodge and Roll","Dagger Spray"],"picked":"Outmaneuver","floor":2},{"not_picked":["Dagger Throw","Quick Slash"],"picked":"Skewer","floor":3},{"not_picked":["Flying Knee","Infinite Blades"],"picked":"Choke","floor":4},{"not_picked":["Dagger Throw","Quick Slash"],"picked":"Heel Hook","floor":5},{"not_picked":["Skewer","Slice"],"picked":"Flying Knee","floor":6},{"not_picked":["Predator","Deadly Poison"],"picked":"Tactician","floor":11},{"not_picked":["Deflect","Footwork"],"picked":"Backstab","floor":14}],"player_experience":24810,"relics_obtained":[{"floor":6,"key":"Happy Flower"},{"floor":9,"key":"Regal Pillow"},{"floor":11,"key":"Oddly Smooth Stone"}],"event_choices":[{"event_name":"The Cleric","player_choice":"Healed","floor":8,"damage_taken":0},{"event_name":"Golden Wing","player_choice":"Gained Gold","floor":13,"damage_taken":0}],"boss_relics":[],"items_purged_floors":[],"is_endless":false,"potions_floor_spawned":[1,4,6],"killed_by":"The Guardian","ascension_level":0}