{"gold_per_floor":[111,78,90,10,10,10,43,62,140,140,140,140,160,179,179,305,305,329,383,87,100,124,124,148,148,148,171,185,204,204,204,204,328,328,342,32,53,71,71,71,85,128,151,175,175,175,175,196,196,196],"floor_reached":51,"playtime":2692,"items_purged":["Strike_B","Strike_B"],"score":1022,"play_id":"496b0c71-eeed-4176-a8cf-9f7899165873","local_time":"20190107210922","is_ascension_mode":true,"campfire_choices":[{"data":"Defragment","floor":6,"key":"SMITH"},{"data":"Barrage","floor":10,"key":"SMITH"},{"data":"Conserve Battery","floor":12,"key":"SMITH"},{"data":"Tempest","floor":15,"key":"SMITH"},{"floor":23,"key":"REST"},{"floor":25,"key":"REST"},{"floor":32,"key":"REST"},{"floor":40,"key":"REST"},{"floor":45,"key":"REST"},{"data":"Blizzard","floor":47,"key":"SMITH"},{"floor":49,"key":"REST"}],"neow_cost":"NONE","seed_source_timestamp":243982446775643,"circlet_count":0,"master_deck":["AscendersBane","Defend_B","Defend_B","Defend_B","Zap+1","Dualcast","Glacier","Conserve Battery+1","Defragment+1","Double Energy+1","Barrage+1","FTL","Tempest+1","All For One","Ball Lightning","Blizzard+1","Barrage+1","FTL","Glacier","Go for the Eyes+1","Echo Form+1","Echo Form+1","Electrodynamics+1","Undo+1","Self Repair+1","Conserve Battery+1","Reinforced Body+1"],"relics":["FrozenCore","Tiny Chest","Golden Idol","Mango","Frozen Egg 2","Strawberry","Happy Flower","Bottled Tornado","Regal Pillow","Philosopher\u0027s Stone","Oddly Smooth Stone","Symbiotic Virus","Potion Belt"],"potions_floor_usage":[7,14,16,24,33,50,50,50],"damage_taken":[{"damage":2,"enemies":"Jaw Worm","floor":1,"turns":3},{"damage":1,"enemies":"Cultist","floor":3,"turns":3},{"damage":23,"enemies":"Gremlin Nob","floor":7,"turns":6},{"damage":1,"enemies":"2 Louse","floor":8,"turns":3},{"damage":2,"enemies":"2 Fungi Beasts","floor":13,"turns":4},{"damage":4,"enemies":"Exordium Thugs","floor":14,"turns":3},{"damage":30,"enemies":"Slime Boss","floor":16,"turns":8},{"damage":0,"enemies":"Chosen","floor":18,"turns":3},{"damage":25,"enemies":"2 Thieves","floor":21,"turns":4},{"damage":37,"enemies":"Cultist and Chosen","floor":22,"turns":6},{"damage":9,"enemies":"Centurion and Healer","floor":24,"turns":5},{"damage":11,"enemies":"Snecko","floor":27,"turns":4},{"damage":9,"enemies":"Shelled Parasite and Fungi","floor":28,"turns":5},{"damage":0,"enemies":"Centurion and Healer","floor":29,"turns":5},{"damage":53,"enemies":"Automaton","floor":33,"turns":11},{"damage":45,"enemies":"3 Darklings","floor":35,"turns":5},{"damage":0,"enemies":"3 Shapes","floor":37,"turns":3},{"damage":1,"enemies":"3 Darklings","floor":38,"turns":3},{"damage":4,"enemies":"Maw","floor":41,"turns":7},{"damage":80,"enemies":"Giant Head","floor":42,"turns":12},{"damage":5,"enemies":"Sphere and 2 Shapes","floor":44,"turns":5},{"damage":0,"enemies":"4 Shapes","floor":48,"turns":4},{"damage":8,"enemies":"Donu and Deca","floor":50,"turns":6}],"seed_played":"6900555153281300270","potions_obtained":[{"floor":1,"key":"Block Potion"},{"floor":3,"key":"Regen Potion"},{"floor":8,"key":"Fire Potion"},{"floor":22,"key":"Swift Potion"},{"floor":24,"key":"SteroidPotion"},{"floor":29,"key":"Explosive Potion"},{"floor":37,"key":"FocusPotion"},{"floor":44,"key":"Strength Potion"},{"floor":48,"key":"Poison Potion"}],"is_trial":false,"path_per_floor":["M","?","M","$","?","R","E","M","T","R","?","R","M","M","R","B",null,"M","T","$","M","M","R","M","R","T","M","M","M","?","T","R","B",null,"M","$","M","M","?","R","M","E","T","M","R","?","R","M","R","B",null],"character_chosen":"DEFECT","items_purchased":["Defragment","Happy Flower","Blizzard","Oddly Smooth Stone","Self Repair+1"],"campfire_rested":6,"item_purchase_floors":[4,20,20,36,36],"current_hp_per_floor":[66,66,65,65,65,65,56,55,55,55,55,55,53,49,49,33,71,71,78,78,53,16,43,34,61,61,50,41,41,41,41,83,30,75,30,30,40,49,49,90,90,20,20,35,77,77,77,77,90,82],"gold":196,"neow_bonus":"UPGRADE_CARD","is_prod":false,"is_daily":false,"chose_seed":false,"campfire_upgraded":5,"win_rate":0,"timestamp":1546862962,"path_taken":["M","?","?","?","?","R","E","M","T","R","?","R","M","M","R","BOSS","M","?","$","M","M","R","M","R","T","M","M","M","?","?","R","BOSS","M","$","M","M","?","R","M","E","T","M","R","?","R","M","R","BOSS"],"build_version":"2019-01-03v4","purchased_purges":2,"victory":true,"max_hp_per_floor":[75,75,75,75,69,69,83,83,83,83,83,83,83,83,83,83,83,83,90,90,90,90,90,90,90,90,90,90,90,90,90,90,90,90,90,90,90,90,90,90,90,90,90,90,90,90,90,90,90,90],"card_choices":[{"not_picked":["Compile Driver","Streamline"],"picked":"Glacier","floor":1},{"not_picked":["Force Field","Sunder"],"picked":"Conserve Battery","floor":3},{"not_picked":["Genetic Algorithm","Coolheaded"],"picked":"Double Energy","floor":7},{"not_picked":["Coolheaded","Undo"],"picked":"Barrage","floor":8},{"not_picked":["Coolheaded","Leap"],"picked":"FTL","floor":13},{"not_picked":["Cold Snap","Conserve Battery"],"picked":"Tempest","floor":14},{"not_picked":["Biased Cognition+1","Multi-Cast"],"picked":"All For One","floor":16},{"not_picked":["Hologram","Compile Driver"],"picked":"Ball Lightning","floor":18},{"not_picked":["Reprogram+1","Gash"],"picked":"Barrage+1","floor":21},{"not_picked":["Barrage+1","Ball Lightning+1","Gash+1"],"picked":"SKIP","floor":22},{"not_picked":["Reprogram+1","Heatsinks+1","Meteor Strike"],"picked":"SKIP","floor":24},{"not_picked":["Hologram","Double Energy"],"picked":"FTL","floor":27},{"not_picked":["Streamline+1","Barrage+1"],"picked":"Glacier","floor":28},{"not_picked":["Compile Driver","Redo"],"picked":"Go for the Eyes+1","floor":29},{"not_picked":["Hyperbeam","Rainbow"],"picked":"Electrodynamics+1","floor":33},{"not_picked":["Compile Driver","Skim+1"],"picked":"Undo+1","floor":35},{"not_picked":["Cold Snap+1","Hologram+1"],"picked":"Conserve Battery+1","floor":37},{"not_picked":["Compile Driver+1","Steam+1"],"picked":"Reinforced Body+1","floor":38},{"not_picked":["Sunder+1","Reinforced Body","Steam+1"],"picked":"SKIP","floor":41},{"not_picked":["Genetic Algorithm","Amplify","Steam Power+1"],"picked":"SKIP","floor":42},{"not_picked":["Stack+1","Turbo","Rebound"],"picked":"SKIP","floor":44},{"not_picked":["Steam","Fusion+1","Hello World+1"],"picked":"SKIP","floor":48}],"player_experience":340556,"relics_obtained":[{"floor":7,"key":"Mango"},{"floor":9,"key":"Frozen Egg 2"},{"floor":19,"key":"Strawberry"},{"floor":26,"key":"Bottled Tornado"},{"floor":31,"key":"Regal Pillow"},{"floor":42,"key":"Symbiotic Virus"},{"floor":43,"key":"Potion Belt"}],"event_choices":[{"damage_healed":0,"gold_gain":0,"player_choice":"Paid Gold","damage_taken":0,"relics_obtained":["Tiny Chest"],"max_hp_gain":0,"max_hp_loss":0,"event_name":"WeMeetAgain","floor":2,"gold_loss":63},{"damage_healed":0,"gold_gain":0,"player_choice":"Lose Max HP","damage_taken":0,"relics_obtained":["Golden Idol"],"max_hp_gain":0,"max_hp_loss":6,"event_name":"Golden Idol","floor":5,"gold_loss":0},{"damage_healed":0,"gold_gain":0,"player_choice":"Upgraded","damage_taken":0,"max_hp_gain":0,"max_hp_loss":0,"event_name":"Upgrade Shrine","floor":11,"gold_loss":0,"cards_upgraded":["Double Energy"]},{"damage_healed":0,"gold_gain":0,"cards_transformed":["Strike_B","Strike_B"],"player_choice":"Became Test Subject","damage_taken":0,"max_hp_gain":0,"max_hp_loss":0,"event_name":"Drug Dealer","floor":30,"gold_loss":0,"cards_obtained":["Echo Form","Echo Form"]},{"damage_healed":0,"gold_gain":0,"player_choice":"Ignored","damage_taken":0,"max_hp_gain":0,"max_hp_loss":0,"event_name":"Mysterious Sphere","floor":39,"gold_loss":0},{"cards_removed":["Defend_B"],"damage_healed":0,"gold_gain":0,"player_choice":"Offered Basic","damage_taken":0,"max_hp_gain":0,"max_hp_loss":0,"event_name":"Bonfire Elementals","floor":46,"gold_loss":0}],"is_beta":false,"boss_relics":[{"not_picked":["Pandora\u0027s Box","Calling Bell"],"picked":"FrozenCore"},{"not_picked":["Fusion Hammer","White Beast Statue"],"picked":"Philosopher\u0027s Stone"}],"items_purged_floors":[20,36],"is_endless":false,"potions_floor_spawned":[1,3,8,22,24,29,37,44,48],"ascension_level":10}