{"path_per_floor":["M","M","$","M","?","R","E","M","T","E","$","?","M","M","R"],"character_chosen":"IRONCLAD","items_purchased":["Combust","Flex","Strange Spoon","Corruption","Iron Wave"],"gold_per_floor":[117,137,18,38,213,213,241,259,283,318,34,34,49,61,61,61],"floor_reached":16,"campfire_rested":1,"playtime":1125,"current_hp_per_floor":[75,79,79,77,77,77,29,33,33,21,21,21,14,7,31,0],"items_purged":[],"gold":61,"score":112,"play_id":"9ee78bac-d0aa-4b2b-867a-c642d5a7c639","local_time":"20180521180932","is_prod":false,"is_daily":false,"chose_seed":false,"is_ascension_mode":false,"campfire_upgraded":1,"timestamp":1526940572,"campfire_choices":[{"data":"Blood for Blood","floor":6,"key":"SMITH"},{"floor":15,"key":"REST"}],"path_taken":["M","M","$","M","?","R","E","M","T","E","$","?","M","?","R","BOSS"],"build_version":"2018-05-17","seed_source_timestamp":52365284472511,"purchased_purges":0,"victory":false,"master_deck":["Strike_R","Strike_R","Strike_R","Strike_R","Strike_R","Defend_R","Defend_R","Defend_R","Defend_R","Bash","Perfected Strike","Blood for Blood+1","Combust","Flex","Wild Strike","Fiend Fire","Flame Barrier","Rampage","Corruption","Iron Wave","Perfected Strike","Thunderclap"],"max_hp_per_floor":[80,80,80,80,80,80,80,80,80,80,80,80,80,80,80,80],"relics":["Burning Blood","Vajra","Bag of Preparation","Oddly Smooth Stone","Strange Spoon"],"card_choices":[{"not_picked":["Sword Boomerang","True Grit"],"picked":"Perfected Strike","floor":1},{"not_picked":["Second Wind","Body Slam"],"picked":"Blood for Blood","floor":2},{"not_picked":["Spot Weakness","Twin Strike"],"picked":"Wild Strike","floor":4},{"not_picked":["Wild Strike","Clash"],"picked":"Fiend Fire","floor":7},{"not_picked":["Heavy Blade","Armaments"],"picked":"Flame Barrier","floor":8},{"not_picked":["True Grit","Clothesline"],"picked":"Rampage","floor":10},{"not_picked":["Infernal Blade","True Grit"],"picked":"Perfected Strike","floor":13},{"not_picked":["Pommel Strike","Clash"],"picked":"Thunderclap","floor":14}],"player_experience":39665,"potions_floor_usage":[14,14,14],"damage_taken":[{"damage":11,"enemies":"2 Louse","floor":1,"turns":3},{"damage":2,"enemies":"Small Slimes","floor":2,"turns":4},{"damage":8,"enemies":"Cultist","floor":4,"turns":3},{"damage":54,"enemies":"Lagavulin","floor":7,"turns":6},{"damage":2,"enemies":"Large Slime","floor":8,"turns":4},{"damage":18,"enemies":"Gremlin Nob","floor":10,"turns":4},{"damage":13,"enemies":"Gremlin Gang","floor":13,"turns":5},{"damage":13,"enemies":"Exordium Wildlife","floor":14,"turns":2},{"damage":37,"enemies":"Hexaghost","floor":16,"turns":7}],"relics_obtained":[{"floor":7,"key":"Vajra"},{"floor":9,"key":"Bag of Preparation"},{"floor":10,"key":"Oddly Smooth Stone"}],"event_choices":[{"event_name":"Liars Game","player_choice":"agreed","floor":5,"damage_taken":0},{"event_name":"Fountain of Cleansing","player_choice":"Removed Curse","floor":12,"damage_taken":0}],"boss_relics":[],"potions_floor_spawned":[4,7,10],"seed_played":"4916176967059588294","killed_by":"Hexaghost","ascension_level":0,"potions_obtained":[{"floor":4,"key":"SteroidPotion"},{"floor":7,"key":"LiquidBronze"},{"floor":10,"key":"AttackPotion"}],"is_trial":false}