{"gold_per_floor":[362,378,108,119,133,133,159,159,212,224,224,37,2,33,33,131,131,131,3,3,3,3,3,3,3,3,3,3,3,3,3,3,3,3,3,3,0,0,0,0,0,0,0,0,0,0,0,0,0,0,0,0,0,0,0],"floor_reached":56,"playtime":3196,"items_purged":["Strike_B"],"score":1234,"play_id":"4fec1526-c24a-4494-9629-052809e6e3b5","local_time":"20190215182044","is_ascension_mode":false,"campfire_choices":[{"data":"Doom and Gloom","floor":6,"key":"SMITH"},{"data":"Zap","floor":8,"key":"SMITH"},{"data":"Sweeping Beam","floor":11,"key":"SMITH"},{"data":"Conserve Battery","floor":15,"key":"SMITH"},{"data":"Seek","floor":24,"key":"SMITH"},{"data":"Biased Cognition","floor":27,"key":"SMITH"},{"data":"Capacitor","floor":32,"key":"SMITH"},{"data":"Loop","floor":40,"key":"SMITH"},{"floor":46,"key":"REST"},{"floor":49,"key":"RECALL"},{"data":"Consume","floor":52,"key":"SMITH"}],"neow_cost":"TEN_PERCENT_HP_LOSS","seed_source_timestamp":196495088757349,"circlet_count":0,"master_deck":["Zap+1","Dualcast","Cold Snap","Doom and Gloom+1","Sweeping Beam+1","Conserve Battery+1","Glacier","Master of Strategy","Biased Cognition+1","Tempest+1","Seek+1","Cold Snap","Blizzard","FTL","RitualDagger","Capacitor+1","Thunder Strike","Turbo","Consume+1","Gash","Hello World","Beam Cell","Reprogram","Chaos","Cold Snap+1","Loop+1","Chill+1","Barrage+1","Skim","FTL+1","Coolheaded+1","Cold Snap+1"],"relics":["Cracked Core","ClockworkSouvenir","Ornamental Fan","Bronze Scales","Art of War","Ectoplasm","Torii","Vajra","Pandora\u0027s Box","Red Mask","Prayer Wheel","Regal Pillow","Incense Burner"],"potions_floor_usage":[7,23,29,33,41,50,55,55],"damage_taken":[{"damage":1,"enemies":"Small Slimes","floor":1,"turns":3},{"damage":0,"enemies":"Jaw Worm","floor":2,"turns":3},{"damage":1,"enemies":"2 Louse","floor":4,"turns":3},{"damage":3,"enemies":"Red Slaver","floor":5,"turns":3},{"damage":9,"enemies":"Lagavulin","floor":7,"turns":8},{"damage":3,"enemies":"Blue Slaver","floor":10,"turns":3},{"damage":2,"enemies":"3 Sentries","floor":14,"turns":3},{"damage":22,"enemies":"Hexaghost","floor":16,"turns":8},{"damage":0,"enemies":"Chosen","floor":18,"turns":4},{"damage":0,"enemies":"Shell Parasite","floor":20,"turns":4},{"damage":0,"enemies":"Sentry and Sphere","floor":21,"turns":4},{"damage":0,"enemies":"Gremlin Leader","floor":23,"turns":4},{"damage":9,"enemies":"Centurion and Healer","floor":29,"turns":3},{"damage":8,"enemies":"Shelled Parasite and Fungi","floor":30,"turns":3},{"damage":0,"enemies":"3 Cultists","floor":31,"turns":4},{"damage":14,"enemies":"Collector","floor":33,"turns":9},{"damage":12,"enemies":"Orb Walker","floor":35,"turns":3},{"damage":0,"enemies":"3 Darklings","floor":36,"turns":4},{"damage":6,"enemies":"Mind Bloom Boss Battle","floor":38,"turns":5},{"damage":0,"enemies":"Maw","floor":39,"turns":5},{"damage":34,"enemies":"Nemesis","floor":41,"turns":7},{"damage":11,"enemies":"Writhing Mass","floor":42,"turns":6},{"damage":10,"enemies":"Transient","floor":45,"turns":5},{"damage":0,"enemies":"Maw","floor":48,"turns":5},{"damage":13,"enemies":"Time Eater","floor":50,"turns":21},{"damage":2,"enemies":"Shield and Spear","floor":54,"turns":7},{"damage":61,"enemies":"The Heart","floor":55,"turns":10}],"seed_played":"5837560682109780533","potions_obtained":[{"floor":2,"key":"Dexterity Potion"},{"floor":10,"key":"AttackPotion"},{"floor":14,"key":"Ancient Potion"},{"floor":20,"key":"Weak Potion"},{"floor":29,"key":"SkillPotion"},{"floor":31,"key":"FearPotion"},{"floor":33,"key":"FearPotion"},{"floor":38,"key":"Regen Potion"},{"floor":41,"key":"Dexterity Potion"},{"floor":42,"key":"PowerPotion"},{"floor":45,"key":"Swift Potion"}],"is_trial":false,"path_per_floor":["M","M","$","M","M","R","E","R","T","M","R","$","?","E","R","B",null,"M","$","M","M","?","E","R","?","T","R","?","M","M","M","R","B",null,"M","M","?","?","M","R","E","M","T","$","M","R","$","M","R","B",null,"R","$","E","B",null],"character_chosen":"DEFECT","items_purchased":["ClockworkSouvenir","Master of Strategy","Seek","Cold Snap"],"campfire_rested":1,"item_purchase_floors":[3,12,19,19],"current_hp_per_floor":[67,67,67,66,63,63,54,54,54,51,51,51,68,66,66,44,68,68,68,68,68,68,68,68,68,68,68,62,53,45,45,45,31,68,56,56,56,50,50,50,31,20,20,20,10,45,45,45,45,32,68,68,68,66,5],"gold":0,"neow_bonus":"TWO_FIFTY_GOLD","is_prod":false,"is_daily":false,"chose_seed":false,"campfire_upgraded":9,"win_rate":0,"timestamp":1550254844,"path_taken":["M","M","$","M","M","R","E","R","T","M","R","$","?","E","R","BOSS","M","$","M","M","?","E","R","?","T","R","?","M","M","M","R","BOSS","M","M","?","?","M","R","E","M","T","$","M","R","?","M","R","BOSS","R","$","E","BOSS"],"build_version":"2019-02-06","purchased_purges":1,"victory":true,"max_hp_per_floor":[68,68,68,68,68,68,68,68,68,68,68,68,68,68,68,68,68,68,68,68,68,68,68,68,68,68,68,68,68,68,68,68,68,68,68,68,68,68,68,68,68,68,68,68,68,68,68,68,68,68,68,68,68,68,68],"card_choices":[{"not_picked":["Turbo","Leap"],"picked":"Cold Snap","floor":1},{"not_picked":["Ball Lightning","Coolheaded"],"picked":"Doom and Gloom","floor":2},{"not_picked":["Steam","Cold Snap"],"picked":"Sweeping Beam","floor":4},{"not_picked":["Streamline","Barrage","Turbo"],"picked":"SKIP","floor":5},{"not_picked":["Storm","Beam Cell"],"picked":"Conserve Battery","floor":7},{"not_picked":["Coolheaded","Leap"],"picked":"Glacier","floor":10},{"not_picked":["Scrape","Turbo","Static Discharge"],"picked":"SKIP","floor":14},{"not_picked":["Electrodynamics","Echo Form"],"picked":"Biased Cognition","floor":16},{"not_picked":["Storm","BootSequence"],"picked":"Tempest+1","floor":18},{"not_picked":["White Noise","Conserve Battery"],"picked":"Blizzard","floor":20},{"not_picked":["Hologram","Leap+1"],"picked":"FTL","floor":21},{"not_picked":["Static Discharge+1","Rebound","BootSequence"],"picked":"SKIP","floor":23},{"not_picked":["Beam Cell","Steam","Chaos"],"picked":"SKIP","floor":29},{"not_picked":["Recycle","Sunder","Heatsinks+1"],"picked":"SKIP","floor":30},{"not_picked":["Streamline","Electrodynamics"],"picked":"Capacitor","floor":31},{"not_picked":["Multi-Cast","Core Surge"],"picked":"Thunder Strike","floor":33},{"not_picked":["Storm+1","Hello World"],"picked":"Cold Snap+1","floor":35},{"not_picked":["Beam Cell","Redo+1"],"picked":"Loop","floor":36},{"not_picked":["Beam Cell+1","Rebound","Barrage"],"picked":"SKIP","floor":39},{"not_picked":["Reprogram","Streamline","Static Discharge"],"picked":"SKIP","floor":39},{"not_picked":["Cold Snap","Steam"],"picked":"Chill+1","floor":41},{"not_picked":["Streamline","Leap"],"picked":"Barrage+1","floor":42},{"not_picked":["Redo","Gash","Barrage"],"picked":"SKIP","floor":42},{"not_picked":["Leap+1","Go for the Eyes+1"],"picked":"Skim","floor":45},{"not_picked":["Heatsinks","Reboot","Turbo"],"picked":"SKIP","floor":45},{"not_picked":["Redo","Hello World+1"],"picked":"FTL+1","floor":48},{"not_picked":["Rebound","Beam Cell+1"],"picked":"Coolheaded+1","floor":48},{"not_picked":["Sweeping Beam","Double Energy+1"],"picked":"Cold Snap+1","floor":54}],"player_experience":916463,"relics_obtained":[{"floor":7,"key":"Ornamental Fan"},{"floor":9,"key":"Bronze Scales"},{"floor":14,"key":"Art of War"},{"floor":23,"key":"Torii"},{"floor":26,"key":"Vajra"},{"floor":38,"key":"Prayer Wheel"},{"floor":41,"key":"Regal Pillow"},{"floor":54,"key":"Incense Burner"}],"event_choices":[{"damage_healed":17,"gold_gain":0,"player_choice":"Healed","damage_taken":0,"max_hp_gain":0,"max_hp_loss":0,"event_name":"The Cleric","floor":13,"gold_loss":35},{"damage_healed":0,"gold_gain":0,"player_choice":"Ignored","damage_taken":0,"max_hp_gain":0,"max_hp_loss":0,"event_name":"Ghosts","floor":25,"gold_loss":0},{"damage_healed":0,"gold_gain":0,"player_choice":"Joined the Cult","damage_taken":6,"max_hp_gain":0,"max_hp_loss":0,"event_name":"Nest","floor":28,"gold_loss":0,"cards_obtained":["RitualDagger"]},{"damage_healed":0,"gold_gain":0,"player_choice":"Paid","damage_taken":0,"relics_obtained":["Red Mask"],"max_hp_gain":0,"max_hp_loss":0,"event_name":"Tomb of Lord Red Mask","floor":37,"gold_loss":3},{"damage_healed":0,"gold_gain":0,"player_choice":"Fight","damage_taken":0,"max_hp_gain":0,"max_hp_loss":0,"event_name":"MindBloom","floor":38,"gold_loss":0}],"is_beta":true,"boss_relics":[{"not_picked":["Tiny House","White Beast Statue"],"picked":"Ectoplasm"},{"not_picked":["Cursed Key","Calling Bell"],"picked":"Pandora\u0027s Box"}],"items_purged_floors":[3],"is_endless":false,"potions_floor_spawned":[2,10,14,20,29,31,33,38,41,42,45],"ascension_level":0}