{"gold_per_floor":[118,138,213,58,69,69,89,104,104,115,80,80],"floor_reached":12,"playtime":627,"items_purged":["Strike_B"],"score":119,"play_id":"58ba50de-d779-4116-9687-ba10315964f5","local_time":"20180806102004","is_ascension_mode":true,"campfire_choices":[{"floor":6,"key":"REST"}],"neow_cost":"","seed_source_timestamp":1010750460075729,"circlet_count":0,"master_deck":["Strike_B","Strike_B","Strike_B","Defend_B","Defend_B","Defend_B","Defend_B","Zap","Dualcast","AscendersBane","Blizzard","Genetic Algorithm","Capacitor","Coolheaded","Buffer"],"relics":["Cracked Core","Pantograph"],"potions_floor_usage":[8],"damage_taken":[{"damage":7,"enemies":"Jaw Worm","floor":1,"turns":2},{"damage":7,"enemies":"Small Slimes","floor":2,"turns":3},{"damage":6,"enemies":"Cultist","floor":5,"turns":3},{"damage":11,"enemies":"3 Louse","floor":7,"turns":4},{"damage":12,"enemies":"Looter","floor":8,"turns":3},{"damage":11,"enemies":"Blue Slaver","floor":10,"turns":6},{"damage":58,"enemies":"Exordium Thugs","floor":12,"turns":6}],"seed_played":"-8811736098244635453","potions_obtained":[{"floor":1,"key":"FearPotion"},{"floor":7,"key":"GamblersBrew"}],"is_trial":false,"path_per_floor":["M","M","?","$","M","R","M","M","T","M","?"],"character_chosen":"DEFECT","items_purchased":["Capacitor"],"campfire_rested":1,"item_purchase_floors":[4],"current_hp_per_floor":[61,54,43,43,37,59,48,36,36,25,43,0],"gold":80,"neow_bonus":"","is_prod":false,"is_daily":false,"chose_seed":false,"campfire_upgraded":0,"win_rate":0,"timestamp":1533565204,"path_taken":["M","M","?","?","M","R","M","M","T","M","?","M"],"build_version":"2018-08-02","purchased_purges":1,"victory":false,"max_hp_per_floor":[75,75,75,75,75,75,75,75,75,75,75,75],"card_choices":[{"not_picked":["FTL","Sweeping Beam"],"picked":"Blizzard","floor":1},{"not_picked":["Storm","Skim"],"picked":"Genetic Algorithm","floor":2},{"not_picked":["Leap","Barrage"],"picked":"Coolheaded","floor":5},{"not_picked":["Turbo","Sweeping Beam","Aggregate"],"picked":"SKIP","floor":7},{"not_picked":["Hello World","Ball Lightning","Force Field"],"picked":"SKIP","floor":8},{"not_picked":["Leap","Steam"],"picked":"Buffer","floor":10}],"player_experience":1445865,"relics_obtained":[{"floor":9,"key":"Pantograph"}],"event_choices":[{"event_name":"World of Goop","player_choice":"Gather Gold","floor":3,"damage_taken":0},{"event_name":"The Cleric","player_choice":"Healed","floor":11,"damage_taken":0}],"is_beta":false,"boss_relics":[],"items_purged_floors":[4],"is_endless":false,"potions_floor_spawned":[1,7],"killed_by":"Exordium Thugs","ascension_level":13}