{"path_per_floor":["M","M","M","?","M","R","M","E","T","M","M","M","?","M","R","B",null,"M","$","M","M","M","R","E","M","T","R","?","M","?","?","R"],"character_chosen":"IRONCLAD","items_purchased":["Anger","Pen Nib"],"gold_per_floor":[15,25,36,36,49,49,61,89,89,109,121,140,140,156,156,261,291,302,23,41,51,66,66,95,107,107,107,32,48,48,48,48,48],"floor_reached":33,"campfire_rested":4,"playtime":3607,"item_purchase_floors":[],"current_hp_per_floor":[80,80,80,80,78,78,75,55,55,58,53,51,51,55,79,34,85,71,71,67,57,50,75,37,13,13,38,38,35,35,35,60,0],"items_purged":["Strike_R"],"gold":48,"score":300,"play_id":"7c206465-002d-4583-b9d9-8ce2c5666067","local_time":"20180528164610","is_prod":false,"is_daily":false,"chose_seed":false,"is_ascension_mode":false,"campfire_upgraded":1,"win_rate":0,"timestamp":1527540370,"campfire_choices":[{"data":"Bash","floor":6.0,"key":"SMITH"},{"floor":15.0,"key":"REST"},{"floor":23,"key":"REST"},{"floor":27,"key":"REST"},{"floor":32,"key":"REST"}],"path_taken":["M","M","M","?","M","R","M","E","T","M","M","M","?","?","R","BOSS","M","$","M","M","M","R","E","M","T","R","?","M","?","?","R","BOSS"],"build_version":"2018-05-24","seed_source_timestamp":0,"purchased_purges":1,"victory":false,"master_deck":["Strike_R+1","Strike_R+1","Defend_R+1","Defend_R+1","Defend_R+1","Defend_R+1","Bash+1","Uppercut+1","Twin Strike","Pummel","Headbutt","Heavy Blade","Heavy Blade","Infernal Blade","Dropkick","Heavy Blade","Impervious","Cleave","Double Tap","Dual Wield","Clash","Anger","Iron Wave","Heavy Blade","Spot Weakness","Blood for Blood+1","Carnage","Rage"],"max_hp_per_floor":[80,80,80,80,80,80,80,80,80,80,80,80,80,80,80,80,85,85,85,85,85,85,85,85,85,85,85,85,85,85,85,85,85],"relics":["Burning Blood","Torii","Orichalcum","Centennial Puzzle","Tiny House","Pen Nib","Bottled Flame","Molten Egg 2"],"card_choices":[{"not_picked":["Twin Strike","Power Through"],"picked":"Uppercut","floor":1.0},{"not_picked":["Sword Boomerang","Headbutt"],"picked":"Twin Strike","floor":2.0},{"not_picked":["Burning Pact","Hemokinesis"],"picked":"Pummel","floor":3.0},{"not_picked":["Pommel Strike","Disarm"],"picked":"Headbutt","floor":5.0},{"not_picked":["Pummel","Bludgeon"],"picked":"Heavy Blade","floor":7.0},{"not_picked":["Iron Wave","Seeing Red"],"picked":"Heavy Blade","floor":8.0},{"not_picked":["Reckless Charge","Corruption"],"picked":"Infernal Blade","floor":10.0},{"not_picked":["Clash","Twin Strike"],"picked":"Dropkick","floor":11.0},{"not_picked":["Inflame","True Grit"],"picked":"Heavy Blade","floor":12.0},{"not_picked":["Body Slam","Heavy Blade"],"picked":"Cleave","floor":14.0},{"not_picked":["Exhume","Feed"],"picked":"Double Tap","floor":16.0},{"not_picked":["Pommel Strike","Burning Pact"],"picked":"Dual Wield","floor":17.0},{"not_picked":["Perfected Strike","Sword Boomerang+1"],"picked":"Clash","floor":18.0},{"not_picked":["Cleave","Pommel Strike"],"picked":"Iron Wave","floor":20.0},{"not_picked":["Headbutt","Twin Strike+1"],"picked":"Heavy Blade","floor":21.0},{"not_picked":["Dual Wield","Pommel Strike"],"picked":"Spot Weakness","floor":22},{"not_picked":["Intimidate","Entrench"],"picked":"Blood for Blood+1","floor":24},{"not_picked":["Limit Break","Combust"],"picked":"Carnage","floor":25},{"not_picked":["Pummel+1","True Grit"],"picked":"Rage","floor":29}],"player_experience":186687,"potions_floor_usage":[22,24,25],"damage_taken":[{"damage":6.0,"enemies":"Jaw Worm","floor":1.0,"turns":3.0},{"damage":6.0,"enemies":"Cultist","floor":2.0,"turns":3.0},{"damage":1.0,"enemies":"2 Louse","floor":3.0,"turns":2.0},{"damage":8.0,"enemies":"Looter","floor":5.0,"turns":3.0},{"damage":9.0,"enemies":"Red Slaver","floor":7.0,"turns":4.0},{"damage":26.0,"enemies":"Lagavulin","floor":8.0,"turns":5.0},{"damage":3.0,"enemies":"Lots of Slimes","floor":10.0,"turns":5.0},{"damage":11.0,"enemies":"Large Slime","floor":11.0,"turns":3.0},{"damage":8.0,"enemies":"Blue Slaver","floor":12.0,"turns":3.0},{"damage":2.0,"enemies":"Looter","floor":14.0,"turns":3.0},{"damage":51.0,"enemies":"Hexaghost","floor":16.0,"turns":11.0},{"damage":20.0,"enemies":"3 Byrds","floor":18.0,"turns":7.0},{"damage":10.0,"enemies":"Shell Parasite","floor":20.0,"turns":5.0},{"damage":16.0,"enemies":"Centurion and Healer","floor":21.0,"turns":6.0},{"damage":13,"enemies":"Cultist and Chosen","floor":22,"turns":6},{"damage":44,"enemies":"Slavers","floor":24,"turns":5},{"damage":30,"enemies":"Snake Plant","floor":25,"turns":4},{"damage":9,"enemies":"Centurion and Healer","floor":29,"turns":5},{"damage":64,"enemies":"Automaton","floor":33,"turns":6}],"relics_obtained":[{"floor":8.0,"key":"Orichalcum"},{"floor":9.0,"key":"Centennial Puzzle"},{"floor":24,"key":"Bottled Flame"},{"floor":26,"key":"Molten Egg 2"}],"event_choices":[{"event_name":"Upgrade Shrine","player_choice":"Upgraded","floor":4.0,"damage_taken":0.0},{"event_name":"Transmorgrifier","player_choice":"Transform","floor":13.0,"damage_taken":0.0},{"event_name":"Beggar","player_choice":"Gave Gold","floor":28,"damage_taken":0},{"event_name":"Back to Basics","player_choice":"Simplicity","floor":30,"damage_taken":0},{"event_name":"Ghosts","player_choice":"Ignored","floor":31,"damage_taken":0}],"boss_relics":[],"items_purged_floors":[],"potions_floor_spawned":[1,3,8,10,12,18,21],"seed_played":"-7779156162292098632","killed_by":"Automaton","ascension_level":0,"potions_obtained":[{"floor":1.0,"key":"SpeedPotion"},{"floor":3.0,"key":"Strength Potion"},{"floor":8.0,"key":"Ancient Potion"},{"floor":12.0,"key":"Ancient Potion"},{"floor":17.0,"key":"Poison Potion"},{"floor":18.0,"key":"Strength Potion"}],"is_trial":false}