{"gold_per_floor":[115,135,135,135,5,5,33,33,33,48,48,48,59,59,59,130,130,147,59,69,69,69,69,100,100,100,119,119,137,150,63,63,63],"floor_reached":33,"playtime":1394,"items_purged":["Strike_G"],"score":526,"play_id":"8466d746-5167-4bd6-affc-2b6f25c62c85","local_time":"20190110154406","is_ascension_mode":true,"campfire_choices":[{"data":"Poisoned Stab","floor":6.0,"key":"SMITH"},{"floor":8.0,"key":"REST"},{"data":"Dagger Spray","floor":11.0,"key":"SMITH"},{"data":"Survivor","floor":15.0,"key":"SMITH"},{"floor":23.0,"key":"REST"},{"floor":25.0,"key":"REST"},{"floor":32.0,"key":"REST"}],"neow_cost":"NONE","seed_source_timestamp":0,"circlet_count":0,"master_deck":["AscendersBane","Survivor+1","Neutralize+1","Poisoned Stab+1","Bane+1","Well Laid Plans+1","Dagger Spray+1","After Image+1","Grand Finale","Envenom+1","Calculated Gamble","A Thousand Cuts+1","Sucker Punch","A Thousand Cuts+1","Dodge and Roll","Caltrops+1","Deadly Poison","Leg Sweep+1","Leg Sweep","Footwork+1","Poisoned Stab","Calculated Gamble","Cloak And Dagger","Dodge and Roll"],"special_seed":0,"relics":["Ring of the Snake","Frozen Egg 2","Bag of Marbles","Singing Bowl","Pandora\u0027s Box","Du-Vu Doll","Gremlin Horn"],"potions_floor_usage":[33],"damage_taken":[{"damage":0.0,"enemies":"2 Louse","floor":1.0,"turns":2.0},{"damage":0.0,"enemies":"Jaw Worm","floor":2.0,"turns":4.0},{"damage":18.0,"enemies":"3 Sentries","floor":7.0,"turns":12.0},{"damage":0.0,"enemies":"Cultist","floor":10.0,"turns":3.0},{"damage":0.0,"enemies":"3 Louse","floor":13.0,"turns":1.0},{"damage":29.0,"enemies":"Slime Boss","floor":16.0,"turns":9.0},{"damage":17.0,"enemies":"Shell Parasite","floor":18.0,"turns":4.0},{"damage":13.0,"enemies":"Chosen","floor":20.0,"turns":5.0},{"damage":28.0,"enemies":"Book of Stabbing","floor":24.0,"turns":5.0},{"damage":0.0,"enemies":"Centurion and Healer","floor":27.0,"turns":6.0},{"damage":23.0,"enemies":"Shelled Parasite and Fungi","floor":29.0,"turns":4.0},{"damage":0.0,"enemies":"3 Cultists","floor":30.0,"turns":4.0},{"damage":41,"enemies":"Champ","floor":33,"turns":16}],"seed_played":"-2447425237731227938","potions_obtained":[{"floor":10.0,"key":"LiquidBronze"},{"floor":13.0,"key":"AttackPotion"},{"floor":16.0,"key":"SpeedPotion"},{"floor":20.0,"key":"EssenceOfSteel"},{"floor":29.0,"key":"PowerPotion"}],"is_trial":false,"path_per_floor":["M","M","?","T","$","R","E","R","T","M","R","$","M","?","R","B",null,"M","$","M","?","?","R","E","R","T","M","?","M","M","$","R","B"],"character_chosen":"THE_SILENT","items_purchased":["Explosive Potion","Leg Sweep","Dodge and Roll","Block Potion"],"campfire_rested":4,"item_purchase_floors":[5,19,31,31],"current_hp_per_floor":[59,59,39,39,39,39,21,40,40,40,40,40,42,42,42,13,54,37,37,26,26,26,47,19,40,40,40,40,17,17,17,38,0],"gold":63,"neow_bonus":"UPGRADE_CARD","is_prod":false,"is_daily":false,"chose_seed":false,"campfire_upgraded":3,"win_rate":0,"timestamp":1547131446,"path_taken":["M","M","?","?","$","R","E","R","T","M","R","$","?","?","R","BOSS","M","$","M","?","?","R","E","R","T","?","?","M","M","$","R","BOSS"],"build_version":"2019-01-03v4","purchased_purges":1,"victory":false,"max_hp_per_floor":[66,66,66,66,66,66,66,66,66,66,66,66,68,68,68,68,68,68,68,70,70,70,70,70,70,70,70,70,70,70,70,70,70],"card_choices":[{"not_picked":["Reflex","Quick Slash"],"picked":"Poisoned Stab","floor":1.0},{"not_picked":["Acrobatics","Blade Dance"],"picked":"Bane","floor":2.0},{"not_picked":["Bane","Grand Finale"],"picked":"Well Laid Plans+1","floor":7.0},{"not_picked":["Terror","Outmaneuver"],"picked":"Dagger Spray","floor":10.0},{"not_picked":["Slice","Quick Slash","Dagger Spray"],"picked":"Singing Bowl","floor":13.0},{"not_picked":["Malaise","Storm of Steel"],"picked":"After Image+1","floor":16.0},{"not_picked":["Poisoned Stab+1","Cloak And Dagger"],"picked":"Leg Sweep+1","floor":18.0},{"not_picked":["Acrobatics","Sucker Punch","Predator"],"picked":"Singing Bowl","floor":20.0},{"not_picked":["Dodge and Roll","Blur"],"picked":"Footwork+1","floor":24.0},{"not_picked":["Sucker Punch","Catalyst"],"picked":"Poisoned Stab","floor":27.0},{"not_picked":["Outmaneuver","Underhanded Strike"],"picked":"Calculated Gamble","floor":29.0},{"not_picked":["Burst","Leg Sweep"],"picked":"Cloak And Dagger","floor":30.0}],"player_experience":1859198,"relics_obtained":[{"floor":4.0,"key":"Frozen Egg 2"},{"floor":7.0,"key":"Bag of Marbles"},{"floor":9.0,"key":"Singing Bowl"},{"floor":24.0,"key":"Du-Vu Doll"},{"floor":26.0,"key":"Gremlin Horn"}],"event_choices":[{"damage_healed":0.0,"max_hp_gain":0.0,"max_hp_loss":0.0,"gold_gain":0.0,"event_name":"Shining Light","player_choice":"Entered Light","floor":3.0,"gold_loss":0.0,"damage_taken":20.0,"cards_upgraded":["Strike_G","Defend_G"]},{"damage_healed":0.0,"max_hp_gain":0.0,"max_hp_loss":0.0,"gold_gain":0.0,"event_name":"Living Wall","player_choice":"Grow","floor":14.0,"gold_loss":0.0,"damage_taken":0.0,"cards_upgraded":["Bane"]},{"damage_healed":0.0,"max_hp_gain":0.0,"max_hp_loss":0.0,"gold_gain":0.0,"event_name":"Ghosts","player_choice":"Ignored","floor":21.0,"gold_loss":0.0,"damage_taken":0.0},{"damage_healed":0.0,"max_hp_gain":0.0,"max_hp_loss":0.0,"gold_gain":0.0,"event_name":"N\u0027loth","player_choice":"Ignored","floor":22.0,"gold_loss":0.0,"damage_taken":0.0},{"damage_healed":0.0,"max_hp_gain":0.0,"max_hp_loss":0.0,"gold_gain":0.0,"event_name":"Vampires","player_choice":"Ignored","floor":28.0,"gold_loss":0.0,"damage_taken":0.0}],"is_beta":false,"boss_relics":[{"not_picked":["White Beast Statue","Empty Cage"],"picked":"Pandora\u0027s Box"}],"items_purged_floors":[5],"is_endless":false,"potions_floor_spawned":[10,13,16,20,29],"killed_by":"Champ","ascension_level":20}