{"gold_per_floor":[116,41,58,58,71,71,23,49,120,195,195,208,208,219,219,314,314,324,358,12,0,18,18],"floor_reached":23,"playtime":1838,"items_purged":["Strike_G","Strike_G"],"score":239,"play_id":"c17fe5c0-ded1-4b0d-961c-646915bf0f6f","local_time":"20190207000115","is_ascension_mode":false,"campfire_choices":[{"data":"Noxious Fumes","floor":11.0,"key":"SMITH"},{"data":"Blur","floor":13.0,"key":"SMITH"},{"data":"Blur","floor":15.0,"key":"SMITH"}],"neow_cost":"NONE","seed_source_timestamp":1123214800569844,"circlet_count":0,"master_deck":["Defend_G","Defend_G","Defend_G","Defend_G","Defend_G","Strike_G","Survivor","Neutralize","Noxious Fumes+1","Blur+1","Backflip","Cloak And Dagger","Well Laid Plans","Blur+1","After Image","Impatience","Deadly Poison+1"],"special_seed":0,"relics":["Ring of the Snake","Vajra","Boot","Blue Candle","Singing Bowl","Black Star","Red Mask","Art of War"],"potions_floor_usage":[16,19,23],"damage_taken":[{"damage":2.0,"enemies":"Cultist","floor":1.0,"turns":6.0},{"damage":0.0,"enemies":"2 Louse","floor":3.0,"turns":3.0},{"damage":2.0,"enemies":"Small Slimes","floor":5.0,"turns":4.0},{"damage":4.0,"enemies":"3 Sentries","floor":8.0,"turns":9.0},{"damage":0.0,"enemies":"Looter","floor":12.0,"turns":4.0},{"damage":0.0,"enemies":"3 Louse","floor":14.0,"turns":5.0},{"damage":0,"enemies":"Slime Boss","floor":16,"turns":14},{"damage":0,"enemies":"Shell Parasite","floor":18,"turns":10},{"damage":37,"enemies":"Masked Bandits","floor":19,"turns":6},{"damage":8,"enemies":"2 Thieves","floor":21,"turns":5},{"damage":34,"enemies":"Cultist and Chosen","floor":22,"turns":7},{"damage":9,"enemies":"Slavers","floor":23,"turns":1}],"seed_played":"-6107500699096454418","potions_obtained":[{"floor":1.0,"key":"Fruit Juice"},{"floor":3.0,"key":"PowerPotion"},{"floor":12.0,"key":"Explosive Potion"},{"floor":19,"key":"FearPotion"},{"floor":22,"key":"PowerPotion"}],"is_trial":false,"path_per_floor":["M","$","M","?","M","?","$","E","T","T","R","M","R","M","R","B",null,"M","?","$","M","M","E"],"character_chosen":"THE_SILENT","items_purchased":["Cloak And Dagger","Art of War","Impatience"],"campfire_rested":0,"item_purchase_floors":[7,20,20],"current_hp_per_floor":[68,68,73,66,64,64,64,60,60,60,60,60,60,62,62,62,77,79,44,44,36,4,0],"gold":18,"neow_bonus":"REMOVE_CARD","is_prod":false,"is_daily":false,"chose_seed":false,"campfire_upgraded":3,"win_rate":0,"timestamp":1549494075,"path_taken":["M","?","M","?","M","?","$","E","T","?","R","M","R","M","R","BOSS","M","?","?","M","?","E"],"build_version":"2019-01-23","purchased_purges":2,"victory":false,"max_hp_per_floor":[70,70,75,75,75,75,75,75,75,75,75,75,75,77,77,77,77,79,81,81,81,83,83],"card_choices":[{"not_picked":["Slice","Cloak And Dagger"],"picked":"Noxious Fumes","floor":1.0},{"not_picked":["Flechettes","Reflex"],"picked":"Blur","floor":3.0},{"not_picked":["Bane","Catalyst"],"picked":"Backflip","floor":5.0},{"not_picked":["Deflect","Prepared"],"picked":"Well Laid Plans","floor":8.0},{"not_picked":["Flying Knee","Skewer"],"picked":"Blur","floor":12.0},{"not_picked":["Grand Finale","Prepared","Distraction"],"picked":"Singing Bowl","floor":14.0},{"not_picked":["Wraith Form v2","Glass Knife"],"picked":"After Image","floor":16},{"not_picked":["Slice","Underhanded Strike","Outmaneuver+1"],"picked":"Singing Bowl","floor":18},{"not_picked":["Distraction","Sucker Punch","Endless Agony"],"picked":"Singing Bowl","floor":19},{"not_picked":["Quick Slash","Outmaneuver"],"picked":"Deadly Poison+1","floor":21},{"not_picked":["Flying Knee","Slice","Calculated Gamble"],"picked":"Singing Bowl","floor":22}],"player_experience":425326,"relics_obtained":[{"floor":8.0,"key":"Boot"},{"floor":9.0,"key":"Blue Candle"},{"floor":10.0,"key":"Singing Bowl"},{"floor":19,"key":"Red Mask"}],"event_choices":[{"damage_healed":0.0,"max_hp_gain":0.0,"max_hp_loss":0.0,"gold_gain":0.0,"event_name":"Scrap Ooze","player_choice":"Success","floor":4.0,"gold_loss":0.0,"damage_taken":7.0,"relics_obtained":["Vajra"]},{"cards_removed":["Strike_G"],"damage_healed":0.0,"max_hp_gain":0.0,"max_hp_loss":0.0,"gold_gain":0.0,"event_name":"Living Wall","player_choice":"Forget","floor":6.0,"gold_loss":0.0,"damage_taken":0.0},{"damage_healed":0,"gold_gain":0,"player_choice":"Fought Bandits","damage_taken":0,"max_hp_gain":0,"max_hp_loss":0,"event_name":"Masked Bandits","floor":19,"gold_loss":0}],"is_beta":true,"boss_relics":[{"not_picked":["Lizard Tail","Velvet Choker"],"picked":"Black Star"}],"items_purged_floors":[2,20],"is_endless":false,"potions_floor_spawned":[1,3,12,19,22],"killed_by":"Slavers","ascension_level":0}