{"gold_per_floor":[117,130,147,162,176,176,210,220,220,220,220,320,331,331,331,435,435,452,452,38,58,58,58,68,84,84,12,12,24,37,51,51,51],"floor_reached":33,"playtime":1204,"items_purged":["Parasite"],"score":354,"play_id":"22f63c5a-623f-4fb3-a6c2-f2e7e620bf55","local_time":"20181212235015","is_ascension_mode":true,"campfire_choices":[{"data":"Clothesline","floor":6,"key":"SMITH"},{"floor":15,"key":"REST"},{"data":"Barricade","floor":23,"key":"SMITH"},{"data":"Armaments","floor":32,"key":"SMITH"}],"neow_cost":"NONE","seed_source_timestamp":4752066351310,"circlet_count":0,"master_deck":["Strike_R+1","Strike_R","Strike_R","Strike_R","Strike_R","Defend_R","Defend_R","Defend_R","Defend_R","Bash","Battle Trance","Clothesline+1","Cleave","Body Slam","Iron Wave+1","Reaper","Shrug It Off+1","Carnage","Barricade+1","Whirlwind","Immolate","Panacea","Armaments+1","Uppercut","Havoc"],"relics":["Burning Blood","Question Card","Happy Flower","Cursed Key","Lee\u0027s Waffle","Singing Bowl"],"potions_floor_usage":[2,7,8,18,31,33,33],"damage_taken":[{"damage":11,"enemies":"Jaw Worm","floor":1,"turns":5},{"damage":1,"enemies":"2 Louse","floor":2,"turns":3},{"damage":3,"enemies":"Cultist","floor":3,"turns":4},{"damage":7,"enemies":"Exordium Wildlife","floor":4,"turns":4},{"damage":15,"enemies":"Blue Slaver","floor":5,"turns":5},{"damage":32,"enemies":"Lagavulin","floor":7,"turns":6},{"damage":8,"enemies":"Exordium Thugs","floor":8,"turns":4},{"damage":22,"enemies":"Exordium Wildlife","floor":13,"turns":5},{"damage":65,"enemies":"Slime Boss","floor":16,"turns":13},{"damage":22,"enemies":"Spheric Guardian","floor":18,"turns":4},{"damage":16,"enemies":"Shell Parasite","floor":21,"turns":4},{"damage":22,"enemies":"Snecko","floor":24,"turns":5},{"damage":23,"enemies":"Centurion and Healer","floor":25,"turns":6},{"damage":7,"enemies":"Snake Plant","floor":29,"turns":4},{"damage":0,"enemies":"3 Cultists","floor":30,"turns":2},{"damage":14,"enemies":"Snecko","floor":31,"turns":3},{"damage":83,"enemies":"Collector","floor":33,"turns":7}],"seed_played":"195827189002044404","potions_obtained":[{"floor":1,"key":"Fire Potion"},{"floor":5,"key":"SkillPotion"},{"floor":7,"key":"Poison Potion"},{"floor":16,"key":"EssenceOfSteel"},{"floor":24,"key":"LiquidBronze"},{"floor":30,"key":"Poison Potion"}],"is_trial":false,"path_per_floor":["M","M","M","M","M","R","E","M","T","?","?","?","M","?","R","B",null,"M","?","$","M","$","R","M","M","T","$","?","M","M","M","R","B"],"character_chosen":"IRONCLAD","items_purchased":["Lee\u0027s Waffle","Panacea","Armaments","EssenceOfSteel"],"campfire_rested":1,"item_purchase_floors":[20,20,20,27],"current_hp_per_floor":[75,80,83,82,73,73,47,45,45,45,27,27,15,37,63,12,69,57,57,92,82,82,82,70,61,61,61,61,62,70,62,62,0],"gold":51,"neow_bonus":"TEN_PERCENT_HP_BONUS","is_prod":false,"is_daily":false,"chose_seed":false,"campfire_upgraded":3,"win_rate":0,"timestamp":1544680215,"path_taken":["M","M","M","M","M","R","E","M","T","?","?","?","?","?","R","BOSS","M","?","$","M","?","R","M","M","T","$","?","M","?","M","R","BOSS"],"build_version":"2018-12-11","purchased_purges":1,"victory":false,"max_hp_per_floor":[88,88,88,88,88,88,88,88,88,88,88,88,88,88,88,88,88,88,88,92,92,92,92,92,92,92,92,92,94,96,96,96,96],"card_choices":[{"not_picked":["Second Wind","Warcry"],"picked":"Battle Trance","floor":1},{"not_picked":["Pommel Strike","Flex"],"picked":"Clothesline","floor":2},{"not_picked":["Warcry","Clash"],"picked":"Cleave","floor":3},{"not_picked":["Dual Wield","Rage"],"picked":"Body Slam","floor":4},{"not_picked":["Headbutt","Flex"],"picked":"Iron Wave","floor":5},{"not_picked":["Sword Boomerang","Pommel Strike"],"picked":"Reaper","floor":7},{"not_picked":["Sword Boomerang","Heavy Blade","Blood for Blood"],"picked":"Shrug It Off","floor":8},{"not_picked":["Clothesline","Warcry","Anger"],"picked":"Carnage","floor":13},{"not_picked":["Brutality","Exhume","Dark Embrace"],"picked":"Barricade","floor":16},{"not_picked":["Rupture","Pummel","Body Slam"],"picked":"Whirlwind","floor":18},{"not_picked":["Anger","Twin Strike","Flex"],"picked":"Uppercut","floor":21},{"not_picked":["Twin Strike","Thunderclap","Pommel Strike","Burning Pact"],"picked":"SKIP","floor":24},{"not_picked":["Heavy Blade","Anger","True Grit","Wild Strike"],"picked":"SKIP","floor":25},{"not_picked":["Body Slam","Intimidate","Dual Wield","Combust+1"],"picked":"Singing Bowl","floor":29},{"not_picked":["Reckless Charge","Shrug It Off","Evolve","Warcry"],"picked":"Singing Bowl","floor":30},{"not_picked":["Armaments","Body Slam","Wild Strike"],"picked":"Havoc","floor":31}],"player_experience":575356,"relics_obtained":[{"floor":7,"key":"Question Card"},{"floor":9,"key":"Happy Flower"},{"floor":26,"key":"Singing Bowl"}],"event_choices":[{"damage_healed":0,"gold_gain":0,"player_choice":"Grow","damage_taken":0,"max_hp_gain":0,"max_hp_loss":0,"event_name":"Living Wall","floor":10,"gold_loss":0,"cards_upgraded":["Iron Wave"]},{"damage_healed":0,"gold_gain":0,"player_choice":"Entered Light","damage_taken":18,"max_hp_gain":0,"max_hp_loss":0,"event_name":"Shining Light","floor":11,"gold_loss":0,"cards_upgraded":["Shrug It Off","Strike_R"]},{"damage_healed":0,"gold_gain":100,"player_choice":"Pray","damage_taken":0,"max_hp_gain":0,"max_hp_loss":0,"event_name":"Golden Shrine","floor":12,"gold_loss":0},{"damage_healed":22,"gold_gain":0,"player_choice":"Healed and dodged fight","damage_taken":0,"max_hp_gain":0,"max_hp_loss":0,"event_name":"Mushrooms","floor":14,"gold_loss":0,"cards_obtained":["Parasite"]},{"damage_healed":0,"gold_gain":0,"player_choice":"1 cards matched","damage_taken":0,"max_hp_gain":0,"max_hp_loss":0,"event_name":"Match and Keep!","floor":19,"gold_loss":0,"cards_obtained":["Immolate"]},{"cards_removed":["Pain"],"damage_healed":0,"gold_gain":0,"player_choice":"Purged","damage_taken":0,"max_hp_gain":0,"max_hp_loss":0,"event_name":"Purifier","floor":28,"gold_loss":0}],"is_beta":true,"boss_relics":[{"not_picked":["Eternal Feather","Busted Crown"],"picked":"Cursed Key"}],"items_purged_floors":[20],"is_endless":false,"potions_floor_spawned":[1,5,7,16,24,30],"killed_by":"Collector","ascension_level":6}