{"gold_per_floor":[110,110,22,34,49,79,79,107,107,107,107,182,206,249,249,342,342,367,367,405,9,9,9,33,57,129,148,148,148,148,148,148,148],"floor_reached":33,"playtime":2814,"items_purged":[],"score":575,"play_id":"348df710-ebfe-4610-a276-10dc4f78db3c","local_time":"20190215074103","is_ascension_mode":true,"campfire_choices":[{"floor":7.0,"key":"REST"},{"floor":15.0,"key":"REST"},{"floor":23,"key":"REST"},{"floor":29,"key":"REST"},{"floor":32,"key":"REST"}],"neow_cost":"NONE","seed_source_timestamp":0,"circlet_count":0,"master_deck":["AscendersBane","Strike_R+1","Strike_R+1","Strike_R+1","Strike_R+1","Strike_R+1","Defend_R+1","Defend_R+1","Defend_R+1","Defend_R+1","Bash","Perfected Strike+1","Uppercut","Perfected Strike","Cleave","Wild Strike","Immolate","Pommel Strike","Rampage","Fiend Fire","Thunderclap","Headbutt","Metallicize","Writhe","Wild Strike","Doubt","Juggernaut"],"special_seed":0,"relics":["Burning Blood","NeowsBlessing","Red Skull","Paper Frog","Orichalcum","Bloody Idol","Letter Opener","Cursed Key","Red Mask","Ice Cream","Smiling Mask","The Courier"],"potions_floor_usage":[20,25],"damage_taken":[{"damage":0.0,"enemies":"Small Slimes","floor":1.0,"turns":2.0},{"damage":0.0,"enemies":"Cultist","floor":4.0,"turns":1.0},{"damage":0.0,"enemies":"2 Louse","floor":5.0,"turns":1.0},{"damage":30.0,"enemies":"Gremlin Nob","floor":6.0,"turns":4.0},{"damage":25.0,"enemies":"3 Sentries","floor":8.0,"turns":5.0},{"damage":4.0,"enemies":"Blue Slaver","floor":13.0,"turns":2.0},{"damage":24.0,"enemies":"Lagavulin","floor":14.0,"turns":5.0},{"damage":0.0,"enemies":"Slime Boss","floor":16.0,"turns":7.0},{"damage":20,"enemies":"Shell Parasite","floor":18,"turns":3},{"damage":22,"enemies":"Masked Bandits","floor":20,"turns":3},{"damage":18,"enemies":"2 Thieves","floor":24,"turns":4},{"damage":25,"enemies":"Snecko","floor":25,"turns":4},{"damage":23,"enemies":"Snake Plant","floor":27,"turns":4},{"damage":10,"enemies":"Colosseum Slavers","floor":31,"turns":3},{"damage":59,"enemies":"Collector","floor":33,"turns":5}],"seed_played":"-2679936178677532443","potions_obtained":[{"floor":4.0,"key":"Fruit Juice"},{"floor":13.0,"key":"Ancient Potion"},{"floor":14.0,"key":"SteroidPotion"},{"floor":24,"key":"Swift Potion"}],"is_trial":false,"path_per_floor":["M","?","$","M","M","E","R","E","T","?","$","?","M","E","R","B",null,"M","?","?","$","?","R","M","M","T","M","?","R","?","?","R","B"],"character_chosen":"IRONCLAD","items_purchased":["Uppercut","Ice Cream","Metallicize"],"campfire_rested":5,"item_purchase_floors":[3,21,21],"current_hp_per_floor":[74,74,74,80,80,56,80,61,61,61,61,50,52,34,55,61,69,55,55,39,39,39,60,48,29,29,12,12,33,33,29,50,0],"gold":148,"neow_bonus":"THREE_ENEMY_KILL","is_prod":false,"is_daily":false,"chose_seed":false,"campfire_upgraded":0,"win_rate":0,"timestamp":1550234463,"path_taken":["M","?","$","?","M","E","R","E","T","?","$","?","M","E","R","BOSS","M","?","?","$","?","R","M","M","T","?","?","R","?","?","R","BOSS"],"build_version":"2019-01-23","purchased_purges":0,"victory":false,"max_hp_per_floor":[75,75,75,80,80,80,80,80,80,72,72,72,72,72,72,72,72,72,72,72,72,72,72,72,72,72,72,72,72,72,72,72,72],"card_choices":[{"not_picked":["Shrug It Off","Havoc"],"picked":"Perfected Strike","floor":1.0},{"not_picked":["Wild Strike","Body Slam"],"picked":"Perfected Strike","floor":4.0},{"not_picked":["Flex","True Grit"],"picked":"Cleave","floor":5.0},{"not_picked":["Thunderclap","Armaments"],"picked":"Wild Strike","floor":6.0},{"not_picked":["Whirlwind","Rampage"],"picked":"Immolate","floor":8.0},{"not_picked":["Twin Strike","Spot Weakness"],"picked":"Pommel Strike","floor":13.0},{"not_picked":["Flex","Havoc"],"picked":"Rampage","floor":14.0},{"not_picked":["Juggernaut","Offering"],"picked":"Fiend Fire","floor":16.0},{"not_picked":["Corruption+1","Armaments"],"picked":"Thunderclap","floor":18},{"not_picked":["Clothesline+1","Dropkick"],"picked":"Headbutt","floor":20},{"not_picked":["Uppercut+1","Clothesline"],"picked":"Wild Strike","floor":24},{"not_picked":["Havoc","Infernal Blade","Corruption"],"picked":"SKIP","floor":25},{"not_picked":["Body Slam","Sword Boomerang"],"picked":"Juggernaut","floor":27}],"player_experience":2425827,"relics_obtained":[{"floor":6.0,"key":"Red Skull"},{"floor":8.0,"key":"Paper Frog"},{"floor":9.0,"key":"Orichalcum"},{"floor":14.0,"key":"Letter Opener"},{"floor":20,"key":"Red Mask"},{"floor":26,"key":"The Courier"}],"event_choices":[{"damage_healed":0.0,"max_hp_gain":0.0,"max_hp_loss":0.0,"gold_gain":0.0,"event_name":"Upgrade Shrine","player_choice":"Upgraded","floor":2.0,"gold_loss":0.0,"damage_taken":0.0,"cards_upgraded":["Perfected Strike"]},{"damage_healed":0.0,"max_hp_gain":0.0,"max_hp_loss":8.0,"gold_gain":0.0,"event_name":"Golden Idol","player_choice":"Lose Max HP","floor":10.0,"gold_loss":0.0,"damage_taken":0.0,"relics_obtained":["Golden Idol"]},{"damage_healed":0.0,"max_hp_gain":0.0,"max_hp_loss":0.0,"gold_gain":75.0,"event_name":"World of Goop","player_choice":"Gather Gold","floor":12.0,"gold_loss":0.0,"damage_taken":11.0},{"damage_healed":0,"gold_gain":0,"player_choice":"Ignored","damage_taken":0,"max_hp_gain":0,"max_hp_loss":0,"event_name":"Beggar","floor":19,"gold_loss":0},{"damage_healed":0,"gold_gain":0,"player_choice":"Fought Bandits","damage_taken":0,"max_hp_gain":0,"max_hp_loss":0,"event_name":"Masked Bandits","floor":20,"gold_loss":0},{"damage_healed":0,"gold_gain":0,"player_choice":"Opened","damage_taken":0,"relics_obtained":["Smiling Mask"],"max_hp_gain":0,"max_hp_loss":0,"event_name":"The Mausoleum","floor":22,"gold_loss":0,"cards_obtained":["Writhe"]},{"damage_healed":0,"gold_gain":0,"player_choice":"Simplicity","damage_taken":0,"max_hp_gain":0,"max_hp_loss":0,"event_name":"Back to Basics","floor":28,"gold_loss":0,"cards_upgraded":["Strike_R","Strike_R","Strike_R","Strike_R","Strike_R","Defend_R","Defend_R","Defend_R","Defend_R"]},{"damage_healed":0,"gold_gain":0,"player_choice":"Gave Idol","damage_taken":0,"relics_obtained":["Bloody Idol"],"max_hp_gain":0,"max_hp_loss":0,"event_name":"Forgotten Altar","floor":30,"relics_lost":["Golden Idol"],"gold_loss":0},{"damage_healed":0,"gold_gain":0,"player_choice":"Fight","damage_taken":0,"max_hp_gain":0,"max_hp_loss":0,"event_name":"Colosseum","floor":31,"gold_loss":0},{"damage_healed":0,"gold_gain":0,"player_choice":"Fled From Nobs","damage_taken":0,"max_hp_gain":0,"max_hp_loss":0,"event_name":"Colosseum","floor":31,"gold_loss":0}],"is_beta":false,"boss_relics":[{"not_picked":["Philosopher\u0027s Stone","White Beast Statue"],"picked":"Cursed Key"}],"items_purged_floors":[],"is_endless":false,"potions_floor_spawned":[4,13,14,24,31],"killed_by":"Collector","ascension_level":17}