{"gold_per_floor":[18,88,38,38,58,58,75,108,108,138,63,63,63,77,77,181,181,191,191,191,191,204,204,238,238,238,39,59,139,139,139],"floor_reached":31,"playtime":1949,"items_purged":["Strike_G"],"score":350,"play_id":"0ac42adb-249f-49cc-a596-ebb4c3636fb6","local_time":"20180718200802","is_ascension_mode":true,"campfire_choices":[{"data":"Bouncing Flask","floor":6,"key":"SMITH"},{"data":"Terror","floor":13,"key":"SMITH"},{"data":"Bane","floor":15,"key":"SMITH"},{"data":"Distraction","floor":23,"key":"SMITH"},{"floor":30,"key":"REST"}],"neow_cost":"NO_GOLD","seed_source_timestamp":10272104243877,"circlet_count":0,"master_deck":["Survivor","Neutralize+1","All Out Attack","Bouncing Flask+1","Bane+1","Quick Slash","Terror+1","Footwork+1","Bullet Time","Outmaneuver","Terror","Prepared","Dash","Distraction","Dagger Throw","Distraction+1","Eviscerate","Cloak And Dagger+1","Riddle With Holes","PiercingWail","Bullet Time","Bullet Time","Infinite Blades+1"],"relics":["Ring of the Snake","Frozen Egg 2","Pen Nib","Bottled Lightning","Pandora\u0027s Box","Snake Skull","GremlinMask","Du-Vu Doll","The Specimen","DollysMirror","Smiling Mask"],"potions_floor_usage":[8,16,28,28,28,31,31],"damage_taken":[{"damage":1,"enemies":"Jaw Worm","floor":1,"turns":6},{"damage":0,"enemies":"2 Louse","floor":5,"turns":3},{"damage":2,"enemies":"Cultist","floor":7,"turns":4},{"damage":15,"enemies":"3 Sentries","floor":8,"turns":8},{"damage":6,"enemies":"Gremlin Nob","floor":10,"turns":4},{"damage":0,"enemies":"2 Fungi Beasts","floor":14,"turns":2},{"damage":17,"enemies":"Hexaghost","floor":16,"turns":7},{"damage":19,"enemies":"2 Thieves","floor":18,"turns":2},{"damage":8,"enemies":"Spheric Guardian","floor":22,"turns":4},{"damage":20,"enemies":"Book of Stabbing","floor":24,"turns":4},{"damage":5,"enemies":"Centurion and Healer","floor":28,"turns":6},{"damage":52,"enemies":"Gremlin Leader","floor":31,"turns":5}],"seed_played":"-1999426709786553252","potions_obtained":[{"floor":7,"key":"Block Potion"},{"floor":10,"key":"EssenceOfSteel"},{"floor":14,"key":"FearPotion"},{"floor":16,"key":"Strength Potion"},{"floor":22,"key":"Block Potion"},{"floor":24,"key":"Weak Potion"},{"floor":28,"key":"Swift Potion"}],"is_trial":false,"path_per_floor":["M","?","?","?","M","R","M","E","T","E","$","?","R","M","R","B",null,"M","?","?","?","M","R","E","?","T","$","M","T","R"],"character_chosen":"THE_SILENT","items_purchased":["DollysMirror"],"campfire_rested":1,"item_purchase_floors":[27],"current_hp_per_floor":[76,76,76,76,76,76,74,59,59,53,53,81,81,81,81,64,79,60,60,60,60,52,52,32,32,32,32,27,27,52,0],"gold":139,"neow_bonus":"TWENTY_PERCENT_HP_BONUS","is_prod":false,"is_daily":false,"chose_seed":false,"campfire_upgraded":4,"win_rate":0,"timestamp":1531910282,"path_taken":["M","?","?","?","M","R","M","E","T","E","$","?","R","M","R","BOSS","M","?","?","?","M","R","E","?","T","$","M","?","R","E"],"build_version":"2018-07-12","purchased_purges":1,"victory":false,"max_hp_per_floor":[84,84,84,84,84,84,84,84,84,84,84,84,84,84,84,84,84,84,84,84,84,84,84,84,84,84,84,84,84,84,84],"card_choices":[{"not_picked":["Slice","Choke"],"picked":"All Out Attack","floor":1},{"not_picked":["Cloak And Dagger","Deflect"],"picked":"Bouncing Flask","floor":5},{"not_picked":["Skewer","Outmaneuver"],"picked":"Bane","floor":7},{"not_picked":["Well Laid Plans","Finisher"],"picked":"Quick Slash","floor":8},{"not_picked":["Finisher","Blur"],"picked":"Terror","floor":10},{"not_picked":["Quick Slash","PiercingWail"],"picked":"Footwork+1","floor":14},{"not_picked":["Die Die Die","Storm of Steel"],"picked":"Bullet Time","floor":16},{"not_picked":["Dodge and Roll","Blade Dance"],"picked":"Cloak And Dagger+1","floor":18},{"not_picked":["Flying Knee+1","PiercingWail"],"picked":"Riddle With Holes","floor":22},{"not_picked":["Flying Knee","Outmaneuver"],"picked":"PiercingWail","floor":24},{"not_picked":["Backstab+1","Poisoned Stab"],"picked":"Infinite Blades+1","floor":28}],"player_experience":180709,"relics_obtained":[{"floor":8,"key":"Frozen Egg 2"},{"floor":9,"key":"Pen Nib"},{"floor":10,"key":"Bottled Lightning"},{"floor":24,"key":"Du-Vu Doll"},{"floor":26,"key":"The Specimen"},{"floor":29,"key":"Smiling Mask"}],"event_choices":[{"event_name":"Golden Wing","player_choice":"Gained Gold","floor":2,"damage_taken":0},{"event_name":"The Cleric","player_choice":"Card Removal","floor":3,"damage_taken":0},{"event_name":"Upgrade Shrine","player_choice":"Upgraded","floor":4,"damage_taken":0},{"event_name":"Big Fish","player_choice":"Banana","floor":12,"damage_taken":0},{"event_name":"The Mausoleum","player_choice":"Yes","floor":19,"damage_taken":0},{"event_name":"FaceTrader","player_choice":"Trade","floor":20,"damage_taken":0},{"event_name":"Fountain of Cleansing","player_choice":"Removed Curse","floor":21,"damage_taken":0},{"event_name":"Duplicator","player_choice":"One dupe","floor":25,"damage_taken":0}],"boss_relics":[{"not_picked":["Ring of the Serpent","Cursed Key"],"picked":"Pandora\u0027s Box"}],"items_purged_floors":[11],"is_endless":false,"potions_floor_spawned":[7,10,14,16,22,24,28],"killed_by":"Gremlin Leader","ascension_level":7}