{"path_per_floor":["M","M","M","?","$","R","M","M","T","E","M","R","M","?","R","B",null,"M","M"],"character_chosen":"DEFECT","items_purchased":["Gash","Chaos"],"gold_per_floor":[112,131,151,151,35,35,54,78,78,113,136,136,149,117,117,247,247,223,242,242],"floor_reached":20,"campfire_rested":3,"playtime":1638,"item_purchase_floors":[5,5],"current_hp_per_floor":[71,71,71,53,53,75,59,34,34,19,12,34,34,34,56,11,75,53,27,0],"items_purged":[],"gold":242,"score":205,"play_id":"5030df9b-9820-4707-9e05-35ec63beaf73","local_time":"20180608095221","is_prod":false,"is_daily":false,"chose_seed":false,"is_ascension_mode":true,"campfire_upgraded":0,"win_rate":0,"timestamp":1528465941,"campfire_choices":[{"floor":6,"key":"REST"},{"floor":12,"key":"REST"},{"floor":15,"key":"REST"}],"path_taken":["M","M","?","?","$","R","M","M","T","E","?","R","M","?","R","BOSS","M","M","M"],"build_version":"2018-06-07","seed_source_timestamp":138680033659827,"purchased_purges":0,"victory":false,"master_deck":["Strike_B","Strike_B","Strike_B","Strike_B","Defend_B","Defend_B","Defend_B","Defend_B","Zap","Dualcast","Multi-Cast","Cold Snap","Glacier","Steam","Gash","Chaos","Cold Snap","BootSequence","Doom and Gloom","Machine Learning","Coolheaded","Buffer","Ball Lightning","Blizzard"],"max_hp_per_floor":[75,75,75,75,75,75,75,75,75,75,75,75,75,75,75,75,75,75,75,75],"relics":["Cracked Core","Golden Idol","Shovel","Centennial Puzzle","Black Star"],"card_choices":[{"not_picked":["Sweeping Beam","Hologram"],"picked":"Cold Snap","floor":1},{"not_picked":["Turbo","Coolheaded"],"picked":"Glacier","floor":2},{"not_picked":["Hologram","Sweeping Beam"],"picked":"Steam","floor":3},{"not_picked":["Redo","Aggregate"],"picked":"Cold Snap","floor":7},{"not_picked":["Ball Lightning","Rebound"],"picked":"BootSequence","floor":8},{"not_picked":["Undo","Melter"],"picked":"Doom and Gloom","floor":10},{"not_picked":["Barrage","Scrape"],"picked":"Machine Learning","floor":11},{"not_picked":["Blizzard","Cold Snap"],"picked":"Coolheaded","floor":13},{"not_picked":["Biased Cognition","Hyperbeam"],"picked":"Buffer","floor":16},{"not_picked":["Heatsinks","Compile Driver"],"picked":"Ball Lightning","floor":18},{"not_picked":["Compile Driver","Auto Shields"],"picked":"Blizzard","floor":19}],"player_experience":408660,"potions_floor_usage":[16,16,20],"damage_taken":[{"damage":4,"enemies":"Cultist","floor":1,"turns":5},{"damage":0,"enemies":"2 Louse","floor":2,"turns":3},{"damage":0,"enemies":"Jaw Worm","floor":3,"turns":5},{"damage":16,"enemies":"Exordium Wildlife","floor":7,"turns":8},{"damage":25,"enemies":"Lots of Slimes","floor":8,"turns":6},{"damage":15,"enemies":"3 Sentries","floor":10,"turns":10},{"damage":7,"enemies":"Looter","floor":11,"turns":3},{"damage":0,"enemies":"Blue Slaver","floor":13,"turns":5},{"damage":45,"enemies":"Slime Boss","floor":16,"turns":17},{"damage":22,"enemies":"2 Thieves","floor":18,"turns":5},{"damage":26,"enemies":"3 Byrds","floor":19,"turns":5},{"damage":32,"enemies":"Sentry and Sphere","floor":20,"turns":7}],"relics_obtained":[{"floor":9,"key":"Shovel"},{"floor":10,"key":"Centennial Puzzle"}],"event_choices":[{"event_name":"Golden Idol","player_choice":"Take Damage","floor":4,"damage_taken":0},{"event_name":"World of Goop","player_choice":"Left","floor":14,"damage_taken":0}],"boss_relics":[{"not_picked":["Runic Dome","Astrolabe"],"picked":"Black Star"}],"items_purged_floors":[],"potions_floor_spawned":[3,7,13,18,19],"seed_played":"3322815502256401235","killed_by":"Sentry and Sphere","ascension_level":3,"potions_obtained":[{"floor":3,"key":"Ancient Potion"},{"floor":7,"key":"Ancient Potion"},{"floor":13,"key":"SteroidPotion"},{"floor":18,"key":"SkillPotion"},{"floor":19,"key":"Swift Potion"}],"is_trial":false}