{"gold_per_floor":[113,38,38,49,63,63,91,104,127,127,143,42,42,42,42,138,138,157,171,171],"floor_reached":20,"playtime":871,"items_purged":["Strike_B"],"score":426,"play_id":"847460d5-2268-4033-94c4-bada62b94512","local_time":"20190129185828","is_ascension_mode":true,"campfire_choices":[{"data":"Defragment","floor":6,"key":"SMITH"},{"data":"Glacier","floor":10,"key":"SMITH"},{"data":"Zap","floor":15,"key":"SMITH"}],"neow_cost":"NONE","seed_source_timestamp":455324466301465,"circlet_count":0,"master_deck":["AscendersBane","Strike_B","Defend_B","Defend_B","Defend_B","Defend_B","Zap+1","Dualcast","Glacier+1","Cold Snap","Cold Snap","Defragment+1","Ball Lightning","Cold Snap","Steam","Coolheaded","Electrodynamics","BootSequence","Ball Lightning","Hologram","Conserve Battery","Creative AI","Glacier"],"relics":["Cracked Core","Potion Belt","Strawberry","Golden Idol","Orrery"],"potions_floor_usage":[7,16,16],"damage_taken":[{"damage":1,"enemies":"Jaw Worm","floor":1,"turns":4},{"damage":0,"enemies":"2 Louse","floor":4,"turns":4},{"damage":0,"enemies":"Cultist","floor":5,"turns":3},{"damage":26,"enemies":"Gremlin Nob","floor":7,"turns":7},{"damage":0,"enemies":"Blue Slaver","floor":8,"turns":4},{"damage":1,"enemies":"3 Louse","floor":11,"turns":4},{"damage":0,"enemies":"The Guardian","floor":16,"turns":13},{"damage":8,"enemies":"Chosen","floor":18,"turns":4},{"damage":26,"enemies":"3 Byrds","floor":19,"turns":5},{"damage":38,"enemies":"Shelled Parasite and Fungi","floor":20,"turns":4}],"seed_played":"334770246784272239","potions_obtained":[{"floor":1,"key":"SteroidPotion"},{"floor":7,"key":"SteroidPotion"},{"floor":8,"key":"FearPotion"},{"floor":16,"key":"Fruit Juice"},{"floor":19,"key":"SpeedPotion"}],"is_trial":false,"path_per_floor":["M","?","?","M","M","R","E","M","T","R","M","$","?","$","R","B",null,"M","M","M"],"character_chosen":"DEFECT","items_purchased":["Coolheaded"],"campfire_rested":0,"item_purchase_floors":[12],"current_hp_per_floor":[63,63,63,63,63,63,37,37,44,44,43,43,43,43,43,48,69,61,35,0],"gold":171,"neow_bonus":"THREE_CARDS","is_prod":false,"is_daily":false,"chose_seed":false,"campfire_upgraded":3,"win_rate":0,"timestamp":1548806308,"path_taken":["M","?","?","M","M","R","E","?","T","R","M","$","?","$","R","BOSS","M","M","M"],"build_version":"2019-01-23","purchased_purges":1,"victory":false,"max_hp_per_floor":[71,71,71,71,71,71,71,71,78,78,78,78,71,71,71,76,76,76,76,76],"card_choices":[{"not_picked":["Tempest","Static Discharge"],"picked":"Glacier","floor":0},{"not_picked":["Hello World","Compile Driver"],"picked":"Cold Snap","floor":1},{"not_picked":["Hologram","Streamline"],"picked":"Cold Snap","floor":4},{"not_picked":["Stack","Consume"],"picked":"Defragment","floor":5},{"not_picked":["Steam","Genetic Algorithm"],"picked":"Ball Lightning","floor":7},{"not_picked":["Steam","Hologram"],"picked":"Cold Snap","floor":8},{"not_picked":["Leap","Fission"],"picked":"Steam","floor":11},{"not_picked":["Fission","Seek"],"picked":"Electrodynamics","floor":16},{"not_picked":["Barrage","Aggregate"],"picked":"BootSequence","floor":17},{"not_picked":["Compile Driver","Force Field"],"picked":"Ball Lightning","floor":17},{"not_picked":["Gash","Streamline"],"picked":"Hologram","floor":17},{"not_picked":["Turbo","Compile Driver"],"picked":"Conserve Battery","floor":17},{"not_picked":["Conserve Battery","Go for the Eyes"],"picked":"Creative AI","floor":18},{"not_picked":["Conserve Battery","Go for the Eyes"],"picked":"Glacier","floor":19}],"player_experience":2210361,"relics_obtained":[{"floor":7,"key":"Potion Belt"},{"floor":9,"key":"Strawberry"}],"event_choices":[{"cards_removed":["Strike_B"],"damage_healed":0,"gold_gain":0,"player_choice":"Card Removal","damage_taken":0,"max_hp_gain":0,"max_hp_loss":0,"event_name":"The Cleric","floor":2,"gold_loss":75},{"cards_removed":["Strike_B"],"damage_healed":0,"gold_gain":0,"player_choice":"Purged","damage_taken":0,"max_hp_gain":0,"max_hp_loss":0,"event_name":"Purifier","floor":3,"gold_loss":0},{"damage_healed":0,"gold_gain":0,"player_choice":"Lose Max HP","damage_taken":0,"relics_obtained":["Golden Idol"],"max_hp_gain":0,"max_hp_loss":7,"event_name":"Golden Idol","floor":13,"gold_loss":0}],"is_beta":false,"boss_relics":[{"not_picked":["White Beast Statue","Astrolabe"],"picked":"Orrery"}],"items_purged_floors":[12],"is_endless":false,"potions_floor_spawned":[1,7,8,16,19],"killed_by":"Shelled Parasite and Fungi","ascension_level":18}