{"gold_per_floor":[115,128,128,146,156,156,187,44,120,137,117,132,142,154,154,259,259,271,271,271,285,285],"floor_reached":22,"playtime":1674,"items_purged":["Defend_G"],"score":215,"play_id":"0bdce791-dc80-4997-aa66-57bf4db36315","local_time":"20181207204244","is_ascension_mode":false,"campfire_choices":[{"data":"Noxious Fumes","floor":6,"key":"SMITH"},{"data":"Leg Sweep","floor":15,"key":"SMITH"}],"neow_cost":"NONE","seed_source_timestamp":760356599433094,"circlet_count":0,"master_deck":["Defend_G","Defend_G","Defend_G","Defend_G","Strike_G","Strike_G","Strike_G","Survivor","Neutralize","Well Laid Plans","Noxious Fumes+1","Blur","Leg Sweep+1","PiercingWail","Bullet Time","Burst","Dodge and Roll","Ghostly","Ghostly","Ghostly","Ghostly","Ghostly"],"relics":["Ring of the Snake","NeowsBlessing","Turnip","Empty Cage","Nilry\u0027s Codex"],"potions_floor_usage":[7,13,14,16,16],"damage_taken":[{"damage":0,"enemies":"2 Louse","floor":1,"turns":1},{"damage":0,"enemies":"Cultist","floor":2,"turns":1},{"damage":0,"enemies":"Jaw Worm","floor":4,"turns":1},{"damage":7,"enemies":"3 Louse","floor":5,"turns":5},{"damage":36,"enemies":"3 Sentries","floor":7,"turns":8},{"damage":0,"enemies":"Looter","floor":10,"turns":4},{"damage":0,"enemies":"Blue Slaver","floor":12,"turns":5},{"damage":0,"enemies":"Red Slaver","floor":13,"turns":4},{"damage":2,"enemies":"2 Fungi Beasts","floor":14,"turns":4},{"damage":19,"enemies":"Hexaghost","floor":16,"turns":13},{"damage":23,"enemies":"Chosen","floor":18,"turns":10},{"damage":3,"enemies":"Shell Parasite","floor":21,"turns":9},{"damage":25,"enemies":"Cultist and Chosen","floor":22,"turns":5}],"seed_played":"-7586001374163454985","potions_obtained":[{"floor":1,"key":"SteroidPotion"},{"floor":7,"key":"Swift Potion"},{"floor":10,"key":"Fire Potion"},{"floor":11,"key":"FearPotion"},{"floor":12,"key":"GhostInAJar"},{"floor":14,"key":"EssenceOfSteel"}],"is_trial":false,"path_per_floor":["M","M","?","M","M","R","E","$","T","M","?","M","M","M","R","B",null,"M","?","?","M","M"],"character_chosen":"THE_SILENT","items_purchased":["Leg Sweep"],"campfire_rested":0,"item_purchase_floors":[8],"current_hp_per_floor":[70,70,75,75,68,68,32,32,32,32,32,32,32,30,30,11,75,52,37,21,18,0],"gold":285,"neow_bonus":"THREE_ENEMY_KILL","is_prod":false,"is_daily":false,"chose_seed":false,"campfire_upgraded":2,"win_rate":0,"timestamp":1544182964,"path_taken":["M","M","?","M","M","R","E","$","T","M","?","M","?","M","R","BOSS","M","?","?","M","M"],"build_version":"2018-12-06","purchased_purges":1,"victory":false,"max_hp_per_floor":[70,70,75,75,75,75,75,75,75,75,75,75,75,75,75,75,75,75,37,37,37,37],"card_choices":[{"not_picked":["Escape Plan","Masterful Stab","Quick Slash"],"picked":"SKIP","floor":1},{"not_picked":["Cloak And Dagger","Heel Hook"],"picked":"Well Laid Plans","floor":2},{"not_picked":["Cloak And Dagger","Deflect"],"picked":"Noxious Fumes","floor":4},{"not_picked":["Poisoned Stab","Blade Dance","Outmaneuver"],"picked":"SKIP","floor":5},{"not_picked":["Expertise","Finisher"],"picked":"Blur","floor":7},{"not_picked":["Slice","Backflip","Endless Agony"],"picked":"SKIP","floor":10},{"not_picked":["Caltrops","Slice"],"picked":"PiercingWail","floor":12},{"not_picked":["PiercingWail","Slice","Quick Slash"],"picked":"SKIP","floor":13},{"not_picked":["Blur","Noxious Fumes"],"picked":"Bullet Time","floor":14},{"not_picked":["Envenom","Die Die Die"],"picked":"Burst","floor":16},{"not_picked":["Deflect","Heel Hook+1"],"picked":"Dodge and Roll","floor":18},{"not_picked":["Eviscerate+1","Poisoned Stab","Accuracy"],"picked":"SKIP","floor":21}],"player_experience":77035,"relics_obtained":[{"floor":7,"key":"Turnip"},{"floor":20,"key":"Nilry\u0027s Codex"}],"event_choices":[{"damage_healed":0,"gold_gain":0,"player_choice":"Donut","damage_taken":0,"max_hp_gain":5,"max_hp_loss":0,"event_name":"Big Fish","floor":3,"gold_loss":0},{"damage_healed":0,"gold_gain":0,"player_choice":"Bought 1 Potion","damage_taken":0,"max_hp_gain":0,"max_hp_loss":0,"event_name":"The Woman in Blue","floor":11,"gold_loss":0},{"damage_healed":0,"gold_gain":0,"player_choice":"Became a Ghost","damage_taken":0,"max_hp_gain":0,"max_hp_loss":38,"event_name":"Ghosts","floor":19,"gold_loss":0,"cards_obtained":["Ghostly","Ghostly","Ghostly","Ghostly","Ghostly"]},{"damage_healed":0,"gold_gain":0,"player_choice":"Obtained Book","damage_taken":16,"max_hp_gain":0,"max_hp_loss":0,"event_name":"Cursed Tome","floor":20,"gold_loss":0}],"is_beta":false,"boss_relics":[{"not_picked":["Sozu","Philosopher\u0027s Stone"],"picked":"Empty Cage"}],"items_purged_floors":[8],"is_endless":false,"potions_floor_spawned":[1,7,10,12,14],"killed_by":"Cultist and Chosen","ascension_level":0}