{"path_per_floor":["M","M","M","$","M","R","E","R","T","M","R","M","R","?","R","B",null,"M","?","$","$","M","R","E","R","T","R","M","M","M","M","R"],"character_chosen":"IRONCLAD","items_purchased":["Happy Flower"],"gold_per_floor":[109,125,145,0,18,18,46,46,46,64,64,74,74,74,74,178,178,189,189,189,114,129,129,163,163,235,235,255,266,284,304,304,304],"floor_reached":33,"campfire_rested":5,"playtime":1837,"item_purchase_floors":[4],"current_hp_per_floor":[76,68,69,69,36,60,36,60,60,49,73,66,66,80,80,80,80,80,80,80,80,80,80,63,80,80,80,60,34,31,32,56,0],"items_purged":["Defend_R"],"gold":304,"score":319,"play_id":"2afae5ef-0425-43eb-8f50-64be41d98c3f","local_time":"20180530184039","is_prod":false,"is_daily":false,"chose_seed":false,"is_ascension_mode":false,"campfire_upgraded":4,"win_rate":0,"timestamp":1527720039,"campfire_choices":[{"floor":6,"key":"REST"},{"floor":8,"key":"REST"},{"floor":11,"key":"REST"},{"data":"Rupture","floor":13,"key":"SMITH"},{"data":"Whirlwind","floor":15,"key":"SMITH"},{"data":"Thunderclap","floor":23,"key":"SMITH"},{"floor":25,"key":"REST"},{"data":"Thunderclap","floor":27,"key":"SMITH"},{"floor":32,"key":"REST"}],"path_taken":["M","M","M","?","M","R","E","R","T","M","R","M","R","?","R","BOSS","M","?","?","$","M","R","E","R","T","R","M","M","M","M","R","BOSS"],"build_version":"2018-05-24","seed_source_timestamp":266671964094008,"purchased_purges":1,"victory":false,"master_deck":["Strike_R","Strike_R","Strike_R","Strike_R","Strike_R","Defend_R","Defend_R","Defend_R","Bash","Combust","Rupture+1","Pummel","Whirlwind+1","Cleave","Parasite","Immolate","Shrug It Off","Thunderclap+1","Thunderclap+1","Flex+1","Shrug It Off+1"],"max_hp_per_floor":[80,80,80,80,80,80,80,80,80,80,80,80,80,80,80,80,80,80,80,80,80,80,80,80,80,80,80,80,80,80,80,80,80],"relics":["Burning Blood","Happy Flower","Dodecahedron","Mercury Hourglass","Runic Cube","Darkstone Periapt","Self Forming Clay"],"card_choices":[{"not_picked":["Carnage","Havoc"],"picked":"Combust","floor":1},{"not_picked":["Sword Boomerang","Headbutt"],"picked":"Rupture","floor":2},{"not_picked":["Body Slam","Battle Trance"],"picked":"Pummel","floor":3},{"not_picked":["Entrench","Headbutt"],"picked":"Whirlwind","floor":5},{"not_picked":["Headbutt","Anger","True Grit"],"picked":"SKIP","floor":7},{"not_picked":["Reckless Charge","Armaments","Evolve"],"picked":"SKIP","floor":10},{"not_picked":["Armaments","True Grit"],"picked":"Cleave","floor":12},{"not_picked":["Juggernaut","Berserk"],"picked":"Immolate","floor":16},{"not_picked":["Clothesline","Uppercut"],"picked":"Shrug It Off","floor":18},{"not_picked":["Warcry","Fire Breathing"],"picked":"Thunderclap","floor":22},{"not_picked":["Sentinel","Twin Strike","Berserk"],"picked":"SKIP","floor":24},{"not_picked":["Wild Strike+1","Power Through+1","True Grit"],"picked":"SKIP","floor":28},{"not_picked":["Rampage","Warcry","Sever Soul"],"picked":"SKIP","floor":29},{"not_picked":["Hemokinesis","Corruption+1"],"picked":"Flex+1","floor":30},{"not_picked":["Sever Soul","Wild Strike"],"picked":"Shrug It Off+1","floor":31}],"player_experience":216474,"potions_floor_usage":[12,16,16,24,33,33],"damage_taken":[{"damage":10,"enemies":"Cultist","floor":1,"turns":4},{"damage":14,"enemies":"Small Slimes","floor":2,"turns":3},{"damage":5,"enemies":"2 Louse","floor":3,"turns":4},{"damage":39,"enemies":"Gremlin Gang","floor":5,"turns":4},{"damage":30,"enemies":"3 Sentries","floor":7,"turns":4},{"damage":17,"enemies":"Exordium Thugs","floor":10,"turns":3},{"damage":13,"enemies":"Exordium Wildlife","floor":12,"turns":4},{"damage":3,"enemies":"Slime Boss","floor":16,"turns":5},{"damage":0,"enemies":"Chosen","floor":18,"turns":3},{"damage":1,"enemies":"3 Byrds","floor":22,"turns":1},{"damage":23,"enemies":"Gremlin Leader","floor":24,"turns":5},{"damage":26,"enemies":"Snake Plant","floor":28,"turns":4},{"damage":32,"enemies":"Slaver and Parasite","floor":29,"turns":4},{"damage":9,"enemies":"Snecko","floor":30,"turns":3},{"damage":5,"enemies":"Centurion and Healer","floor":31,"turns":4},{"damage":79,"enemies":"Automaton","floor":33,"turns":6}],"relics_obtained":[{"floor":7,"key":"Dodecahedron"},{"floor":9,"key":"Mercury Hourglass"},{"floor":24,"key":"Darkstone Periapt"},{"floor":26,"key":"Self Forming Clay"}],"event_choices":[{"event_name":"Mushrooms","player_choice":"Healed and dodged fight","floor":14,"damage_taken":0},{"event_name":"The Library","player_choice":"Read","floor":19,"damage_taken":0}],"boss_relics":[{"not_picked":["Philosopher\u0027s Stone","Black Star"],"picked":"Runic Cube"}],"items_purged_floors":[21],"potions_floor_spawned":[1,2,5,7,18,28,31],"seed_played":"-1433043607950256185","killed_by":"Automaton","ascension_level":0,"potions_obtained":[{"floor":1,"key":"Strength Potion"},{"floor":2,"key":"FearPotion"},{"floor":5,"key":"EssenceOfSteel"},{"floor":18,"key":"EssenceOfSteel"},{"floor":28,"key":"GamblersBrew"},{"floor":31,"key":"Explosive Potion"}],"is_trial":false}