{"gold_per_floor":[118,118,7,182,198,198,214,73,73,87,87,115,115,135,135,266,266,266],"floor_reached":18,"playtime":472,"items_purged":["Strike_G","Strike_G"],"score":160,"play_id":"e39ee033-8d23-430c-bb57-cee973b1505e","local_time":"20180731231252","is_ascension_mode":false,"campfire_choices":[{"data":"Catalyst","floor":6,"key":"SMITH"},{"data":"Noxious Fumes","floor":11,"key":"SMITH"},{"floor":15,"key":"REST"}],"neow_cost":"NONE","seed_source_timestamp":7441794318025,"circlet_count":0,"master_deck":["Defend_G","Defend_G+1","Defend_G","Defend_G","Defend_G","Survivor","Neutralize","Flying Knee+1","Noxious Fumes+1","Doubt","Catalyst+1","Dodge and Roll","Footwork","Dash","Blade Dance","Die Die Die","Night Terror","Heel Hook+1","Poisoned Stab+1","Eviscerate+1"],"relics":["Sozu","Pear","Orichalcum","Golden Idol","Astrolabe"],"potions_floor_usage":[],"damage_taken":[{"damage":0,"enemies":"Small Slimes","floor":1,"turns":4},{"damage":1,"enemies":"Jaw Worm","floor":5,"turns":4},{"damage":1,"enemies":"2 Louse","floor":7,"turns":3},{"damage":4,"enemies":"Exordium Wildlife","floor":10,"turns":5},{"damage":9,"enemies":"3 Sentries","floor":12,"turns":7},{"damage":1,"enemies":"Blue Slaver","floor":14,"turns":4},{"damage":2,"enemies":"The Guardian","floor":16,"turns":12},{"damage":12,"enemies":"Spheric Guardian","floor":18,"turns":5}],"seed_played":"5116084591728273777","potions_obtained":[],"is_trial":false,"path_per_floor":["M","?","$","?","M","R","M","$","T","M","R","E","?","M","R","B",null],"character_chosen":"THE_SILENT","items_purchased":["Noxious Fumes","Footwork"],"campfire_rested":1,"item_purchase_floors":[3,8],"current_hp_per_floor":[70,56,56,56,55,55,54,54,64,60,60,51,31,30,54,52,80,68],"gold":266,"neow_bonus":"BOSS_RELIC","is_prod":false,"is_daily":false,"chose_seed":false,"campfire_upgraded":2,"win_rate":0,"timestamp":1533044572,"path_taken":["M","?","$","?","M","R","M","$","T","M","R","E","?","M","R","BOSS","M"],"build_version":"2018-07-26","purchased_purges":2,"victory":false,"max_hp_per_floor":[70,70,70,70,70,70,70,70,80,80,80,80,80,80,80,80,80,80],"card_choices":[{"not_picked":["Reflex","Deflect"],"picked":"Flying Knee","floor":1},{"not_picked":["Endless Agony","Noxious Fumes"],"picked":"Catalyst","floor":5},{"not_picked":["Quick Slash","Tactician"],"picked":"Dodge and Roll","floor":7},{"not_picked":["Dagger Throw","Eviscerate"],"picked":"Dash","floor":10},{"not_picked":["Cloak And Dagger","Acrobatics"],"picked":"Blade Dance","floor":12},{"not_picked":["Skewer","Dagger Throw"],"picked":"Die Die Die","floor":14},{"not_picked":["Die Die Die","Glass Knife"],"picked":"Night Terror","floor":16}],"player_experience":282854,"relics_obtained":[{"floor":9,"key":"Pear"},{"floor":12,"key":"Orichalcum"}],"event_choices":[{"event_name":"Shining Light","player_choice":"Entered Light","floor":2,"damage_taken":0},{"event_name":"Liars Game","player_choice":"agreed","floor":4,"damage_taken":0},{"event_name":"Golden Idol","player_choice":"Take Damage","floor":13,"damage_taken":0}],"is_beta":false,"boss_relics":[{"not_picked":["Philosopher\u0027s Stone","Orrery"],"picked":"Astrolabe"}],"items_purged_floors":[3,8],"is_endless":false,"potions_floor_spawned":[1,12,16],"killed_by":"Spheric Guardian","ascension_level":0}