{"gold_per_floor":[113,38,38,50,50,50,70,70,70,245,245,262,275,292,292,388,388,399,498,516,533,146,146,21,21,21,31,31,31,42,52,52,52,52,69,1068,1082,1082,1094,1094,479,479,552,587,26,37,69,83,83,83],"floor_reached":50,"playtime":1980,"items_purged":["Strike_R","Doubt","Strike_R","Normality","Normality"],"score":567,"play_id":"df792c56-eff8-4011-9232-000539de7fd0","local_time":"20190211120346","is_ascension_mode":false,"campfire_choices":[{"data":"Limit Break","floor":6.0,"key":"SMITH"},{"data":"Armaments","floor":8.0,"key":"SMITH"},{"data":"Bash","floor":11.0,"key":"SMITH"},{"data":"True Grit","floor":15.0,"key":"SMITH"},{"floor":23.0,"key":"REST"},{"floor":29.0,"key":"REST"},{"floor":32.0,"key":"REST"},{"floor":40.0,"key":"REST"},{"floor":49.0,"key":"REST"}],"neow_cost":"NONE","seed_source_timestamp":0,"circlet_count":0,"master_deck":["Strike_R+1","Strike_R+1","Defend_R","Defend_R","Defend_R","Defend_R","Bash+1","Armaments+1","Thunderclap","Limit Break+1","Cleave","Flex","True Grit+1","Shockwave","Fire Breathing","Twin Strike","Immolate","Inflame","Reckless Charge","Inflame","Intimidate","Headbutt+1","Flex","Twin Strike+1","Havoc+1","Impervious","Heavy Blade","Headbutt","Heavy Blade+1","Armaments+1","Inflame+1","Writhe","Offering","Warcry+1","Good Instincts","Shockwave","Double Tap","Power Through+1","Whirlwind","Feel No Pain","Shrug It Off","Seeing Red"],"special_seed":0,"relics":["Burning Blood","NeowsBlessing","Odd Mushroom","Prayer Wheel","Fusion Hammer","Bird Faced Urn","Kunai","Lizard Tail","Magic Flower","Bottled Flame","Paper Frog","Charon\u0027s Ashes","Shuriken"],"potions_floor_usage":[50,50],"damage_taken":[{"damage":0.0,"enemies":"Small Slimes","floor":1.0,"turns":1.0},{"damage":0.0,"enemies":"2 Louse","floor":4.0,"turns":1.0},{"damage":0.0,"enemies":"The Mushroom Lair","floor":7.0,"turns":2.0},{"damage":1.0,"enemies":"Jaw Worm","floor":12.0,"turns":6.0},{"damage":13.0,"enemies":"Exordium Wildlife","floor":13.0,"turns":5.0},{"damage":8.0,"enemies":"3 Louse","floor":14.0,"turns":3.0},{"damage":61.0,"enemies":"Hexaghost","floor":16.0,"turns":12.0},{"damage":24.0,"enemies":"Shell Parasite","floor":18.0,"turns":6.0},{"damage":25.0,"enemies":"Spheric Guardian","floor":20.0,"turns":4.0},{"damage":25.0,"enemies":"Shelled Parasite and Fungi","floor":21.0,"turns":5.0},{"damage":5.0,"enemies":"Centurion and Healer","floor":27.0,"turns":4.0},{"damage":6.0,"enemies":"3 Cultists","floor":30.0,"turns":3.0},{"damage":23.0,"enemies":"Chosen and Byrds","floor":31.0,"turns":6.0},{"damage":59.0,"enemies":"Collector","floor":33.0,"turns":7.0},{"damage":27.0,"enemies":"3 Darklings","floor":35.0,"turns":6.0},{"damage":29.0,"enemies":"3 Shapes","floor":37.0,"turns":6.0},{"damage":38.0,"enemies":"Transient","floor":39.0,"turns":5.0},{"damage":49.0,"enemies":"Giant Head","floor":44.0,"turns":8.0},{"damage":61.0,"enemies":"Writhing Mass","floor":46.0,"turns":4.0},{"damage":47.0,"enemies":"Reptomancer","floor":47.0,"turns":7.0},{"damage":14.0,"enemies":"Sphere and 2 Shapes","floor":48.0,"turns":3.0},{"damage":71,"enemies":"Time Eater","floor":50,"turns":5}],"seed_played":"2474408380480159736","potions_obtained":[{"floor":12.0,"key":"SkillPotion"},{"floor":13.0,"key":"Explosive Potion"},{"floor":14.0,"key":"EssenceOfSteel"},{"floor":16.0,"key":"Fruit Juice"},{"floor":21.0,"key":"Weak Potion"},{"floor":30.0,"key":"Fire Potion"},{"floor":37.0,"key":"SteroidPotion"},{"floor":44.0,"key":"LiquidBronze"},{"floor":47.0,"key":"LiquidBronze"}],"is_trial":false,"path_per_floor":["M","$","?","M","?","R","?","R","T","?","R","M","M","M","R","B",null,"M","?","M","M","$","R","$","?","T","M","$","R","M","M","R","B",null,"M","?","M","?","M","R","$","?","T","E","$","M","E","M","R","B"],"character_chosen":"IRONCLAD","items_purchased":["Bird Faced Urn","Magic Flower","Good Instincts","Shockwave","Whirlwind","Charon\u0027s Ashes"],"campfire_rested":5,"item_purchase_floors":[22,41,41,41,45,45],"current_hp_per_floor":[80,80,64,70,70,70,76,76,76,76,76,80,73,71,71,21,85,67,67,48,29,29,54,54,54,54,59,59,84,85,74,85,34,85,70,70,53,74,46,71,71,71,71,43,43,68,42,43,68,0],"gold":83,"neow_bonus":"THREE_ENEMY_KILL","is_prod":false,"is_daily":false,"chose_seed":false,"campfire_upgraded":4,"win_rate":0,"timestamp":1549908226,"path_taken":["M","$","?","M","?","R","?","R","T","?","R","M","M","?","R","BOSS","M","?","M","M","$","R","$","?","T","M","?","R","?","M","R","BOSS","M","?","M","?","M","R","?","?","T","E","$","M","E","M","R","BOSS"],"build_version":"2019-01-23","purchased_purges":5,"victory":false,"max_hp_per_floor":[80,80,80,80,80,80,80,80,80,80,80,80,80,80,80,85,85,85,85,85,85,85,85,85,85,85,85,85,85,85,85,85,85,85,85,85,85,85,85,85,85,85,85,85,85,85,85,85,85,85],"card_choices":[{"not_picked":["Perfected Strike","Pommel Strike"],"picked":"Armaments","floor":1.0},{"not_picked":["Cleave","Wild Strike"],"picked":"Thunderclap","floor":4.0},{"not_picked":["Bloodletting","Warcry"],"picked":"Cleave","floor":7.0},{"not_picked":["Perfected Strike","Wild Strike"],"picked":"Flex","floor":12.0},{"not_picked":["Anger","Body Slam","Pommel Strike"],"picked":"SKIP","floor":12.0},{"not_picked":["Anger","Dark Embrace"],"picked":"True Grit","floor":13.0},{"not_picked":["Clothesline","Shrug It Off"],"picked":"Shockwave","floor":13.0},{"not_picked":["Burning Pact","Combust"],"picked":"Fire Breathing","floor":14.0},{"not_picked":["Heavy Blade","Armaments"],"picked":"Twin Strike","floor":14.0},{"not_picked":["Barricade","Dark Embrace"],"picked":"Immolate","floor":16.0},{"not_picked":["Sword Boomerang","Headbutt"],"picked":"Inflame","floor":18.0},{"not_picked":["Blood for Blood","Corruption"],"picked":"Reckless Charge","floor":18.0},{"not_picked":["Cleave","Evolve"],"picked":"Inflame","floor":20.0},{"not_picked":["Wild Strike","Sword Boomerang"],"picked":"Intimidate","floor":20.0},{"not_picked":["Impervious","Entrench"],"picked":"Headbutt+1","floor":21.0},{"not_picked":["Dual Wield","Dropkick+1"],"picked":"Flex","floor":21.0},{"not_picked":["Shrug It Off","Iron Wave"],"picked":"Twin Strike+1","floor":27.0},{"not_picked":["Armaments","Clothesline"],"picked":"Havoc+1","floor":27.0},{"not_picked":["Havoc","Wild Strike"],"picked":"Impervious","floor":30.0},{"not_picked":["Cleave","Twin Strike","Warcry"],"picked":"SKIP","floor":30.0},{"not_picked":["Dropkick","Warcry"],"picked":"Heavy Blade","floor":31.0},{"not_picked":["True Grit","Entrench+1","Twin Strike"],"picked":"SKIP","floor":31.0},{"not_picked":["Havoc","Shrug It Off"],"picked":"Headbutt","floor":35.0},{"not_picked":["Wild Strike+1","Armaments"],"picked":"Heavy Blade+1","floor":35.0},{"not_picked":["Flame Barrier","Anger+1"],"picked":"Armaments+1","floor":37.0},{"not_picked":["Iron Wave","Bloodletting"],"picked":"Inflame+1","floor":37.0},{"not_picked":["Seeing Red","Pummel"],"picked":"Offering","floor":39.0},{"not_picked":["Anger+1","Wild Strike"],"picked":"Warcry+1","floor":39.0},{"not_picked":["Sword Boomerang+1","Infernal Blade"],"picked":"Power Through+1","floor":44.0},{"not_picked":["Hemokinesis","True Grit","Wild Strike"],"picked":"SKIP","floor":46.0},{"not_picked":["Dropkick+1","Sword Boomerang","Clash"],"picked":"SKIP","floor":46.0},{"not_picked":["Anger","Body Slam"],"picked":"Feel No Pain","floor":47.0},{"not_picked":["Warcry+1","Combust+1"],"picked":"Shrug It Off","floor":48.0},{"not_picked":["Headbutt+1","Perfected Strike+1"],"picked":"Seeing Red","floor":48.0}],"player_experience":784683,"relics_obtained":[{"floor":7.0,"key":"Odd Mushroom"},{"floor":9.0,"key":"Prayer Wheel"},{"floor":26.0,"key":"Kunai"},{"floor":43.0,"key":"Bottled Flame"},{"floor":44.0,"key":"Paper Frog"},{"floor":47.0,"key":"Shuriken"}],"event_choices":[{"damage_healed":0.0,"max_hp_gain":0.0,"max_hp_loss":0.0,"gold_gain":0.0,"event_name":"Shining Light","player_choice":"Entered Light","floor":3.0,"gold_loss":0.0,"damage_taken":16.0,"cards_upgraded":["Strike_R","Strike_R"]},{"damage_healed":0.0,"max_hp_gain":0.0,"max_hp_loss":0.0,"gold_gain":0.0,"cards_transformed":["Strike_R"],"event_name":"Living Wall","player_choice":"Change","floor":5.0,"gold_loss":0.0,"damage_taken":0.0,"cards_obtained":["Limit Break"]},{"damage_healed":0.0,"max_hp_gain":0.0,"max_hp_loss":0.0,"gold_gain":0.0,"event_name":"Mushrooms","player_choice":"Fought Mushrooms","floor":7.0,"gold_loss":0.0,"damage_taken":0.0},{"damage_healed":0.0,"max_hp_gain":0.0,"max_hp_loss":0.0,"gold_gain":175.0,"event_name":"Liars Game","player_choice":"AGREE","floor":10.0,"gold_loss":0.0,"damage_taken":0.0,"cards_obtained":["Doubt"]},{"damage_healed":0.0,"max_hp_gain":0.0,"max_hp_loss":0.0,"gold_gain":99.0,"event_name":"Nest","player_choice":"Stole From Cult","floor":19.0,"gold_loss":0.0,"damage_taken":0.0},{"damage_healed":0.0,"max_hp_gain":0.0,"max_hp_loss":0.0,"gold_gain":0.0,"event_name":"Beggar","player_choice":"Ignored","floor":25.0,"gold_loss":0.0,"damage_taken":0.0},{"damage_healed":0.0,"max_hp_gain":0.0,"max_hp_loss":0.0,"gold_gain":999.0,"event_name":"MindBloom","player_choice":"Gold","floor":36.0,"gold_loss":0.0,"damage_taken":0.0,"cards_obtained":["Normality","Normality"]},{"damage_healed":21.0,"max_hp_gain":0.0,"max_hp_loss":0.0,"gold_gain":0.0,"event_name":"Winding Halls","player_choice":"Writhe","floor":38.0,"gold_loss":0.0,"damage_taken":0.0,"cards_obtained":["Writhe"]},{"damage_healed":0.0,"max_hp_gain":0.0,"max_hp_loss":0.0,"gold_gain":0.0,"event_name":"Match and Keep!","player_choice":"1 cards matched","floor":42.0,"gold_loss":0.0,"damage_taken":0.0,"cards_obtained":["Double Tap"]}],"is_beta":false,"boss_relics":[{"not_picked":["Astrolabe","Ectoplasm"],"picked":"Fusion Hammer"},{"not_picked":["Runic Pyramid","Calling Bell"],"picked":"Lizard Tail"}],"items_purged_floors":[2,22,24,41,45],"is_endless":false,"potions_floor_spawned":[12,13,14,16,21,30,37,44,47],"killed_by":"Time Eater","ascension_level":0}