{"gold_per_floor":[119,119,137,60,72,72,107,107,107,107,119,138,138,150,150,251,251,265,281,297,297,247,247,278,278,331,331,344,344,344,372,372,372],"floor_reached":33,"playtime":1474,"items_purged":["Defend_R"],"score":318,"play_id":"f42592a3-a03c-478b-905c-f3a44cc90329","local_time":"20180626182029","is_ascension_mode":true,"campfire_choices":[{"data":"Rampage","floor":6,"key":"SMITH"},{"floor":8,"key":"REST"},{"data":"Armaments","floor":10,"key":"SMITH"},{"data":"Burning Pact","floor":13,"key":"SMITH"},{"floor":15,"key":"REST"},{"floor":23,"key":"REST"},{"floor":25,"key":"REST"},{"floor":27,"key":"REST"},{"floor":30,"key":"REST"},{"floor":32,"key":"REST"}],"neow_cost":"NONE","seed_source_timestamp":167235868340135,"circlet_count":0,"master_deck":["Strike_R","Strike_R","Strike_R","Strike_R","Strike_R","Defend_R","Defend_R","Defend_R","Bash","Armaments+1","Clash","Rampage+1","Clash","Burning Pact+1","Immolate","Power Through","Battle Trance","Shrug It Off","Writhe"],"relics":["Burning Blood","NeowsBlessing","Smiling Mask","Kunai","Fusion Hammer","Red Mask","Tiny Chest","Torii","Paper Frog"],"potions_floor_usage":[7,16,18,20,31,33],"damage_taken":[{"damage":0,"enemies":"2 Louse","floor":1,"turns":1},{"damage":0,"enemies":"Cultist","floor":3,"turns":1},{"damage":0,"enemies":"Small Slimes","floor":5,"turns":1},{"damage":37,"enemies":"Gremlin Nob","floor":7,"turns":5},{"damage":4,"enemies":"Red Slaver","floor":11,"turns":3},{"damage":10,"enemies":"2 Fungi Beasts","floor":12,"turns":3},{"damage":11,"enemies":"3 Louse","floor":14,"turns":3},{"damage":40,"enemies":"Slime Boss","floor":16,"turns":11},{"damage":9,"enemies":"Shell Parasite","floor":18,"turns":3},{"damage":26,"enemies":"2 Thieves","floor":19,"turns":4},{"damage":23,"enemies":"Centurion and Healer","floor":20,"turns":4},{"damage":42,"floor":24,"turns":5},{"damage":7,"enemies":"3 Cultists","floor":28,"turns":4},{"damage":13,"enemies":"Slavers","floor":31,"turns":4},{"damage":89,"enemies":"Collector","floor":33,"turns":7}],"seed_played":"-8611194164131460529","potions_obtained":[{"floor":1,"key":"SkillPotion"},{"floor":3,"key":"LiquidBronze"},{"floor":11,"key":"GamblersBrew"},{"floor":19,"key":"AttackPotion"},{"floor":20,"key":"FearPotion"},{"floor":24,"key":"Block Potion"},{"floor":28,"key":"Energy Potion"}],"is_trial":false,"path_per_floor":["M","?","M","$","M","R","E","R","T","R","M","M","R","M","R","B",null,"M","M","M","?","$","R","?","R","T","R","M","?","R","E","R"],"character_chosen":"IRONCLAD","items_purchased":["Rampage"],"campfire_rested":7,"item_purchase_floors":[4],"current_hp_per_floor":[80,72,78,78,80,80,49,73,73,73,75,71,71,66,80,46,80,77,57,40,40,40,64,28,52,52,76,75,75,80,73,80,0],"gold":372,"neow_bonus":"THREE_ENEMY_KILL","is_prod":false,"is_daily":false,"chose_seed":false,"campfire_upgraded":3,"win_rate":0,"timestamp":1530051629,"path_taken":["M","?","?","?","M","R","E","R","T","R","M","M","R","M","R","BOSS","M","M","M","?","$","R","?","R","T","R","M","?","R","E","R","BOSS"],"build_version":"2018-06-21v2","purchased_purges":1,"victory":false,"max_hp_per_floor":[80,80,80,80,80,80,80,80,80,80,80,80,80,80,80,80,80,80,80,80,80,80,80,80,80,80,80,80,80,80,80,80,80],"card_choices":[{"not_picked":["Second Wind","Cleave"],"picked":"Armaments","floor":1},{"not_picked":["Havoc","Wild Strike"],"picked":"Clash","floor":3},{"not_picked":["Havoc","Perfected Strike","Dropkick"],"picked":"SKIP","floor":5},{"not_picked":["Exhume","Flex"],"picked":"Clash","floor":7},{"not_picked":["Metallicize","Clothesline"],"picked":"Burning Pact","floor":11},{"not_picked":["Body Slam","Twin Strike","Juggernaut"],"picked":"SKIP","floor":12},{"not_picked":["Hemokinesis","Twin Strike","True Grit"],"picked":"SKIP","floor":14},{"not_picked":["Juggernaut","Bludgeon"],"picked":"Immolate","floor":16},{"not_picked":["Feel No Pain","Iron Wave"],"picked":"Power Through","floor":18},{"not_picked":["Evolve","Hemokinesis"],"picked":"Battle Trance","floor":19},{"not_picked":["Disarm","Anger"],"picked":"Shrug It Off","floor":20},{"not_picked":["Body Slam+1","Heavy Blade","Armaments+1"],"picked":"SKIP","floor":28},{"not_picked":["Cleave+1","Hemokinesis","Fire Breathing"],"picked":"SKIP","floor":31}],"player_experience":801593,"relics_obtained":[{"floor":7,"key":"Smiling Mask"},{"floor":9,"key":"Kunai"},{"floor":24,"key":"Red Mask"},{"floor":26,"key":"Tiny Chest"},{"floor":31,"key":"Paper Frog"}],"event_choices":[{"event_name":"Wheel of Change","player_choice":"Damage","floor":2,"damage_taken":0},{"event_name":"Cursed Tome","player_choice":"Ignored","floor":21,"damage_taken":0},{"event_name":"Masked Bandits","player_choice":"Fought over 247 gold","floor":24,"damage_taken":0},{"event_name":"The Mausoleum","player_choice":"Yes","floor":29,"damage_taken":0}],"boss_relics":[{"not_picked":["Mark of Pain","White Beast Statue"],"picked":"Fusion Hammer"}],"items_purged_floors":[22],"is_endless":false,"potions_floor_spawned":[1,3,11,19,20,24,28],"killed_by":"Collector","ascension_level":4}