{"gold_per_floor":[113,124,124,35,51,51,51,51,51,51,84,114,114,19,19,98,98,112,37,38,38,38,38,38,38,119,119,133,133,153,168,168,241,241,251,34,47,67,67,67,83,83,83,83,83,25,25,39,39,39,39],"floor_reached":52,"playtime":2773,"items_purged":["Strike_B"],"score":1667,"play_id":"26cb82f4-6840-4875-889e-5ba4b37418cf","local_time":"20190215191909","is_ascension_mode":true,"campfire_choices":[{"data":"Defragment","floor":6,"key":"SMITH"},{"data":"Dualcast","floor":8,"key":"SMITH"},{"data":"Loop","floor":13,"key":"SMITH"},{"data":"Discovery","floor":15,"key":"SMITH"},{"data":"Electrodynamics","floor":23,"key":"SMITH"},{"floor":27,"key":"REST"},{"data":"Barrage","floor":29,"key":"SMITH"},{"floor":32,"key":"REST"},{"floor":40,"key":"REST"},{"floor":42,"key":"REST"},{"data":"Tempest","floor":44,"key":"SMITH"},{"data":"Biased Cognition","floor":47,"key":"SMITH"},{"floor":49,"key":"REST"}],"neow_cost":"NONE","seed_source_timestamp":2039190543614670,"circlet_count":0,"master_deck":["AscendersBane","Strike_B","Defend_B+1","Defend_B","Zap+1","Dualcast+1","Leap","Glacier","Defragment+1","Loop+1","Discovery+1","Electrodynamics+1","Loop+1","Tempest+1","BootSequence","Barrage+1","Cold Snap","Biased Cognition+1","Dark Shackles","Cold Snap"],"relics":["FrozenCore","War Paint","Turnip","Orichalcum","Inserter","Ornamental Fan","OrangePellets","Happy Flower"],"potions_floor_usage":[11,18,18,33,37,37],"damage_taken":[{"damage":0,"enemies":"Cultist","floor":1,"turns":3},{"damage":0,"enemies":"Jaw Worm","floor":2,"turns":3},{"damage":3,"enemies":"Small Slimes","floor":5,"turns":3},{"damage":0,"enemies":"Lagavulin","floor":11,"turns":7},{"damage":12,"enemies":"Slime Boss","floor":16,"turns":12},{"damage":12,"enemies":"3 Byrds","floor":18,"turns":3},{"damage":7,"enemies":"2 Thieves","floor":20,"turns":4},{"damage":1,"enemies":"Centurion and Healer","floor":28,"turns":6},{"damage":0,"enemies":"3 Cultists","floor":30,"turns":2},{"damage":17,"enemies":"Sentry and Sphere","floor":31,"turns":5},{"damage":29,"enemies":"Automaton","floor":33,"turns":9},{"damage":0,"enemies":"Orb Walker","floor":35,"turns":5},{"damage":29,"enemies":"3 Darklings","floor":37,"turns":3},{"damage":12,"enemies":"Writhing Mass","floor":38,"turns":7},{"damage":5,"enemies":"4 Shapes","floor":41,"turns":4},{"damage":11,"enemies":"Maw","floor":48,"turns":6},{"damage":44,"enemies":"Donu and Deca","floor":50,"turns":7},{"damage":5,"enemies":"Awakened One","floor":51,"turns":14}],"seed_played":"1717049724508597080","potions_obtained":[{"floor":1,"key":"FocusPotion"},{"floor":2,"key":"Swift Potion"},{"floor":11,"key":"SpeedPotion"},{"floor":16,"key":"LiquidBronze"},{"floor":20,"key":"LiquidBronze"},{"floor":33,"key":"PowerPotion"},{"floor":35,"key":"Explosive Potion"}],"is_trial":false,"path_per_floor":["M","M","?","$","M","R","?","R","T","?","E","?","R","$","R","B",null,"M","$","M","?","$","R","?","?","T","R","M","R","M","M","R","B",null,"M","$","M","M","?","R","M","R","T","R","?","$","R","M","R","B","B",null],"character_chosen":"DEFECT","items_purchased":["Defragment","Discovery","OrangePellets","Cold Snap"],"campfire_rested":5,"item_purchase_floors":[4,14,36,46],"current_hp_per_floor":[64,64,64,64,61,61,54,54,54,54,54,54,54,54,54,42,64,52,52,45,45,45,45,45,45,45,66,65,65,65,48,69,40,63,63,63,34,22,22,43,38,59,59,59,59,59,59,48,69,25,20],"gold":39,"neow_bonus":"RANDOM_COMMON_RELIC","is_prod":false,"is_daily":false,"chose_seed":false,"campfire_upgraded":8,"win_rate":0,"timestamp":1550279949,"path_taken":["M","?","?","?","M","R","?","R","T","?","E","?","R","$","R","BOSS","M","$","M","?","$","R","?","?","T","R","M","R","?","M","R","BOSS","M","$","M","M","?","R","M","R","T","R","?","$","R","M","R","BOSS","BOSS"],"build_version":"2019-02-06","purchased_purges":1,"victory":true,"max_hp_per_floor":[71,71,71,71,71,71,71,71,71,71,71,71,71,71,71,71,71,71,71,71,71,71,71,71,71,71,71,71,71,71,71,71,71,71,71,71,71,71,71,71,71,71,71,71,71,71,71,71,71,71,71],"card_choices":[{"not_picked":["Capacitor","Stack"],"picked":"Leap","floor":1},{"not_picked":["Rebound","Loop"],"picked":"Glacier","floor":2},{"not_picked":["Rip and Tear","Steam Power","Steam"],"picked":"SKIP","floor":5},{"not_picked":["Barrage","Hyperbeam"],"picked":"Loop","floor":11},{"not_picked":["Rainbow","Meteor Strike"],"picked":"Electrodynamics","floor":16},{"not_picked":["Rebound","Steam+1"],"picked":"Loop+1","floor":18},{"not_picked":["Stack","Recycle","Redo"],"picked":"SKIP","floor":20},{"not_picked":["Redo","Barrage","Rip and Tear"],"picked":"SKIP","floor":28},{"not_picked":["Redo","Rip and Tear"],"picked":"Barrage","floor":28},{"not_picked":["Amplify","Compile Driver+1"],"picked":"Cold Snap","floor":30},{"not_picked":["Stack","Redo","Doom and Gloom+1"],"picked":"SKIP","floor":31},{"not_picked":["Compile Driver+1","Gash","Stack"],"picked":"SKIP","floor":35},{"not_picked":["Rebound","Turbo","Coolheaded"],"picked":"SKIP","floor":37},{"not_picked":["Heatsinks+1","Hologram"],"picked":"Biased Cognition","floor":38},{"not_picked":["Violence","PanicButton"],"picked":"Dark Shackles","floor":39},{"not_picked":["Reprogram","Static Discharge","Hologram"],"picked":"SKIP","floor":41},{"not_picked":["Beam Cell","Static Discharge","Rebound"],"picked":"SKIP","floor":48}],"player_experience":826982,"relics_obtained":[{"floor":9,"key":"Turnip"},{"floor":11,"key":"Orichalcum"},{"floor":26,"key":"Ornamental Fan"},{"floor":43,"key":"Happy Flower"}],"event_choices":[{"cards_removed":["Defend_B"],"damage_healed":0,"gold_gain":0,"player_choice":"Forget","damage_taken":0,"max_hp_gain":0,"max_hp_loss":0,"event_name":"Living Wall","floor":3,"gold_loss":0},{"cards_removed":["Strike_B"],"damage_healed":0,"gold_gain":0,"player_choice":"Card Removal","damage_taken":7,"max_hp_gain":0,"max_hp_loss":0,"event_name":"Golden Wing","floor":7,"gold_loss":0},{"damage_healed":0,"gold_gain":0,"player_choice":"Leave","damage_taken":0,"max_hp_gain":0,"max_hp_loss":0,"event_name":"The Cleric","floor":10,"gold_loss":0},{"damage_healed":0,"gold_gain":30,"player_choice":"Searched \u00271\u0027 times","damage_taken":0,"max_hp_gain":0,"max_hp_loss":0,"event_name":"Dead Adventurer","floor":12,"gold_loss":0},{"damage_healed":0,"gold_gain":0,"player_choice":"Ignored","damage_taken":0,"max_hp_gain":0,"max_hp_loss":0,"event_name":"Ghosts","floor":21,"gold_loss":0},{"damage_healed":0,"gold_gain":0,"cards_transformed":["Defend_B","Strike_B"],"player_choice":"Became Test Subject","damage_taken":0,"max_hp_gain":0,"max_hp_loss":0,"event_name":"Drug Dealer","floor":25,"gold_loss":0,"cards_obtained":["Tempest","BootSequence"]},{"damage_healed":0,"gold_gain":0,"player_choice":"Memory 1","damage_taken":0,"max_hp_gain":0,"max_hp_loss":0,"event_name":"SensoryStone","floor":39,"gold_loss":0},{"damage_healed":0,"gold_gain":0,"player_choice":"Ignored","damage_taken":0,"max_hp_gain":0,"max_hp_loss":0,"event_name":"Tomb of Lord Red Mask","floor":45,"gold_loss":0}],"is_beta":true,"boss_relics":[{"not_picked":["White Beast Statue","Coffee Dripper"],"picked":"Inserter"},{"not_picked":["Philosopher\u0027s Stone","Empty Cage"],"picked":"FrozenCore"}],"items_purged_floors":[19],"is_endless":false,"potions_floor_spawned":[1,2,11,16,20,33,35],"ascension_level":20}