{"gold_per_floor":[115,131,56,125,44,71,71,85,153,164,180,512,526,536,536,635,635,648,659,13,13],"floor_reached":21,"playtime":1878,"items_purged":["Defend_G"],"score":241,"play_id":"1cc3a03a-da96-493a-b28f-f35923fef838","local_time":"20180715173004","is_ascension_mode":true,"campfire_choices":[{"data":"Neutralize","floor":7,"key":"SMITH"},{"data":"Envenom","floor":15,"key":"SMITH"}],"neow_cost":"TEN_PERCENT_HP_LOSS","seed_source_timestamp":328298975496605,"circlet_count":0,"master_deck":["Defend_G","Defend_G","Defend_G","Defend_G","Strike_G","Strike_G","Strike_G","Survivor","Neutralize+1","Dash","Phantasmal Killer","Bouncing Flask","Dash","Corpse Explosion","Well Laid Plans","Deadly Poison","Caltrops","Envenom+1","Concentrate","PiercingWail","Night Terror","Dodge and Roll+1","Footwork+1","Panache","Finesse"],"relics":["Ring of the Snake","Happy Flower","The Courier","Old Coin","Sozu","Juzu Bracelet","Dream Catcher","Omamori"],"potions_floor_usage":[6,12,12,16,18],"damage_taken":[{"damage":0,"enemies":"Cultist","floor":1,"turns":3},{"damage":7,"enemies":"Small Slimes","floor":2,"turns":5},{"damage":13,"enemies":"3 Sentries","floor":6,"turns":9},{"damage":1,"enemies":"Jaw Worm","floor":8,"turns":3},{"damage":1,"enemies":"3 Louse","floor":10,"turns":2},{"damage":0,"enemies":"Lots of Slimes","floor":11,"turns":4},{"damage":2,"enemies":"Lagavulin","floor":12,"turns":6},{"damage":0,"enemies":"Exordium Wildlife","floor":13,"turns":2},{"damage":4,"enemies":"Gremlin Gang","floor":14,"turns":6},{"damage":7,"enemies":"Hexaghost","floor":16,"turns":10},{"damage":21,"enemies":"2 Thieves","floor":18,"turns":3},{"damage":25,"enemies":"Shell Parasite","floor":19,"turns":8},{"damage":9,"enemies":"Snecko","floor":21,"turns":4}],"seed_played":"4257097355179986561","potions_obtained":[{"floor":2,"key":"SkillPotion"},{"floor":8,"key":"AttackPotion"},{"floor":11,"key":"PowerPotion"},{"floor":12,"key":"Strength Potion"},{"floor":16,"key":"PowerPotion"}],"is_trial":false,"path_per_floor":["M","M","$","?","$","E","R","M","T","M","M","E","M","M","R","B",null,"M","M","$"],"character_chosen":"THE_SILENT","items_purchased":["Corpse Explosion","Panache","Juzu Bracelet","Dream Catcher","Omamori","Finesse"],"campfire_rested":0,"item_purchase_floors":[5,20,20,20,20,20],"current_hp_per_floor":[63,56,56,56,56,43,43,42,42,41,41,39,39,35,35,28,54,33,8,8,0],"gold":13,"neow_bonus":"TRANSFORM_TWO_CARDS","is_prod":false,"is_daily":false,"chose_seed":false,"campfire_upgraded":2,"win_rate":0,"timestamp":1531641604,"path_taken":["M","M","?","?","?","E","R","M","T","M","M","E","M","M","R","BOSS","M","?","$","M"],"build_version":"2018-07-12","purchased_purges":1,"victory":false,"max_hp_per_floor":[63,63,63,63,63,63,63,63,63,63,63,63,63,63,63,63,63,63,63,63,63],"card_choices":[{"not_picked":["Outmaneuver","Bane"],"picked":"Bouncing Flask","floor":1},{"not_picked":["Prepared","Cloak And Dagger"],"picked":"Dash","floor":2},{"not_picked":["Sucker Punch","Poisoned Stab"],"picked":"Well Laid Plans","floor":6},{"not_picked":["Leg Sweep","Infinite Blades"],"picked":"Deadly Poison","floor":8},{"not_picked":["Well Laid Plans","Cloak And Dagger"],"picked":"Caltrops","floor":10},{"not_picked":["Deadly Poison","Calculated Gamble"],"picked":"Envenom","floor":11},{"not_picked":["Acrobatics","Slice","Endless Agony"],"picked":"SKIP","floor":12},{"not_picked":["Acrobatics","Finisher"],"picked":"Concentrate","floor":13},{"not_picked":["Skewer","Deadly Poison"],"picked":"PiercingWail","floor":14},{"not_picked":["A Thousand Cuts","Tools of the Trade"],"picked":"Night Terror","floor":16},{"not_picked":["Backflip","Deflect"],"picked":"Dodge and Roll+1","floor":18},{"not_picked":["Predator","Blade Dance"],"picked":"Footwork+1","floor":19}],"player_experience":147717,"relics_obtained":[{"floor":6,"key":"Happy Flower"},{"floor":9,"key":"The Courier"},{"floor":12,"key":"Old Coin"}],"event_choices":[{"event_name":"Golden Wing","player_choice":"Gained Gold","floor":4,"damage_taken":0}],"boss_relics":[{"not_picked":["Lizard Tail","Velvet Choker"],"picked":"Sozu"}],"items_purged_floors":[3],"is_endless":false,"potions_floor_spawned":[2,8,11,12,16,19],"killed_by":"Snecko","ascension_level":5}