{"gold_per_floor":[119,136,147,147,147,147,173,173,173,183,196,225,240,250,250,354,354,374,384,384,396,311,311,324,356,356,356,32,43,43,43,43,144,144,160,160,175,188,188,219,219,319,387,402,412,82,110,123,123,123,123,123,51,85,85],"floor_reached":56,"playtime":2766,"items_purged":["Strike_B","Defend_B"],"score":1441,"play_id":"96773456-ad86-4459-a0c9-276decac870d","local_time":"20190212185452","is_ascension_mode":false,"campfire_choices":[{"data":"Sunder","floor":6,"key":"SMITH"},{"data":"Sweeping Beam","floor":8,"key":"SMITH"},{"data":"Coolheaded","floor":15,"key":"SMITH"},{"data":"Chill","floor":23,"key":"SMITH"},{"data":"Biased Cognition","floor":27,"key":"SMITH"},{"data":"Electrodynamics","floor":30,"key":"SMITH"},{"floor":32,"key":"RECALL"},{"floor":41,"key":"REST"},{"floor":49,"key":"REST"},{"floor":52,"key":"REST"}],"neow_cost":"NONE","seed_source_timestamp":720647190792336,"circlet_count":0,"master_deck":["Strike_B","Strike_B+1","Defend_B","Defend_B","Defend_B","Zap+1","Dualcast","Leap","Sweeping Beam+1","Cold Snap","Sunder+1","Rebound","Chill+1","Coolheaded+1","Glacier","Electrodynamics+1","Beam Cell","Lockon+1","Biased Cognition+1","Core Surge","Violence","Turbo+1","Fusion+1","Loop","Capacitor+1","Loop+1","Skim"],"relics":["Cracked Core","PreservedInsect","Singing Bowl","FossilizedHelix","Runic Pyramid","Potion Belt","Blood Vial","Bag of Marbles","Cables","Fusion Hammer","Mercury Hourglass","Mango","Vajra","Prayer Wheel","Oddly Smooth Stone"],"potions_floor_usage":[16,24,25,33,50,54,54,55,55],"damage_taken":[{"damage":0,"enemies":"Jaw Worm","floor":1,"turns":3},{"damage":0,"enemies":"Cultist","floor":2,"turns":3},{"damage":0,"enemies":"2 Louse","floor":3,"turns":2},{"damage":9,"enemies":"3 Sentries","floor":7,"turns":4},{"damage":0,"enemies":"2 Fungi Beasts","floor":10,"turns":1},{"damage":0,"enemies":"Blue Slaver","floor":11,"turns":3},{"damage":0,"enemies":"Gremlin Nob","floor":12,"turns":3},{"damage":0,"enemies":"Looter","floor":13,"turns":3},{"damage":0,"enemies":"3 Louse","floor":14,"turns":3},{"damage":6,"enemies":"Hexaghost","floor":16,"turns":11},{"damage":5,"enemies":"2 Thieves","floor":18,"turns":3},{"damage":0,"enemies":"Shell Parasite","floor":19,"turns":8},{"damage":0,"enemies":"Snake Plant","floor":21,"turns":5},{"damage":0,"enemies":"Cultist and Chosen","floor":24,"turns":6},{"damage":0,"enemies":"Slavers","floor":25,"turns":3},{"damage":0,"enemies":"Chosen and Byrds","floor":29,"turns":4},{"damage":0,"enemies":"Automaton","floor":33,"turns":11},{"damage":0,"enemies":"Orb Walker","floor":35,"turns":3},{"damage":0,"enemies":"3 Darklings","floor":37,"turns":4},{"damage":0,"enemies":"4 Shapes","floor":38,"turns":2},{"damage":0,"enemies":"Reptomancer","floor":40,"turns":5},{"damage":0,"enemies":"Mind Bloom Boss Battle","floor":42,"turns":3},{"damage":0,"enemies":"Maw","floor":44,"turns":6},{"damage":0,"enemies":"Spire Growth","floor":45,"turns":4},{"damage":0,"enemies":"Nemesis","floor":47,"turns":3},{"damage":0,"enemies":"Sphere and 2 Shapes","floor":48,"turns":3},{"damage":0,"enemies":"Donu and Deca","floor":50,"turns":7},{"damage":31,"enemies":"Shield and Spear","floor":54,"turns":5},{"damage":13,"enemies":"The Heart","floor":55,"turns":11}],"seed_played":"-5236623649821888223","potions_obtained":[{"floor":7,"key":"FocusPotion"},{"floor":10,"key":"Swift Potion"},{"floor":12,"key":"Fire Potion"},{"floor":19,"key":"Explosive Potion"},{"floor":24,"key":"Ancient Potion"},{"floor":37,"key":"SkillPotion"},{"floor":38,"key":"Energy Potion"},{"floor":42,"key":"Poison Potion"},{"floor":44,"key":"SpeedPotion"},{"floor":48,"key":"PowerPotion"}],"is_trial":false,"path_per_floor":["M","M","M","?","?","R","E","R","T","M","M","E","M","M","R","B",null,"M","M","?","M","?","R","M","E","T","R","$","M","R","$","R","B",null,"M","?","M","M","?","E","R","?","T","M","M","$","E","M","R","B",null,"R","$","E","B",null],"character_chosen":"DEFECT","items_purchased":["Cables","Vajra","Loop","FocusPotion"],"campfire_rested":3,"item_purchase_floors":[28,46,46,53],"current_hp_per_floor":[75,75,75,60,60,60,51,51,51,53,53,55,55,57,57,51,81,78,78,78,80,80,80,80,80,80,80,80,84,84,84,84,86,87,89,83,85,89,89,91,95,111,111,111,113,113,113,115,115,115,115,115,115,84,73],"gold":85,"neow_bonus":"THREE_CARDS","is_prod":false,"is_daily":false,"chose_seed":false,"campfire_upgraded":6,"win_rate":0,"timestamp":1549997692,"path_taken":["M","M","M","?","?","R","E","R","T","M","?","E","M","M","R","BOSS","M","M","?","M","?","R","M","E","T","R","$","M","R","?","R","BOSS","M","?","M","M","?","E","R","?","T","M","M","$","E","M","R","BOSS","R","$","E","BOSS"],"build_version":"2019-02-06","purchased_purges":2,"victory":true,"max_hp_per_floor":[75,75,75,75,75,75,75,75,75,77,77,79,79,81,81,81,81,83,83,83,85,85,85,85,85,85,85,85,87,87,87,87,87,87,89,93,93,95,95,95,95,111,111,111,113,113,113,115,115,115,115,115,115,115,115],"card_choices":[{"not_picked":["Go for the Eyes","Gash"],"picked":"Leap","floor":0},{"not_picked":["Conserve Battery","Barrage"],"picked":"Sweeping Beam","floor":1},{"not_picked":["Gash","Seek"],"picked":"Cold Snap","floor":2},{"not_picked":["Barrage","Gash"],"picked":"Sunder","floor":3},{"not_picked":["Turbo","Redo"],"picked":"Chill","floor":7},{"not_picked":["Barrage","Go for the Eyes","Rebound"],"picked":"Singing Bowl","floor":10},{"not_picked":["Double Energy","Barrage"],"picked":"Coolheaded","floor":11},{"not_picked":["Sweeping Beam","Aggregate","Cold Snap"],"picked":"Singing Bowl","floor":12},{"not_picked":["Reprogram","Streamline"],"picked":"Glacier","floor":13},{"not_picked":["Coolheaded","Sunder","Steam Power"],"picked":"Singing Bowl","floor":14},{"not_picked":["Rainbow","Seek"],"picked":"Electrodynamics","floor":16},{"not_picked":["Redo","Darkness+1","Leap+1"],"picked":"Singing Bowl","floor":18},{"not_picked":["Steam","Stack+1"],"picked":"Beam Cell","floor":19},{"not_picked":["Barrage","Glacier","Redo"],"picked":"Singing Bowl","floor":21},{"not_picked":["Conserve Battery","Gash"],"picked":"Lockon+1","floor":24},{"not_picked":["Sweeping Beam","Ball Lightning"],"picked":"Biased Cognition","floor":25},{"not_picked":["Chill","Lockon","Cold Snap"],"picked":"Singing Bowl","floor":29},{"not_picked":["Rainbow","Buffer"],"picked":"Core Surge","floor":33},{"not_picked":["Steam Power","Conserve Battery","Rebound"],"picked":"Singing Bowl","floor":35},{"not_picked":["Finesse","Mind Blast"],"picked":"Violence","floor":36},{"not_picked":["Swift Strike","Discovery","Flash of Steel"],"picked":"Singing Bowl","floor":36},{"not_picked":["The Bomb","Secret Technique","Swift Strike"],"picked":"Singing Bowl","floor":36},{"not_picked":["Chill+1","Gash"],"picked":"Go for the Eyes","floor":37},{"not_picked":["Hologram+1","Gash","Scrape"],"picked":"Singing Bowl","floor":38},{"not_picked":["Barrage+1","Biased Cognition"],"picked":"Turbo+1","floor":40},{"not_picked":["Barrage","Coolheaded+1","Turbo"],"picked":"Singing Bowl","floor":42},{"not_picked":["Compile Driver+1","Glacier"],"picked":"Fusion+1","floor":44},{"not_picked":["Auto Shields+1","Cold Snap","Leap+1"],"picked":"Singing Bowl","floor":45},{"not_picked":["Reprogram+1","Auto Shields"],"picked":"Capacitor+1","floor":47},{"not_picked":["Darkness","Coolheaded","Machine Learning"],"picked":"Singing Bowl","floor":48},{"not_picked":["Conserve Battery+1","Chaos"],"picked":"Loop+1","floor":48},{"not_picked":["Stack","Steam Power"],"picked":"Skim","floor":54}],"player_experience":881804,"relics_obtained":[{"floor":7,"key":"PreservedInsect"},{"floor":9,"key":"Singing Bowl"},{"floor":12,"key":"FossilizedHelix"},{"floor":25,"key":"Blood Vial"},{"floor":26,"key":"Bag of Marbles"},{"floor":40,"key":"Mercury Hourglass"},{"floor":42,"key":"Mango"},{"floor":47,"key":"Prayer Wheel"},{"floor":54,"key":"Oddly Smooth Stone"}],"event_choices":[{"damage_healed":0,"gold_gain":0,"player_choice":"Entered Light","damage_taken":15,"max_hp_gain":0,"max_hp_loss":0,"event_name":"Shining Light","floor":4,"gold_loss":0,"cards_upgraded":["Strike_B","Zap"]},{"damage_healed":0,"gold_gain":0,"cards_transformed":["Strike_B"],"player_choice":"Transformed","damage_taken":0,"max_hp_gain":0,"max_hp_loss":0,"event_name":"Transmorgrifier","floor":5,"gold_loss":0,"cards_obtained":["Rebound"]},{"damage_healed":0,"gold_gain":0,"player_choice":"Ignored","damage_taken":0,"max_hp_gain":0,"max_hp_loss":0,"event_name":"Vampires","floor":20,"gold_loss":0},{"damage_healed":0,"gold_gain":0,"player_choice":"Obtained Relic","damage_taken":0,"relics_obtained":["Potion Belt"],"max_hp_gain":0,"max_hp_loss":0,"event_name":"Addict","floor":22,"gold_loss":85},{"damage_healed":0,"gold_gain":0,"player_choice":"Memory 3","damage_taken":10,"max_hp_gain":0,"max_hp_loss":0,"event_name":"SensoryStone","floor":36,"gold_loss":0},{"cards_removed":["Go for the Eyes"],"damage_healed":0,"gold_gain":0,"player_choice":"Removed Attack","damage_taken":0,"max_hp_gain":0,"max_hp_loss":0,"event_name":"Falling","floor":39,"gold_loss":0},{"damage_healed":0,"gold_gain":0,"player_choice":"Fight","damage_taken":0,"max_hp_gain":0,"max_hp_loss":0,"event_name":"MindBloom","floor":42,"gold_loss":0}],"is_beta":true,"boss_relics":[{"not_picked":["Busted Crown","Ectoplasm"],"picked":"Runic Pyramid"},{"not_picked":["Eternal Feather","Black Star"],"picked":"Fusion Hammer"}],"items_purged_floors":[28,46],"is_endless":false,"potions_floor_spawned":[7,10,12,14,19,24,37,38,42,44,48],"ascension_level":0}