{"gold_per_floor":[115,132,150,169,187,199,214,214,270,270,3,21,50,61,61,165,165,177,137,137,137,154,154,154,154,154,154,75,75,75,88,88,88],"floor_reached":33,"playtime":1710,"items_purged":["Strike_G"],"score":299,"play_id":"3b90fe47-a532-4228-9e75-7d23cdaa83d3","local_time":"20181106164750","is_ascension_mode":true,"campfire_choices":[{"data":"Backflip","floor":8.0,"key":"SMITH"},{"floor":15.0,"key":"REST"},{"data":"Blade Dance","floor":23,"key":"SMITH"},{"data":"Cloak And Dagger","floor":27,"key":"SMITH"},{"data":"Dodge and Roll","floor":29,"key":"SMITH"},{"data":"Sucker Punch","floor":32,"key":"SMITH"}],"neow_cost":"NONE","seed_source_timestamp":46588693056279,"circlet_count":0,"master_deck":["Defend_G","Defend_G+1","Defend_G+1","Defend_G","Defend_G","Strike_G","Strike_G","Strike_G","Strike_G","Survivor+1","Neutralize+1","Flying Knee","Dagger Throw+1","Dodge and Roll+1","Dagger Spray","PiercingWail","Sucker Punch+1","Backflip+1","Crippling Poison","A Thousand Cuts","Choke","Cloak And Dagger+1","Escape Plan","Unload","Slice+1","Blade Dance+1","Well Laid Plans"],"special_seed":0,"relics":["Ring of the Snake","War Paint","Tiny Chest","Pear","WristBlade","Pantograph","Vajra","Sundial"],"potions_floor_usage":[18],"damage_taken":[{"damage":0.0,"enemies":"Cultist","floor":1.0,"turns":6.0},{"damage":0.0,"enemies":"Small Slimes","floor":2.0,"turns":5.0},{"damage":0.0,"enemies":"2 Louse","floor":3.0,"turns":2.0},{"damage":9.0,"enemies":"Blue Slaver","floor":4.0,"turns":4.0},{"damage":6.0,"enemies":"Exordium Wildlife","floor":5.0,"turns":8.0},{"damage":0.0,"enemies":"Large Slime","floor":6.0,"turns":6.0},{"damage":0.0,"enemies":"2 Fungi Beasts","floor":7.0,"turns":4.0},{"damage":7.0,"enemies":"Lots of Slimes","floor":12.0,"turns":2.0},{"damage":6.0,"enemies":"3 Sentries","floor":13.0,"turns":8.0},{"damage":5.0,"enemies":"Blue Slaver","floor":14.0,"turns":3.0},{"damage":51.0,"enemies":"Hexaghost","floor":16.0,"turns":18.0},{"damage":0,"enemies":"3 Byrds","floor":18,"turns":6},{"damage":12,"enemies":"Shell Parasite","floor":22,"turns":8},{"damage":20,"enemies":"3 Cultists","floor":31,"turns":6},{"damage":93,"enemies":"Automaton","floor":33,"turns":12}],"seed_played":"-2244504646594071814","potions_obtained":[{"floor":3.0,"key":"Regen Potion"},{"floor":12.0,"key":"AttackPotion"},{"floor":13.0,"key":"Ancient Potion"},{"floor":14.0,"key":"SpeedPotion"},{"floor":16.0,"key":"GhostInAJar"}],"is_trial":false,"path_per_floor":["M","M","M","M","M","M","M","R","T","?","$","M","E","M","R","B",null,"M","?","$","?","M","R","?","T","T","R","$","R","$","M","R","B"],"character_chosen":"THE_SILENT","items_purchased":["Crippling Poison","A Thousand Cuts","Well Laid Plans"],"campfire_rested":1,"item_purchase_floors":[11,11,28],"current_hp_per_floor":[70,70,70,61,70,70,70,70,70,70,70,63,67,62,80,29,80,80,80,80,80,68,68,68,68,68,68,68,68,68,48,48,0],"gold":88,"neow_bonus":"RANDOM_COMMON_RELIC","is_prod":false,"is_daily":false,"chose_seed":false,"campfire_upgraded":5,"win_rate":0,"timestamp":1541544470,"path_taken":["M","?","M","M","?","M","M","R","T","?","$","?","E","M","R","BOSS","M","?","?","?","M","R","?","?","T","R","$","R","$","M","R","BOSS"],"build_version":"2018-11-05","purchased_purges":1,"victory":false,"max_hp_per_floor":[70,70,70,70,70,70,70,70,70,70,70,70,80,80,80,80,80,80,80,80,80,80,80,80,80,80,80,80,80,80,80,80,80],"card_choices":[{"not_picked":["Reflex","Blade Dance"],"picked":"Flying Knee","floor":1.0},{"not_picked":["Outmaneuver","Underhanded Strike"],"picked":"Dagger Throw","floor":2.0},{"not_picked":["Heel Hook","PiercingWail"],"picked":"Dodge and Roll","floor":3.0},{"not_picked":["Sucker Punch","Escape Plan"],"picked":"Dagger Spray","floor":4.0},{"not_picked":["Blade Dance","Bane"],"picked":"PiercingWail","floor":5.0},{"not_picked":["Slice","Prepared"],"picked":"Sucker Punch","floor":6.0},{"not_picked":["Infinite Blades","Slice"],"picked":"Backflip","floor":7.0},{"not_picked":["Setup","Deflect"],"picked":"Choke","floor":12.0},{"not_picked":["Venomology","Underhanded Strike"],"picked":"Cloak And Dagger","floor":13.0},{"not_picked":["Distraction","Deadly Poison"],"picked":"Escape Plan","floor":14.0},{"not_picked":["Envenom","Venomology"],"picked":"Unload","floor":16.0},{"not_picked":["Poisoned Stab+1","Acrobatics"],"picked":"Slice+1","floor":18},{"not_picked":["Eviscerate+1","Bane"],"picked":"Blade Dance","floor":22},{"not_picked":["Sucker Punch+1","Prepared","Flying Knee"],"picked":"SKIP","floor":31}],"player_experience":516497,"relics_obtained":[{"floor":9.0,"key":"Tiny Chest"},{"floor":13.0,"key":"Pear"},{"floor":25,"key":"Vajra"},{"floor":26,"key":"Sundial"}],"event_choices":[{"damage_healed":0.0,"max_hp_gain":0.0,"max_hp_loss":0.0,"gold_gain":0.0,"event_name":"Upgrade Shrine","player_choice":"Upgraded","floor":10.0,"gold_loss":0.0,"damage_taken":0.0,"cards_upgraded":["Neutralize"]},{"damage_healed":0,"gold_gain":0,"player_choice":"Upgraded Two","damage_taken":0,"max_hp_gain":0,"max_hp_loss":0,"event_name":"Designer","floor":19,"gold_loss":40,"cards_upgraded":["Survivor","Dagger Throw"]},{"damage_healed":0,"gold_gain":0,"player_choice":"Opened","damage_taken":0,"relics_obtained":["Pantograph"],"max_hp_gain":0,"max_hp_loss":0,"event_name":"The Mausoleum","floor":21,"gold_loss":0},{"damage_healed":0,"gold_gain":0,"player_choice":"Ignored","damage_taken":0,"max_hp_gain":0,"max_hp_loss":0,"event_name":"Ghosts","floor":24,"gold_loss":0}],"is_beta":true,"boss_relics":[{"not_picked":["HoveringKite","White Beast Statue"],"picked":"WristBlade"}],"items_purged_floors":[11],"is_endless":false,"potions_floor_spawned":[3,12,13,14,16],"killed_by":"Automaton","ascension_level":4}