{"gold_per_floor":[113,188,188,188,211,211,252,271,294,244,244,244,267,267,267,395,395,415,415,434,452,473,512,512,512,512,594,594,148,148,164,164,164],"floor_reached":33,"playtime":1140,"items_purged":["Strike_R"],"score":360,"play_id":"7fed65fb-9d40-4f10-933b-59472f09d1a8","local_time":"20181226115209","is_ascension_mode":true,"campfire_choices":[{"floor":6.0,"key":"REST"},{"data":"Body Slam","floor":15.0,"key":"SMITH"},{"floor":24.0,"key":"REST"},{"data":"Bludgeon","floor":28,"key":"SMITH"},{"data":"Bash","floor":30,"key":"SMITH"},{"floor":32,"key":"REST"}],"neow_cost":"TEN_PERCENT_HP_LOSS","seed_source_timestamp":39556014512979,"circlet_count":0,"master_deck":["Strike_R","Strike_R","Strike_R","Defend_R","Defend_R","Defend_R","Defend_R","Bash+1","Offering","Flame Barrier+1","Body Slam+1","Thunderclap","Spot Weakness","Iron Wave","Bludgeon+1"],"special_seed":0,"relics":["Burning Blood","Golden Idol","Vajra","Pen Nib","Shuriken","Ice Cream","Runic Dome","Mummified Hand","Mercury Hourglass","Toxic Egg 2","Oddly Smooth Stone","Strawberry"],"potions_floor_usage":[33,33],"damage_taken":[{"damage":7.0,"enemies":"Cultist","floor":1.0,"turns":3.0},{"damage":6.0,"enemies":"Small Slimes","floor":5.0,"turns":3.0},{"damage":26.0,"enemies":"Lagavulin","floor":7.0,"turns":6.0},{"damage":7.0,"enemies":"2 Louse","floor":8.0,"turns":2.0},{"damage":11.0,"enemies":"2 Fungi Beasts","floor":13.0,"turns":4.0},{"damage":33.0,"enemies":"The Guardian","floor":16.0,"turns":13.0},{"damage":6.0,"enemies":"Spheric Guardian","floor":18.0,"turns":3.0},{"damage":6.0,"enemies":"3 Byrds","floor":20.0,"turns":3.0},{"damage":30.0,"enemies":"Snake Plant","floor":21.0,"turns":3.0},{"damage":12.0,"enemies":"Centurion and Healer","floor":22.0,"turns":4.0},{"damage":18.0,"enemies":"Book of Stabbing","floor":23.0,"turns":3.0},{"damage":18,"enemies":"Shelled Parasite and Fungi","floor":31,"turns":4},{"damage":93,"enemies":"Champ","floor":33,"turns":6}],"seed_played":"-3155299608032727482","potions_obtained":[{"floor":8.0,"key":"Energy Potion"},{"floor":20.0,"key":"Strength Potion"},{"floor":21.0,"key":"Regen Potion"},{"floor":22.0,"key":"Poison Potion"},{"floor":23.0,"key":"Ancient Potion"}],"is_trial":false,"path_per_floor":["M","?","?","?","M","R","E","M","T","?","T","?","M","?","R","B",null,"M","?","M","M","M","E","R","?","T","T","R","$","R","M","R","B"],"character_chosen":"IRONCLAD","items_purchased":["Oddly Smooth Stone","Strawberry","Regen Potion"],"campfire_rested":3,"item_purchase_floors":[29,29,29],"current_hp_per_floor":[71,60,42,42,42,63,43,42,42,42,42,42,37,37,37,10,57,57,50,50,26,32,20,41,41,41,41,41,48,48,36,59,0],"gold":164,"neow_bonus":"THREE_RARE_CARDS","is_prod":false,"is_daily":false,"chose_seed":false,"campfire_upgraded":3,"win_rate":0,"timestamp":1545792729,"path_taken":["M","?","?","?","M","R","E","M","T","?","?","?","?","?","R","BOSS","M","?","?","M","?","E","R","?","T","?","R","$","R","M","R","BOSS"],"build_version":"2018-12-20","purchased_purges":1,"victory":false,"max_hp_per_floor":[72,72,72,72,72,72,72,72,72,72,72,72,72,72,72,72,72,72,72,72,72,72,72,72,72,72,72,72,79,79,79,79,79],"card_choices":[{"not_picked":["Double Tap","Limit Break"],"picked":"Offering","floor":0.0},{"not_picked":["Clothesline","Pommel Strike"],"picked":"Flame Barrier","floor":1.0},{"not_picked":["Intimidate","Clothesline"],"picked":"Body Slam","floor":5.0},{"not_picked":["Offering","Clothesline"],"picked":"Thunderclap","floor":7.0},{"not_picked":["Blood for Blood","Battle Trance"],"picked":"Spot Weakness","floor":8.0},{"not_picked":["Shrug It Off","Warcry"],"picked":"Iron Wave","floor":13.0},{"not_picked":["Brutality","Juggernaut"],"picked":"Bludgeon","floor":16.0},{"not_picked":["Sever Soul+1","Hemokinesis+1","Armaments"],"picked":"SKIP","floor":18.0},{"not_picked":["Heavy Blade","Pommel Strike+1","Inflame"],"picked":"SKIP","floor":20.0},{"not_picked":["Wild Strike","Pommel Strike+1","Havoc+1"],"picked":"SKIP","floor":21.0},{"not_picked":["Rampage","Perfected Strike","Anger+1"],"picked":"SKIP","floor":22.0},{"not_picked":["Rage+1","Metallicize","Corruption"],"picked":"SKIP","floor":23.0},{"not_picked":["Pummel+1","True Grit+1","Wild Strike"],"picked":"SKIP","floor":31}],"player_experience":244923,"relics_obtained":[{"floor":7.0,"key":"Vajra"},{"floor":9.0,"key":"Pen Nib"},{"floor":11.0,"key":"Shuriken"},{"floor":23.0,"key":"Mummified Hand"},{"floor":26,"key":"Mercury Hourglass"},{"floor":27,"key":"Toxic Egg 2"}],"event_choices":[{"damage_healed":0.0,"max_hp_gain":0.0,"max_hp_loss":0.0,"gold_gain":75.0,"event_name":"World of Goop","player_choice":"Gather Gold","floor":2.0,"gold_loss":0.0,"damage_taken":11.0},{"damage_healed":0.0,"max_hp_gain":0.0,"max_hp_loss":0.0,"gold_gain":0.0,"event_name":"Golden Idol","player_choice":"Take Damage","floor":3.0,"gold_loss":0.0,"damage_taken":18.0,"relics_obtained":["Golden Idol"]},{"damage_healed":0.0,"max_hp_gain":0.0,"max_hp_loss":0.0,"gold_gain":0.0,"event_name":"Living Wall","player_choice":"Grow","floor":4.0,"gold_loss":0.0,"damage_taken":0.0,"cards_upgraded":["Flame Barrier"]},{"cards_removed":["Strike_R"],"damage_healed":0.0,"max_hp_gain":0.0,"max_hp_loss":0.0,"gold_gain":0.0,"event_name":"The Cleric","player_choice":"Card Removal","floor":10.0,"gold_loss":50.0,"damage_taken":0.0},{"damage_healed":0.0,"max_hp_gain":0.0,"max_hp_loss":0.0,"gold_gain":0.0,"event_name":"WeMeetAgain","player_choice":"Gave Potion","floor":12.0,"gold_loss":0.0,"damage_taken":0.0,"relics_obtained":["Ice Cream"]},{"damage_healed":0.0,"max_hp_gain":0.0,"max_hp_loss":0.0,"gold_gain":0.0,"event_name":"Liars Game","player_choice":"Ignored","floor":14.0,"gold_loss":0.0,"damage_taken":0.0},{"damage_healed":0.0,"max_hp_gain":0.0,"max_hp_loss":0.0,"gold_gain":0.0,"event_name":"Knowing Skull","player_choice":"","floor":19.0,"potions_obtained":[],"gold_loss":0.0,"damage_taken":7.0,"cards_obtained":[]},{"damage_healed":0,"gold_gain":0,"player_choice":"Ignored","damage_taken":0,"max_hp_gain":0,"max_hp_loss":0,"event_name":"The Mausoleum","floor":25,"gold_loss":0}],"is_beta":false,"boss_relics":[{"not_picked":["Empty Cage","Black Star"],"picked":"Runic Dome"}],"items_purged_floors":[29],"is_endless":false,"potions_floor_spawned":[8,20,21,22,23],"killed_by":"Champ","ascension_level":5}