{"path_per_floor":["M","?","?","M","M","M","M","E","T","R","?","M","R","M","R","B",null,"M","M","$","?","M","E","M","?","T","?","R","E","R","$","R","B",null,"M","M","M","$","?","?","E","R","T","$","M","R","?","M","R","B"],"character_chosen":"DEFECT","items_purchased":["Oddly Smooth Stone","PowerPotion","Mummified Hand"],"gold_per_floor":[109,109,109,121,141,155,170,197,276,276,351,361,361,372,372,469,469,482,493,272,272,292,317,328,328,328,328,328,359,359,210,210,310,310,329,349,363,0,0,0,34,34,107,107,117,117,0,18,18,18],"floor_reached":51,"campfire_rested":0,"playtime":8688,"item_purchase_floors":[20,31,38],"current_hp_per_floor":[67,67,67,59,59,58,44,29,39,39,28,27,27,27,27,27,78,71,71,71,71,66,54,54,88,88,88,88,74,74,74,74,74,88,88,72,14,14,77,77,77,77,77,77,77,77,77,69,69,10],"items_purged":["Dualcast","Strike_B","Strike_B"],"gold":18,"score":792,"play_id":"af9027a6-34ae-4c7f-9f06-545af499acc7","local_time":"20180625183220","is_prod":false,"is_daily":false,"chose_seed":false,"is_ascension_mode":false,"campfire_upgraded":3,"win_rate":0.0,"timestamp":1529969540,"campfire_choices":[{"data":"Electrodynamics","floor":10,"key":"SMITH"},{"data":"Loop","floor":13,"key":"SMITH"},{"data":"Echo Form","floor":15,"key":"SMITH"},{"floor":28,"key":"DIG"},{"floor":30,"key":"DIG"},{"floor":32,"key":"DIG"},{"floor":42,"key":"DIG"},{"floor":46,"key":"DIG"},{"floor":49,"key":"DIG"}],"path_taken":["M","?","?","M","M","M","?","E","T","R","?","M","R","M","R","BOSS","M","M","$","?","M","E","M","?","T","?","R","E","R","$","R","BOSS","M","M","M","$","?","?","E","R","T","?","?","R","?","M","R","BOSS"],"build_version":"2018-06-21","seed_source_timestamp":530941162413290,"purchased_purges":3,"circlet_count":0,"victory":true,"master_deck":["Defend_B","Defend_B","Defend_B","Defend_B","Zap","Skim","FTL","Electrodynamics+1","Stack","Go for the Eyes","Conserve Battery+1","Creative AI","Stack","Loop+1","Echo Form+1","Undo","Conserve Battery+1","Leap","White Noise","Tempest","Ball Lightning+1","Stack","Go for the Eyes","White Noise+1","FTL+1","Amplify+1","Hologram+1","Buffer","Seek+1","Go for the Eyes+1","BootSequence+1"],"max_hp_per_floor":[68,68,68,68,68,68,68,68,78,78,78,78,78,78,78,78,78,78,78,78,78,78,78,78,88,88,88,88,88,88,88,88,88,88,88,88,88,88,77,77,77,77,77,77,77,77,77,77,77,77],"relics":["Cracked Core","Prayer Wheel","Anchor","Pear","Fusion Hammer","Oddly Smooth Stone","Shovel","Toxic Egg 2","Ancient Tea Set","Darkstone Periapt","War Paint","Gremlin Horn","Sozu","Mummified Hand","Happy Flower","Bottled Flame","Omamori","Frozen Egg 2","Bag of Marbles","Red Mask","Blood Vial"],"card_choices":[{"not_picked":["Fusion","Redo"],"picked":"Skim","floor":1},{"not_picked":["Scrape","Consume"],"picked":"FTL","floor":1},{"not_picked":["Hello World","Redo"],"picked":"Stack","floor":4},{"not_picked":["Barrage","Consume"],"picked":"Go for the Eyes","floor":4},{"not_picked":["Double Energy","Barrage"],"picked":"Conserve Battery","floor":5},{"not_picked":["Leap","Stack"],"picked":"Creative AI","floor":5},{"not_picked":["Cold Snap","Chill"],"picked":"Stack","floor":6},{"not_picked":["Rebound","Streamline"],"picked":"Loop","floor":6},{"not_picked":["Rip and Tear","Redo"],"picked":"Echo Form","floor":7},{"not_picked":["Streamline","Gash","Steam"],"picked":"SKIP","floor":7},{"not_picked":["Rip and Tear","Creative AI"],"picked":"Undo","floor":8},{"not_picked":["Beam Cell","Cold Snap"],"picked":"Conserve Battery","floor":12},{"not_picked":["Consume","Beam Cell"],"picked":"Leap","floor":12},{"not_picked":["Genetic Algorithm","Darkness"],"picked":"White Noise","floor":14},{"not_picked":["Consume","Chaos"],"picked":"Tempest","floor":14},{"not_picked":["Amplify","Multi-Cast"],"picked":"Buffer","floor":16},{"not_picked":["Melter","Steam"],"picked":"Ball Lightning+1","floor":18},{"not_picked":["Beam Cell","Rip and Tear","Rebound"],"picked":"SKIP","floor":18},{"not_picked":["Coolheaded","Streamline+1"],"picked":"Stack","floor":19},{"not_picked":["Go for the Eyes","Streamline","Lockon"],"picked":"SKIP","floor":19},{"not_picked":["Redo+1","Reinforced Body"],"picked":"White Noise+1","floor":22},{"not_picked":["Steam","Barrage"],"picked":"FTL+1","floor":22},{"not_picked":["Amplify","Melter","Scrape"],"picked":"SKIP","floor":23},{"not_picked":["Heatsinks+1","Gash","Barrage"],"picked":"SKIP","floor":24},{"not_picked":["Streamline","Compile Driver","Chill"],"picked":"SKIP","floor":24},{"not_picked":["Melter","Redo+1","Rebound"],"picked":"SKIP","floor":29},{"not_picked":["Thunder Strike","Echo Form"],"picked":"Amplify+1","floor":33},{"not_picked":["Compile Driver","Leap+1"],"picked":"Hologram+1","floor":35},{"not_picked":["Hologram+1","Cold Snap"],"picked":"Buffer","floor":35},{"not_picked":["Stack+1","Conserve Battery+1","Streamline"],"picked":"SKIP","floor":36},{"not_picked":["Gash","Sweeping Beam","Stack+1"],"picked":"SKIP","floor":36},{"not_picked":["Scrape+1","Steam Power+1"],"picked":"Seek+1","floor":37},{"not_picked":["Conserve Battery+1","Ball Lightning","Leap+1"],"picked":"SKIP","floor":37},{"not_picked":["Loop+1","Doom and Gloom"],"picked":"Go for the Eyes+1","floor":41},{"not_picked":["Compile Driver+1","Scrape+1","Sweeping Beam+1"],"picked":"SKIP","floor":45},{"not_picked":["Chill+1","Coolheaded+1","Stack+1"],"picked":"SKIP","floor":45},{"not_picked":["Go for the Eyes","Rebound+1"],"picked":"BootSequence+1","floor":48},{"not_picked":["Rebound+1","Barrage+1","Consume+1"],"picked":"SKIP","floor":48}],"player_experience":44260,"potions_floor_usage":[8,8,29,37,37,48],"damage_taken":[{"damage":1,"enemies":"Jaw Worm","floor":1,"turns":4},{"damage":8,"enemies":"2 Louse","floor":4,"turns":2},{"damage":0,"enemies":"Small Slimes","floor":5,"turns":2},{"damage":1,"enemies":"Exordium Wildlife","floor":6,"turns":2},{"damage":14,"enemies":"Red Slaver","floor":7,"turns":4},{"damage":24,"enemies":"3 Sentries","floor":8,"turns":3},{"damage":1,"enemies":"Looter","floor":12,"turns":4},{"damage":0,"enemies":"Large Slime","floor":14,"turns":6},{"damage":0,"enemies":"Slime Boss","floor":16,"turns":7},{"damage":7,"enemies":"2 Thieves","floor":18,"turns":4},{"damage":0,"enemies":"Spheric Guardian","floor":19,"turns":3},{"damage":5,"enemies":"3 Cultists","floor":22,"turns":4},{"damage":19,"enemies":"Gremlin Leader","floor":23,"turns":5},{"damage":0,"enemies":"Centurion and Healer","floor":24,"turns":6},{"damage":14,"enemies":"Book of Stabbing","floor":29,"turns":6},{"damage":0,"enemies":"Champ","floor":33,"turns":10},{"damage":0,"enemies":"Flame Bruiser 1 Orb","floor":35,"turns":5},{"damage":16,"enemies":"Orb Walker","floor":36,"turns":4},{"damage":63,"enemies":"Flame Bruiser 2 Orb","floor":37,"turns":5},{"damage":0,"enemies":"Nemesis","floor":41,"turns":5},{"damage":0,"enemies":"Transient","floor":45,"turns":5},{"damage":8,"enemies":"Maw","floor":48,"turns":7},{"damage":61,"enemies":"Time Eater","floor":50,"turns":13}],"relics_obtained":[{"floor":8,"key":"Anchor"},{"floor":9,"key":"Pear"},{"floor":23,"key":"Shovel"},{"floor":26,"key":"Toxic Egg 2"},{"floor":28,"key":"Ancient Tea Set"},{"floor":29,"key":"Darkstone Periapt"},{"floor":30,"key":"War Paint"},{"floor":32,"key":"Gremlin Horn"},{"floor":41,"key":"Bottled Flame"},{"floor":42,"key":"Omamori"},{"floor":43,"key":"Frozen Egg 2"},{"floor":46,"key":"Bag of Marbles"},{"floor":49,"key":"Blood Vial"}],"event_choices":[{"event_name":"Shining Light","player_choice":"Ignored","floor":2,"damage_taken":0},{"event_name":"Transmorgrifier","player_choice":"Transform","floor":3,"damage_taken":0},{"event_name":"World of Goop","player_choice":"Gather Gold","floor":11,"damage_taken":0},{"event_name":"Transmorgrifier","player_choice":"Transform","floor":21,"damage_taken":0},{"event_name":"Bonfire Elementals","player_choice":"RARE","floor":25,"damage_taken":0},{"event_name":"Drug Dealer","player_choice":"Ignored","floor":27,"damage_taken":0},{"event_name":"The Moai Head","player_choice":"Heal","floor":39,"damage_taken":0},{"event_name":"Wheel of Change","player_choice":"Relic","floor":40,"damage_taken":0},{"event_name":"Tomb of Lord Red Mask","player_choice":"Paid","floor":47,"damage_taken":0}],"boss_relics":[{"not_picked":["Coffee Dripper","Nuclear Battery"],"picked":"Fusion Hammer"},{"not_picked":["Empty Cage","Runic Pyramid"],"picked":"Sozu"}],"items_purged_floors":[20,31,38],"is_endless":false,"potions_floor_spawned":[1,5,6,7,14,29,33,41],"seed_played":"2277319884263432632","ascension_level":0,"potions_obtained":[{"floor":1,"key":"Explosive Potion"},{"floor":5,"key":"Regen Potion"},{"floor":6,"key":"SteroidPotion"},{"floor":7,"key":"GamblersBrew"},{"floor":14,"key":"Regen Potion"},{"floor":29,"key":"Strength Potion"},{"floor":33,"key":"LiquidBronze"}],"is_trial":false}