{"gold_per_floor":[119,119,134,59,59,59,70,95,120,120,136,136,164,178,178,254,254,254,254,254,254,40,40,40,40,40,40,40,40,40,40,40,40,40,40,40,40,40,40,40,40],"floor_reached":41,"playtime":2198,"items_purged":["Regret","Strike_B"],"score":827,"play_id":"2335dd83-c15d-45b5-bef4-1a30c4a3118f","local_time":"20190211003954","is_ascension_mode":true,"campfire_choices":[{"data":"Electrodynamics","floor":6,"key":"SMITH"},{"data":"Zap","floor":10,"key":"SMITH"},{"floor":12,"key":"REST"},{"data":"Loop","floor":15,"key":"SMITH"},{"floor":23,"key":"REST"},{"floor":25,"key":"REST"},{"data":"Loop","floor":27,"key":"SMITH"},{"floor":29,"key":"REST"},{"data":"Biased Cognition","floor":32,"key":"SMITH"},{"floor":40,"key":"REST"}],"neow_cost":"TEN_PERCENT_HP_LOSS","seed_source_timestamp":1627031409359163,"circlet_count":0,"master_deck":["AscendersBane","Defend_B+1","Defend_B","Defend_B+1","Defend_B","Zap+1","Dualcast","Electrodynamics+1","Steam","Capacitor","Loop+1","FTL","Biased Cognition+1","Skim","Loop+1","Undo","Coolheaded","Rainbow","Leap","Conserve Battery","Redo","Madness","Madness","Glacier","Storm"],"relics":["Cracked Core","DataDisk","Cables","War Paint","Oddly Smooth Stone","Ectoplasm","Dodecahedron","Boot","Nuclear Battery"],"potions_floor_usage":[16,16,33,33,39,39,41],"damage_taken":[{"damage":5,"enemies":"2 Louse","floor":1,"turns":3},{"damage":2,"enemies":"Small Slimes","floor":3,"turns":2},{"damage":7,"enemies":"Jaw Worm","floor":7,"turns":3},{"damage":11,"enemies":"Gremlin Nob","floor":8,"turns":3},{"damage":1,"enemies":"Red Slaver","floor":11,"turns":3},{"damage":2,"enemies":"3 Sentries","floor":13,"turns":2},{"damage":14,"enemies":"Exordium Thugs","floor":14,"turns":2},{"damage":1,"enemies":"The Guardian","floor":16,"turns":7},{"damage":18,"enemies":"Shell Parasite","floor":18,"turns":5},{"damage":20,"enemies":"Colosseum Slavers","floor":19,"turns":3},{"damage":5,"enemies":"3 Byrds","floor":21,"turns":3},{"damage":14,"enemies":"Snake Plant","floor":28,"turns":3},{"damage":0,"enemies":"Sentry and Sphere","floor":31,"turns":6},{"damage":23,"enemies":"Champ","floor":33,"turns":17},{"damage":0,"enemies":"Orb Walker","floor":35,"turns":4},{"damage":14,"enemies":"3 Shapes","floor":37,"turns":3},{"damage":11,"enemies":"Spire Growth","floor":39,"turns":4},{"damage":61,"enemies":"Giant Head","floor":41,"turns":11}],"seed_played":"-1501363580697598887","potions_obtained":[{"floor":3,"key":"Energy Potion"},{"floor":8,"key":"SkillPotion"},{"floor":14,"key":"Weak Potion"},{"floor":28,"key":"Swift Potion"},{"floor":31,"key":"EssenceOfSteel"},{"floor":33,"key":"FocusPotion"},{"floor":35,"key":"Energy Potion"},{"floor":39,"key":"SpeedPotion"}],"is_trial":false,"path_per_floor":["M","?","M","$","?","R","M","E","T","R","M","R","E","M","R","B",null,"M","?","T","M","$","R","?","R","T","R","M","R","$","M","R","B",null,"M","?","M","?","M","R","E"],"character_chosen":"DEFECT","items_purchased":["Loop","Undo"],"campfire_rested":5,"item_purchase_floors":[22,22],"current_hp_per_floor":[59,59,57,57,57,57,50,39,39,39,38,57,55,41,41,40,58,40,20,20,15,15,34,34,53,53,53,39,58,58,58,58,35,57,57,45,31,31,20,39,0],"gold":40,"neow_bonus":"THREE_RARE_CARDS","is_prod":false,"is_daily":false,"chose_seed":false,"campfire_upgraded":5,"win_rate":0,"timestamp":1549867194,"path_taken":["M","?","M","$","?","R","M","E","T","R","M","R","E","?","R","BOSS","M","?","?","M","$","R","?","R","T","R","M","R","?","?","R","BOSS","M","?","M","?","M","R","E"],"build_version":"2019-02-06","purchased_purges":2,"victory":false,"max_hp_per_floor":[64,64,64,64,64,64,64,64,64,64,64,64,64,64,64,64,64,64,64,64,64,64,64,64,64,64,64,64,64,64,64,64,64,64,64,64,64,64,64,64,64],"card_choices":[{"not_picked":["Buffer","Echo Form"],"picked":"Electrodynamics","floor":0},{"not_picked":["Beam Cell","Hologram"],"picked":"Steam","floor":1},{"not_picked":["Sweeping Beam","Beam Cell"],"picked":"Capacitor","floor":3},{"not_picked":["Gash","Aggregate","Barrage"],"picked":"SKIP","floor":7},{"not_picked":["Static Discharge","Rebound"],"picked":"Loop","floor":8},{"not_picked":["Coolheaded","Compile Driver","Sunder"],"picked":"SKIP","floor":11},{"not_picked":["Heatsinks","Turbo","Static Discharge"],"picked":"SKIP","floor":13},{"not_picked":["Gash","Hologram"],"picked":"FTL","floor":14},{"not_picked":["Rainbow","Electrodynamics"],"picked":"Biased Cognition","floor":16},{"not_picked":["Compile Driver","Barrage","Fusion"],"picked":"SKIP","floor":18},{"not_picked":["Steam Power","Conserve Battery"],"picked":"Skim","floor":21},{"not_picked":["Auto Shields","Glacier"],"picked":"Leap","floor":28},{"not_picked":["Stack","Beam Cell"],"picked":"Conserve Battery","floor":31},{"not_picked":["Go for the Eyes","Doom and Gloom"],"picked":"Redo","floor":35},{"not_picked":["Redo+1","Stack+1"],"picked":"Glacier","floor":37},{"not_picked":["Coolheaded","Beam Cell"],"picked":"Storm","floor":39}],"player_experience":806582,"relics_obtained":[{"floor":8,"key":"Cables"},{"floor":9,"key":"War Paint"},{"floor":13,"key":"Oddly Smooth Stone"},{"floor":20,"key":"Dodecahedron"},{"floor":26,"key":"Boot"}],"event_choices":[{"damage_healed":0,"gold_gain":0,"player_choice":"Box","damage_taken":0,"relics_obtained":["DataDisk"],"max_hp_gain":0,"max_hp_loss":0,"event_name":"Big Fish","floor":2,"gold_loss":0,"cards_obtained":["Regret"]},{"damage_healed":0,"gold_gain":0,"player_choice":"Ignored","damage_taken":0,"max_hp_gain":0,"max_hp_loss":0,"event_name":"Liars Game","floor":5,"gold_loss":0},{"damage_healed":0,"gold_gain":0,"player_choice":"Fight","damage_taken":0,"max_hp_gain":0,"max_hp_loss":0,"event_name":"Colosseum","floor":19,"gold_loss":0},{"damage_healed":0,"gold_gain":0,"player_choice":"Fled From Nobs","damage_taken":0,"max_hp_gain":0,"max_hp_loss":0,"event_name":"Colosseum","floor":19,"gold_loss":0},{"damage_healed":0,"gold_gain":0,"cards_transformed":["Strike_B","Strike_B"],"player_choice":"Became Test Subject","damage_taken":0,"max_hp_gain":0,"max_hp_loss":0,"event_name":"Drug Dealer","floor":24,"gold_loss":0,"cards_obtained":["Coolheaded","Rainbow"]},{"damage_healed":0,"gold_gain":0,"player_choice":"Embrace Madness","damage_taken":12,"max_hp_gain":0,"max_hp_loss":0,"event_name":"Winding Halls","floor":36,"gold_loss":0,"cards_obtained":["Madness","Madness"]},{"cards_removed":["Strike_B"],"damage_healed":0,"gold_gain":0,"player_choice":"Removed Attack","damage_taken":0,"max_hp_gain":0,"max_hp_loss":0,"event_name":"Falling","floor":38,"gold_loss":0}],"is_beta":true,"boss_relics":[{"not_picked":["Snecko Eye","Coffee Dripper"],"picked":"Ectoplasm"},{"not_picked":["Tiny House","Philosopher\u0027s Stone"],"picked":"Nuclear Battery"}],"items_purged_floors":[4,22],"is_endless":false,"potions_floor_spawned":[3,8,14,28,31,33,35,39],"killed_by":"Giant Head","ascension_level":19}