{"gold_per_floor":[111,111,121,134,33,63,63,78,78,78,78,78,34,54,54,131,131,143,10,10,60,80,80,80,80,80,106,21,21,44,60,60,134,134,152,252,37,87,102,102,120,120,120,150,150,372,372,372,372,372],"floor_reached":50,"playtime":2784,"items_purged":[],"score":1124,"play_id":"e4c13211-7277-4105-b793-37e6aa39933d","local_time":"20190209123554","is_ascension_mode":true,"campfire_choices":[{"floor":7.0,"key":"REST"},{"floor":12.0,"key":"REST"},{"data":"Auto Shields","floor":15.0,"key":"SMITH"},{"floor":23.0,"key":"REST"},{"data":"White Noise","floor":25.0,"key":"SMITH"},{"floor":29.0,"key":"REST"},{"floor":32.0,"key":"REST"},{"floor":40,"key":"REST"},{"floor":45,"key":"REST"},{"floor":47,"key":"REST"},{"data":"Seek","floor":49,"key":"SMITH"}],"neow_cost":"NONE","seed_source_timestamp":0,"circlet_count":0,"master_deck":["AscendersBane","Strike_B","Defend_B","Defend_B","Defend_B","Defend_B","Zap+1","Dualcast","Scrape","Go for the Eyes","Beam Cell","Gash","Conserve Battery","Compile Driver","White Noise+1","BootSequence","Auto Shields+1","Seek+1","Steam","All For One","Steam+1","Gash","Gash","Glacier+1","Skim","Reboot","Go for the Eyes","Gash","Hologram","Skim","Coolheaded","Writhe","Steam","Steam+1","Madness"],"special_seed":0,"relics":["FrozenCore","NeowsBlessing","Bottled Lightning","Bottled Flame","Symbiotic Virus","Empty Cage","Gremlin Horn","Red Mask","Dream Catcher","Oddly Smooth Stone","Ice Cream","Bag of Marbles","Strawberry","War Paint"],"potions_floor_usage":[],"damage_taken":[{"damage":0.0,"enemies":"Cultist","floor":1.0,"turns":1.0},{"damage":0.0,"enemies":"Small Slimes","floor":3.0,"turns":1.0},{"damage":0.0,"enemies":"2 Louse","floor":4.0,"turns":1.0},{"damage":29.0,"enemies":"Gremlin Nob","floor":6.0,"turns":4.0},{"damage":6.0,"enemies":"Exordium Wildlife","floor":8.0,"turns":4.0},{"damage":0.0,"enemies":"Looter","floor":14.0,"turns":2.0},{"damage":0.0,"enemies":"The Guardian","floor":16.0,"turns":12.0},{"damage":23.0,"enemies":"3 Byrds","floor":18.0,"turns":4.0},{"damage":10.0,"enemies":"Spheric Guardian","floor":22.0,"turns":5.0},{"damage":16.0,"enemies":"Colosseum Slavers","floor":24.0,"turns":4.0},{"damage":17.0,"enemies":"Masked Bandits","floor":27.0,"turns":4.0},{"damage":19.0,"enemies":"Chosen and Byrds","floor":31.0,"turns":7.0},{"damage":23.0,"enemies":"Champ","floor":33.0,"turns":9.0},{"damage":2,"enemies":"3 Shapes","floor":35,"turns":4},{"damage":0,"enemies":"Mind Bloom Boss Battle","floor":36,"turns":7},{"damage":55,"enemies":"3 Darklings","floor":39,"turns":6},{"damage":3,"enemies":"Sphere and 2 Shapes","floor":41,"turns":4},{"damage":9,"enemies":"Nemesis","floor":44,"turns":7},{"damage":93,"enemies":"Time Eater","floor":50,"turns":11}],"seed_played":"6545128794863333204","potions_obtained":[{"floor":4.0,"key":"Weak Potion"},{"floor":14.0,"key":"SkillPotion"},{"floor":16.0,"key":"Strength Potion"},{"floor":22.0,"key":"SpeedPotion"},{"floor":27.0,"key":"EssenceOfSteel"},{"floor":35,"key":"FearPotion"},{"floor":41,"key":"SpeedPotion"}],"is_trial":false,"path_per_floor":["M","?","M","M","$","E","R","M","T","?","?","R","$","M","R","B",null,"M","$","?","?","M","R","?","R","T","?","?","R","T","M","R","B",null,"M","?","$","?","M","R","M","?","T","E","R","?","R","?","R","B"],"character_chosen":"DEFECT","items_purchased":["Gash","Conserve Battery","BootSequence","All For One","Steam","Hologram","Bag of Marbles"],"campfire_rested":8,"item_purchase_floors":[5,5,13,19,19,37,37],"current_hp_per_floor":[64,64,64,64,64,35,56,50,50,39,39,60,60,60,60,60,68,45,45,45,45,35,56,40,40,40,23,23,44,44,25,46,23,59,57,57,57,57,2,23,20,34,41,32,55,55,78,78,78,0],"gold":372,"neow_bonus":"THREE_ENEMY_KILL","is_prod":false,"is_daily":false,"chose_seed":false,"campfire_upgraded":3,"win_rate":0,"timestamp":1549733754,"path_taken":["M","?","?","?","?","E","R","M","T","?","?","R","$","M","R","BOSS","M","$","?","?","M","R","?","R","T","?","?","R","?","M","R","BOSS","M","?","$","?","?","R","M","?","T","E","R","?","R","?","R","BOSS"],"build_version":"2019-01-23","purchased_purges":0,"victory":false,"max_hp_per_floor":[71,71,71,71,71,71,71,71,71,71,71,71,71,71,71,71,71,71,71,71,71,71,71,71,71,71,71,71,71,71,71,71,71,71,71,71,71,71,71,71,71,71,78,78,78,78,78,78,78,78],"card_choices":[{"not_picked":["Go for the Eyes","FTL"],"picked":"Scrape","floor":1.0},{"not_picked":["Ball Lightning","Reinforced Body"],"picked":"Go for the Eyes","floor":3.0},{"not_picked":["Conserve Battery","Glacier"],"picked":"Beam Cell","floor":4.0},{"not_picked":["Tempest","Undo"],"picked":"Compile Driver","floor":6.0},{"not_picked":["Tempest","Stack"],"picked":"White Noise","floor":8.0},{"not_picked":["Capacitor","Turbo"],"picked":"Auto Shields","floor":14.0},{"not_picked":["Thunder Strike","Multi-Cast"],"picked":"Seek","floor":16.0},{"not_picked":["Turbo","Streamline"],"picked":"Steam","floor":18.0},{"not_picked":["Barrage","Self Repair"],"picked":"Gash","floor":22.0},{"not_picked":["Stack+1","Leap"],"picked":"Gash","floor":27.0},{"not_picked":["Conserve Battery+1","Leap+1"],"picked":"Glacier","floor":29.0},{"not_picked":["Consume","Auto Shields"],"picked":"Skim","floor":31.0},{"not_picked":["Fission","Multi-Cast"],"picked":"Reboot","floor":33.0},{"not_picked":["Sunder+1","Chaos"],"picked":"Go for the Eyes","floor":35},{"not_picked":["Hologram","Consume"],"picked":"Gash","floor":36},{"not_picked":["Streamline","Self Repair"],"picked":"Skim","floor":39},{"not_picked":["Ball Lightning+1","Turbo+1"],"picked":"Coolheaded","floor":40},{"not_picked":["Double Energy","Thunder Strike","Cold Snap"],"picked":"SKIP","floor":41},{"not_picked":["Loop","Aggregate","Darkness"],"picked":"SKIP","floor":44},{"not_picked":["Compile Driver+1","Conserve Battery"],"picked":"Steam","floor":45},{"not_picked":["Turbo","Aggregate"],"picked":"Steam+1","floor":47},{"not_picked":["Violence","Magnetism"],"picked":"Madness","floor":48}],"player_experience":2365716,"relics_obtained":[{"floor":6.0,"key":"Bottled Lightning"},{"floor":9.0,"key":"Bottled Flame"},{"floor":26.0,"key":"Gremlin Horn"},{"floor":27.0,"key":"Red Mask"},{"floor":30.0,"key":"Oddly Smooth Stone"},{"floor":36,"key":"Ice Cream"},{"floor":43,"key":"Strawberry"},{"floor":44,"key":"War Paint"}],"event_choices":[{"damage_healed":0.0,"max_hp_gain":0.0,"max_hp_loss":0.0,"gold_gain":0.0,"event_name":"Upgrade Shrine","player_choice":"Upgraded","floor":2.0,"gold_loss":0.0,"damage_taken":0.0,"cards_upgraded":["Zap"]},{"damage_healed":0.0,"max_hp_gain":0.0,"max_hp_loss":0.0,"gold_gain":0.0,"event_name":"Scrap Ooze","player_choice":"Success","floor":10.0,"gold_loss":0.0,"damage_taken":11.0,"relics_obtained":["Symbiotic Virus"]},{"cards_removed":["Strike_B"],"damage_healed":0.0,"max_hp_gain":0.0,"max_hp_loss":0.0,"gold_gain":0.0,"event_name":"Living Wall","player_choice":"Forget","floor":11.0,"gold_loss":0.0,"damage_taken":0.0},{"damage_healed":0.0,"max_hp_gain":0.0,"max_hp_loss":0.0,"gold_gain":0.0,"event_name":"Beggar","player_choice":"Ignored","floor":20.0,"gold_loss":0.0,"damage_taken":0.0},{"damage_healed":0.0,"max_hp_gain":0.0,"max_hp_loss":0.0,"gold_gain":50.0,"event_name":"Nest","player_choice":"Stole From Cult","floor":21.0,"gold_loss":0.0,"damage_taken":0.0},{"damage_healed":0.0,"max_hp_gain":0.0,"max_hp_loss":0.0,"gold_gain":0.0,"event_name":"Colosseum","player_choice":"Fight","floor":24.0,"gold_loss":0.0,"damage_taken":0.0},{"damage_healed":0.0,"max_hp_gain":0.0,"max_hp_loss":0.0,"gold_gain":0.0,"event_name":"Colosseum","player_choice":"Fled From Nobs","floor":24.0,"gold_loss":0.0,"damage_taken":0.0},{"damage_healed":0.0,"max_hp_gain":0.0,"max_hp_loss":0.0,"gold_gain":0.0,"event_name":"Masked Bandits","player_choice":"Fought Bandits","floor":27.0,"gold_loss":0.0,"damage_taken":0.0},{"damage_healed":0.0,"max_hp_gain":0.0,"max_hp_loss":0.0,"gold_gain":0.0,"event_name":"Addict","player_choice":"Obtained Relic","floor":28.0,"gold_loss":85.0,"damage_taken":0.0,"relics_obtained":["Dream Catcher"]},{"damage_healed":0,"gold_gain":0,"player_choice":"Fight","damage_taken":0,"max_hp_gain":0,"max_hp_loss":0,"event_name":"MindBloom","floor":36,"gold_loss":0},{"damage_healed":0,"gold_gain":50,"player_choice":"Pray","damage_taken":0,"max_hp_gain":0,"max_hp_loss":0,"event_name":"Golden Shrine","floor":38,"gold_loss":0},{"damage_healed":14,"gold_gain":0,"player_choice":"Writhe","damage_taken":0,"max_hp_gain":0,"max_hp_loss":0,"event_name":"Winding Halls","floor":42,"gold_loss":0,"cards_obtained":["Writhe"]},{"damage_healed":0,"gold_gain":222,"player_choice":"Wore Mask","damage_taken":0,"max_hp_gain":0,"max_hp_loss":0,"event_name":"Tomb of Lord Red Mask","floor":46,"gold_loss":0},{"damage_healed":0,"gold_gain":0,"player_choice":"Memory 1","damage_taken":0,"max_hp_gain":0,"max_hp_loss":0,"event_name":"SensoryStone","floor":48,"gold_loss":0}],"is_beta":false,"boss_relics":[{"not_picked":["Nuclear Battery","Ectoplasm"],"picked":"Empty Cage"},{"not_picked":["Cursed Key","Philosopher\u0027s Stone"],"picked":"FrozenCore"}],"items_purged_floors":[],"is_endless":false,"potions_floor_spawned":[4,14,16,22,24,27,35,41,44],"killed_by":"Time Eater","ascension_level":20}