{"gold_per_floor":[110,48,61,61,71,71,84,6,6,36,36,36,68,68,68,166,166,180,53,53,53,53,53,53,88,111,111,111,111,126,139,139,239,239,256,1255,1255,1265,1276,1276,1276],"floor_reached":41,"playtime":879,"items_purged":["Strike_G"],"score":465,"play_id":"6cfba6f9-d6f2-4533-8cd2-8046bd8a2460","local_time":"20180728130022","is_ascension_mode":false,"campfire_choices":[{"data":"Crippling Poison","floor":6,"key":"SMITH"},{"data":"Catalyst","floor":12,"key":"SMITH"},{"floor":15,"key":"REST"},{"data":"Burst","floor":23,"key":"SMITH"},{"floor":27,"key":"REST"},{"floor":32,"key":"REST"},{"data":"Noxious Fumes","floor":40,"key":"SMITH"}],"neow_cost":"NONE","seed_source_timestamp":87878891710308,"circlet_count":0,"master_deck":["Defend_G","Defend_G","Defend_G+1","Defend_G","Defend_G+1","Strike_G","Strike_G","Survivor","Neutralize","Deadly Poison","Escape Plan","Caltrops","Poisoned Stab","Crippling Poison+1","Bane","Outmaneuver","Flying Knee","Catalyst+1","Noxious Fumes+1","Storm of Steel","Slice","Burst+1","Outmaneuver","Poisoned Stab","Deadly Poison","Finesse","Dash","Dagger Spray+1","Glass Knife","Slice+1","Master of Strategy","Bane","Deflect+1"],"relics":["Orrery","Regal Pillow","Kunai","Bag of Marbles","Vajra","Busted Crown","Ninja Scroll","Ornamental Fan","Omamori","Bottled Tornado","Cursed Key"],"potions_floor_usage":[7,10,33,33],"damage_taken":[{"damage":11,"enemies":"Jaw Worm","floor":1,"turns":4},{"damage":0,"enemies":"Cultist","floor":3,"turns":4},{"damage":5,"enemies":"Small Slimes","floor":5,"turns":3},{"damage":8,"enemies":"Red Slaver","floor":7,"turns":2},{"damage":14,"enemies":"Lagavulin","floor":10,"turns":5},{"damage":13,"enemies":"3 Sentries","floor":13,"turns":4},{"damage":38,"enemies":"The Guardian","floor":16,"turns":10},{"damage":2,"enemies":"Spheric Guardian","floor":18,"turns":3},{"damage":27,"enemies":"Book of Stabbing","floor":25,"turns":5},{"damage":7,"enemies":"2 Thieves","floor":30,"turns":3},{"damage":11,"enemies":"Snake Plant","floor":31,"turns":2},{"damage":30,"enemies":"Automaton","floor":33,"turns":7},{"damage":0,"enemies":"3 Shapes","floor":35,"turns":3},{"damage":0,"enemies":"Orb Walker","floor":38,"turns":1},{"damage":7,"enemies":"Flame Bruiser 2 Orb","floor":39,"turns":3},{"damage":63,"enemies":"2 Orb Walkers","floor":41,"turns":4}],"seed_played":"-9176983146920679014","potions_obtained":[{"floor":3,"key":"AttackPotion"},{"floor":7,"key":"SkillPotion"},{"floor":16,"key":"Energy Potion"},{"floor":25,"key":"Swift Potion"},{"floor":39,"key":"SneckoOil"}],"is_trial":false,"path_per_floor":["M","?","M","$","M","R","M","$","T","E","?","R","E","?","R","B",null,"M","$","?","?","?","R","?","E","T","R","?","T","M","M","R","B",null,"M","?","?","M","M","R"],"character_chosen":"THE_SILENT","items_purchased":["Noxious Fumes","Poisoned Stab"],"campfire_rested":3,"item_purchase_floors":[8,19],"current_hp_per_floor":[59,59,59,59,54,54,46,46,46,32,32,32,19,5,41,3,70,68,68,68,68,68,68,54,27,27,63,63,63,56,45,70,40,70,70,70,70,70,63,63,0],"gold":1276,"neow_bonus":"BOSS_RELIC","is_prod":false,"is_daily":false,"chose_seed":false,"campfire_upgraded":4,"win_rate":0,"timestamp":1532748622,"path_taken":["M","?","?","$","M","R","M","$","T","E","?","R","E","?","R","BOSS","M","$","?","?","?","R","?","E","T","R","?","?","?","M","R","BOSS","M","?","?","?","M","R","E"],"build_version":"2018-07-26","purchased_purges":1,"victory":false,"max_hp_per_floor":[70,70,70,70,70,70,70,70,70,70,70,70,70,70,70,70,70,70,70,70,70,70,70,70,70,70,70,70,70,70,70,70,70,70,70,70,70,70,70,70,70],"card_choices":[{"not_picked":["Backflip","Dagger Spray"],"picked":"Deadly Poison","floor":0},{"not_picked":["Underhanded Strike","All Out Attack"],"picked":"Escape Plan","floor":0},{"not_picked":["Flying Knee","Dagger Spray"],"picked":"Caltrops","floor":0},{"not_picked":["Prepared","Quick Slash"],"picked":"Poisoned Stab","floor":0},{"not_picked":["Poisoned Stab","Infinite Blades"],"picked":"Crippling Poison","floor":0},{"not_picked":["Prepared","Accuracy"],"picked":"Bane","floor":1},{"not_picked":["Setup","Distraction"],"picked":"Outmaneuver","floor":3},{"not_picked":["Acrobatics","Deflect"],"picked":"Flying Knee","floor":5},{"not_picked":["Heel Hook","Backstab"],"picked":"Catalyst","floor":7},{"not_picked":["Infinite Blades","Flying Knee"],"picked":"Storm of Steel","floor":10},{"not_picked":["Deflect","Dodge and Roll"],"picked":"Slice","floor":13},{"not_picked":["Adrenaline","Unload"],"picked":"Burst","floor":16},{"not_picked":[],"picked":"Outmaneuver","floor":18},{"not_picked":[],"picked":"Dash","floor":25},{"not_picked":["Prepared"],"picked":"SKIP","floor":30},{"not_picked":[],"picked":"Dagger Spray+1","floor":31},{"not_picked":[],"picked":"Glass Knife","floor":33},{"not_picked":[],"picked":"Slice+1","floor":35},{"not_picked":[],"picked":"Master of Strategy","floor":37},{"not_picked":[],"picked":"Bane","floor":38},{"not_picked":[],"picked":"Deflect+1","floor":39}],"player_experience":281130,"relics_obtained":[{"floor":9,"key":"Kunai"},{"floor":10,"key":"Bag of Marbles"},{"floor":13,"key":"Vajra"},{"floor":25,"key":"Ornamental Fan"},{"floor":26,"key":"Omamori"},{"floor":29,"key":"Bottled Tornado"}],"event_choices":[{"event_name":"WeMeetAgain","player_choice":"Gold","floor":2,"damage_taken":0},{"event_name":"Purifier","player_choice":"One Purge","floor":11,"damage_taken":0},{"event_name":"Shining Light","player_choice":"Entered Light","floor":14,"damage_taken":0},{"event_name":"The Mausoleum","player_choice":"Yes","floor":20,"damage_taken":0},{"event_name":"Cursed Tome","player_choice":"Ignored","floor":21,"damage_taken":0},{"event_name":"Transmorgrifier","player_choice":"Transform","floor":22,"damage_taken":0},{"event_name":"Knowing Skull","player_choice":"CARD ","floor":24,"damage_taken":0},{"event_name":"Ghosts","player_choice":"Ignored","floor":28,"damage_taken":0},{"event_name":"MindBloom","player_choice":"Gold","floor":36,"damage_taken":0},{"event_name":"SensoryStone","player_choice":"Memory 1","floor":37,"damage_taken":0}],"is_beta":false,"boss_relics":[{"not_picked":["Tiny House","Empty Cage"],"picked":"Busted Crown"},{"not_picked":["Lizard Tail","Astrolabe"],"picked":"Cursed Key"}],"items_purged_floors":[19],"is_endless":false,"potions_floor_spawned":[3,7,16,25,39],"killed_by":"2 Orb Walkers","ascension_level":0}