{"gold_per_floor":[123,135,161,273,302,314,352,364,376,401,425,437,449,479,491,608,620,645,669,681,693,721,733,760,450,520,532,549,549,549,562,562,661,661,680,680,680,693,705,263,263,278,357,357,153,172,186,198,198,198],"floor_reached":51,"playtime":2975,"items_purged":["Strike_R","Strike_R","Strike_R"],"score":922,"play_id":"7c09eda2-da18-4edc-a1bb-6ddfb0220c81","local_time":"20180730125012","is_ascension_mode":true,"campfire_choices":[{"floor":6,"key":"REST"},{"data":"Rampage","floor":8,"key":"SMITH"},{"data":"Spot Weakness","floor":15,"key":"SMITH"},{"data":"Flame Barrier","floor":23,"key":"SMITH"},{"floor":30,"key":"REST"},{"floor":32,"key":"REST"},{"data":"Shrug It Off","floor":41,"key":"SMITH"},{"floor":44,"key":"REST"},{"floor":49,"key":"REST"}],"neow_cost":"NONE","seed_source_timestamp":412663573583082,"circlet_count":0,"master_deck":["Strike_R","Defend_R","Defend_R","Defend_R","Defend_R","Bash","Battle Trance","Rampage+1","Spot Weakness+1","Shrug It Off+1","Flame Barrier+1","Pommel Strike","Reaper","Double Tap+1","Dual Wield","Headbutt","Shrug It Off+1","Shrug It Off+1","Feed","Seeing Red+1","Headbutt","Exhume+1","True Grit+1","Rage+1"],"relics":["Burning Blood","MawBank","Mercury Hourglass","Pantograph","Lantern","Busted Crown","Toxic Egg 2","Oddly Smooth Stone","Meat on the Bone","Orrery","Ginger","Paper Frog"],"potions_floor_usage":[7,11,16,16,33,33,33,35,48,50],"damage_taken":[{"damage":14,"enemies":"Jaw Worm","floor":1,"turns":3},{"damage":0,"enemies":"Small Slimes","floor":3,"turns":2},{"damage":7,"enemies":"2 Louse","floor":5,"turns":2},{"damage":30,"enemies":"Lagavulin","floor":7,"turns":6},{"damage":9,"enemies":"Red Slaver","floor":10,"turns":4},{"damage":14,"enemies":"Large Slime","floor":11,"turns":6},{"damage":5,"enemies":"Exordium Wildlife","floor":14,"turns":4},{"damage":36,"enemies":"Hexaghost","floor":16,"turns":8},{"damage":16,"enemies":"2 Thieves","floor":18,"turns":4},{"damage":14,"enemies":"3 Byrds","floor":19,"turns":4},{"damage":40,"enemies":"Cultist and Chosen","floor":22,"turns":5},{"damage":50,"enemies":"Snecko","floor":24,"turns":5},{"damage":24,"enemies":"Snake Plant","floor":27,"turns":3},{"damage":27,"enemies":"Cultist and Chosen","floor":28,"turns":8},{"damage":18,"enemies":"Snecko","floor":31,"turns":5},{"damage":53,"enemies":"Collector","floor":33,"turns":7},{"damage":41,"enemies":"Flame Bruiser 1 Orb","floor":35,"turns":6},{"damage":31,"enemies":"Orb Walker","floor":38,"turns":4},{"damage":49,"enemies":"Sphere and 2 Shapes","floor":39,"turns":7},{"damage":36,"enemies":"Spire Growth","floor":42,"turns":4},{"damage":8,"enemies":"Flame Bruiser 2 Orb","floor":46,"turns":8},{"damage":35,"enemies":"4 Shapes","floor":47,"turns":5},{"damage":27,"enemies":"Sphere and 2 Shapes","floor":48,"turns":6},{"damage":132,"enemies":"Donu and Deca","floor":50,"turns":12}],"seed_played":"8271829046802419910","potions_obtained":[{"floor":3,"key":"Weak Potion"},{"floor":10,"key":"Regen Potion"},{"floor":11,"key":"SteroidPotion"},{"floor":14,"key":"FearPotion"},{"floor":24,"key":"FearPotion"},{"floor":28,"key":"EssenceOfSteel"},{"floor":33,"key":"Swift Potion"},{"floor":39,"key":"SteroidPotion"},{"floor":42,"key":"FearPotion"},{"floor":46,"key":"SteroidPotion"}],"is_trial":false,"path_per_floor":["M","?","M","?","M","R","E","R","T","M","M","$","$","M","R","B",null,"M","M","?","?","M","R","M","$","T","M","M","?","R","M","R","B",null,"M","?","?","M","M","$","R","M","T","R","$","M","M","M","R","B"],"character_chosen":"IRONCLAD","items_purchased":["Shrug It Off+1","Oddly Smooth Stone","Strength Potion","Ginger","True Grit+1","Rage+1"],"campfire_rested":5,"item_purchase_floors":[25,25,25,40,40,45],"current_hp_per_floor":[64,61,67,67,66,80,56,56,56,53,60,60,60,61,61,62,76,74,80,80,80,58,58,22,22,22,21,20,20,44,52,76,63,76,57,57,57,52,49,49,49,34,34,59,59,73,90,72,95,29],"gold":198,"neow_bonus":"RANDOM_COMMON_RELIC","is_prod":false,"is_daily":false,"chose_seed":false,"campfire_upgraded":4,"win_rate":0,"timestamp":1532969412,"path_taken":["M","?","M","?","M","R","E","R","T","M","?","?","$","M","R","BOSS","M","M","?","?","M","R","M","$","T","M","?","?","R","M","R","BOSS","M","?","?","?","M","$","R","M","T","R","$","M","?","M","R","BOSS"],"build_version":"2018-07-26","purchased_purges":3,"victory":true,"max_hp_per_floor":[80,80,80,80,80,80,80,80,80,80,80,80,80,80,80,80,80,80,80,80,80,80,80,80,80,80,80,80,80,80,80,80,80,80,80,80,80,80,83,83,83,86,86,86,86,89,92,95,95,95],"card_choices":[{"not_picked":["Twin Strike","Thunderclap"],"picked":"Battle Trance","floor":1},{"not_picked":["Anger","Clash"],"picked":"Rampage","floor":3},{"not_picked":["Body Slam","Havoc"],"picked":"Spot Weakness","floor":5},{"not_picked":["Ghostly Armor","Entrench"],"picked":"Shrug It Off","floor":7},{"not_picked":["Wild Strike","Body Slam"],"picked":"Flame Barrier","floor":10},{"not_picked":["Perfected Strike","True Grit"],"picked":"Pommel Strike","floor":11},{"not_picked":["Twin Strike","Infernal Blade"],"picked":"Reaper","floor":14},{"not_picked":["Demon Form","Juggernaut"],"picked":"Double Tap","floor":16},{"not_picked":["Perfected Strike"],"picked":"SKIP","floor":18},{"not_picked":["Dual Wield"],"picked":"SKIP","floor":19},{"not_picked":[],"picked":"Dual Wield","floor":19},{"not_picked":[],"picked":"Headbutt","floor":22},{"not_picked":[],"picked":"Shrug It Off+1","floor":24},{"not_picked":["Wild Strike"],"picked":"SKIP","floor":27},{"not_picked":["Warcry+1"],"picked":"SKIP","floor":28},{"not_picked":["Body Slam"],"picked":"SKIP","floor":31},{"not_picked":[],"picked":"Feed","floor":33},{"not_picked":[],"picked":"Seeing Red+1","floor":34},{"not_picked":["Pommel Strike"],"picked":"SKIP","floor":35},{"not_picked":[],"picked":"Headbutt","floor":38},{"not_picked":[],"picked":"Exhume+1","floor":39},{"not_picked":["Infernal Blade+1"],"picked":"SKIP","floor":42},{"not_picked":["Corruption+1"],"picked":"SKIP","floor":46},{"not_picked":["Heavy Blade+1"],"picked":"SKIP","floor":47},{"not_picked":["Flex+1"],"picked":"SKIP","floor":48}],"player_experience":1360428,"relics_obtained":[{"floor":7,"key":"Pantograph"},{"floor":9,"key":"Lantern"},{"floor":26,"key":"Meat on the Bone"},{"floor":43,"key":"Paper Frog"}],"event_choices":[{"event_name":"Scrap Ooze","player_choice":"success","floor":2,"damage_taken":3},{"event_name":"Golden Shrine","player_choice":"Pray","floor":4,"damage_taken":0},{"event_name":"Accursed Blacksmith","player_choice":"Forge","floor":20,"damage_taken":0},{"event_name":"The Mausoleum","player_choice":"Yes","floor":21,"damage_taken":0},{"event_name":"Cursed Tome","player_choice":"Ignored","floor":29,"damage_taken":0},{"event_name":"Falling","player_choice":"Removed Attack","floor":36,"damage_taken":0},{"event_name":"Tomb of Lord Red Mask","player_choice":"Ignored","floor":37,"damage_taken":0}],"is_beta":false,"boss_relics":[{"not_picked":["Philosopher\u0027s Stone","Velvet Choker"],"picked":"Busted Crown"},{"not_picked":["Mark of Pain","Black Star"],"picked":"Orrery"}],"items_purged_floors":[25,40,45],"is_endless":false,"potions_floor_spawned":[3,10,11,14,24,28,33,39,42,46],"ascension_level":8}