{"gold_per_floor":[116,132,150,120,120,120,150,150,150,184,184,184,20,20,20,123,123,139,54,54,0,20,20,39,39,65,165,191,208,240,240,240,335,335,351,368,368,385,385,385,403,403,403,403,417,237,237,112,112,112],"floor_reached":51,"playtime":1904,"items_purged":["Regret","Strike_R","Strike_R"],"score":719,"play_id":"36e18fac-9556-4f2e-9aeb-7d964bf28bd0","local_time":"20181105145412","is_ascension_mode":false,"campfire_choices":[{"data":"True Grit","floor":6,"key":"SMITH"},{"data":"Body Slam","floor":8,"key":"SMITH"},{"floor":12,"key":"REST"},{"data":"Body Slam","floor":15,"key":"SMITH"},{"data":"Flame Barrier","floor":23,"key":"SMITH"},{"data":"Iron Wave","floor":25,"key":"SMITH"},{"data":"Armaments","floor":32,"key":"SMITH"},{"data":"Warcry","floor":40,"key":"SMITH"},{"data":"Master of Strategy","floor":42,"key":"SMITH"},{"data":"Shrug It Off","floor":44,"key":"SMITH"},{"data":"Body Slam","floor":49,"key":"SMITH"}],"neow_cost":"PERCENT_DAMAGE","seed_source_timestamp":820424433883939,"circlet_count":0,"master_deck":["Defend_R","Defend_R","Defend_R","Bash","Iron Wave+1","Flex+1","True Grit+1","Body Slam+1","Battle Trance+1","Body Slam+1","Flame Barrier+1","Impervious","Dual Wield","Armaments+1","Searing Blow+1","Battle Trance+1","Shrug It Off+1","Feed","Juggernaut+1","Body Slam+1","Warcry+1","Body Slam+1","Jack Of All Trades","Master of Strategy+1"],"relics":["Burning Blood","Mercury Hourglass","Ornamental Fan","Question Card","Runic Dome","Blue Candle","Nilry\u0027s Codex","PreservedInsect","Nunchaku","Shuriken","Potion Belt","Frozen Egg 2","Orrery","Kunai"],"potions_floor_usage":[27,27,50,50,50],"damage_taken":[{"damage":1,"enemies":"2 Louse","floor":1,"turns":4},{"damage":0,"enemies":"Small Slimes","floor":2,"turns":4},{"damage":1,"enemies":"Jaw Worm","floor":3,"turns":3},{"damage":0,"enemies":"Looter","floor":4,"turns":4},{"damage":54,"enemies":"Lagavulin","floor":7,"turns":8},{"damage":14,"enemies":"Gremlin Nob","floor":10,"turns":4},{"damage":7,"enemies":"Slime Boss","floor":16,"turns":8},{"damage":2,"enemies":"Spheric Guardian","floor":18,"turns":3},{"damage":0,"enemies":"2 Thieves","floor":22,"turns":3},{"damage":11,"enemies":"Shelled Parasite and Fungi","floor":24,"turns":3},{"damage":0,"enemies":"Colosseum Slavers","floor":27,"turns":3},{"damage":0,"enemies":"Colosseum Nobs","floor":27,"turns":3},{"damage":0,"enemies":"Snecko","floor":29,"turns":3},{"damage":9,"enemies":"Gremlin Leader","floor":30,"turns":6},{"damage":24,"enemies":"Collector","floor":33,"turns":13},{"damage":0,"enemies":"Orb Walker","floor":35,"turns":2},{"damage":0,"enemies":"3 Shapes","floor":36,"turns":2},{"damage":10,"enemies":"Spire Growth","floor":38,"turns":4},{"damage":19,"enemies":"3 Darklings","floor":41,"turns":4},{"damage":5,"enemies":"Writhing Mass","floor":45,"turns":3},{"damage":50,"enemies":"Time Eater","floor":50,"turns":9}],"seed_played":"-2218687419863018489","potions_obtained":[{"floor":7,"key":"GamblersBrew"},{"floor":16,"key":"SpeedPotion"},{"floor":18,"key":"Poison Potion"},{"floor":29,"key":"BloodPotion"},{"floor":33,"key":"LiquidBronze"},{"floor":41,"key":"LiquidBronze"},{"floor":45,"key":"SpeedPotion"}],"is_trial":false,"path_per_floor":["M","M","M","M","?","R","E","R","T","E","?","R","$","$","R","B",null,"M","?","?","?","M","R","M","R","T","?","T","M","E","?","R","B",null,"M","M","?","M","?","R","M","R","T","R","M","$","?","$","R","B",null],"character_chosen":"IRONCLAD","items_purchased":["Body Slam","Flame Barrier","Metallicize+1"],"campfire_rested":1,"item_purchase_floors":[13,13,46],"current_hp_per_floor":[61,67,72,78,78,78,30,30,30,22,6,30,30,30,30,29,80,80,80,64,64,70,70,65,65,65,77,77,80,77,77,77,63,84,84,87,87,83,73,73,60,60,60,60,61,61,61,61,61,25],"gold":112,"neow_bonus":"REMOVE_TWO","is_prod":false,"is_daily":false,"chose_seed":false,"campfire_upgraded":10,"win_rate":0,"timestamp":1541451252,"path_taken":["M","M","M","M","?","R","E","R","T","E","?","R","?","$","R","BOSS","M","?","?","?","?","R","M","R","T","?","?","?","E","?","R","BOSS","M","M","?","M","?","R","M","R","T","R","M","$","?","?","R","BOSS"],"build_version":"2018-11-02","purchased_purges":3,"victory":true,"max_hp_per_floor":[80,80,80,80,80,80,80,80,80,80,80,80,80,80,80,80,80,80,80,80,80,80,80,80,80,80,80,80,80,80,80,80,84,84,84,87,87,87,87,87,87,87,87,87,87,87,87,87,87,87],"card_choices":[{"not_picked":["Thunderclap","Entrench"],"picked":"Iron Wave","floor":1},{"not_picked":["Sword Boomerang","Power Through"],"picked":"Flex","floor":2},{"not_picked":["Flex","Ghostly Armor"],"picked":"True Grit","floor":3},{"not_picked":["Wild Strike","Pummel"],"picked":"Body Slam","floor":4},{"not_picked":["Hemokinesis","Clash","Bludgeon"],"picked":"SKIP","floor":7},{"not_picked":["Headbutt","Rage"],"picked":"Battle Trance","floor":10},{"not_picked":["Immolate","Double Tap","Bludgeon"],"picked":"Impervious","floor":16},{"not_picked":["Headbutt+1","Searing Blow","Evolve","Clash+1"],"picked":"SKIP","floor":18},{"not_picked":["Thunderclap+1","Flex","Rampage","Perfected Strike+1"],"picked":"SKIP","floor":22},{"not_picked":["Headbutt","Sentinel+1","Anger"],"picked":"Dual Wield","floor":24},{"not_picked":["Combust+1","Pommel Strike","Brutality"],"picked":"Armaments","floor":27},{"not_picked":["Warcry","Flame Barrier+1","Havoc"],"picked":"Searing Blow+1","floor":29},{"not_picked":["Clothesline","Clash+1","Sword Boomerang+1"],"picked":"Battle Trance+1","floor":30},{"not_picked":["Limit Break","Feed","Double Tap"],"picked":"Juggernaut+1","floor":33},{"not_picked":["Pommel Strike","Inflame+1","Metallicize+1"],"picked":"Body Slam","floor":34},{"not_picked":["Havoc","Dual Wield","Whirlwind"],"picked":"Warcry","floor":34},{"not_picked":["Headbutt+1","Anger","Battle Trance","Heavy Blade"],"picked":"SKIP","floor":35},{"not_picked":["Fiend Fire","Clothesline","Iron Wave"],"picked":"Body Slam+1","floor":36},{"not_picked":["Anger+1","Wild Strike","Perfected Strike","Cleave"],"picked":"SKIP","floor":38},{"not_picked":["PanicButton","Panacea","Enlightenment"],"picked":"Jack Of All Trades","floor":39},{"not_picked":["Forethought","HandOfGreed","Deep Breath"],"picked":"Master of Strategy","floor":39},{"not_picked":["Perfected Strike+1","Uppercut","Sever Soul","Shockwave+1"],"picked":"SKIP","floor":41},{"not_picked":["Spot Weakness","Clothesline","Sever Soul","Metallicize+1"],"picked":"SKIP","floor":45}],"player_experience":740249,"relics_obtained":[{"floor":7,"key":"Ornamental Fan"},{"floor":10,"key":"Question Card"},{"floor":20,"key":"Nilry\u0027s Codex"},{"floor":26,"key":"PreservedInsect"},{"floor":27,"key":"Nunchaku"},{"floor":27,"key":"Shuriken"},{"floor":28,"key":"Potion Belt"},{"floor":30,"key":"Frozen Egg 2"},{"floor":43,"key":"Kunai"}],"event_choices":[{"damage_healed":0,"gold_gain":0,"player_choice":"Box","damage_taken":0,"relics_obtained":["Mercury Hourglass"],"max_hp_gain":0,"max_hp_loss":0,"event_name":"Big Fish","floor":5,"gold_loss":0,"cards_obtained":["Regret"]},{"damage_healed":0,"gold_gain":0,"player_choice":"Entered Light","damage_taken":16,"max_hp_gain":0,"max_hp_loss":0,"event_name":"Shining Light","floor":11,"gold_loss":0,"cards_upgraded":["Battle Trance","Flex"]},{"damage_healed":0,"gold_gain":0,"player_choice":"Obtained Relic","damage_taken":0,"relics_obtained":["Blue Candle"],"max_hp_gain":0,"max_hp_loss":0,"event_name":"Addict","floor":19,"gold_loss":85},{"damage_healed":0,"gold_gain":0,"player_choice":"Obtained Book","damage_taken":16,"max_hp_gain":0,"max_hp_loss":0,"event_name":"Cursed Tome","floor":20,"gold_loss":0},{"damage_healed":0,"gold_gain":0,"player_choice":"Paid Fearfully","damage_taken":0,"max_hp_gain":0,"max_hp_loss":0,"event_name":"Masked Bandits","floor":21,"gold_loss":54},{"damage_healed":0,"gold_gain":0,"player_choice":"Fight","damage_taken":0,"max_hp_gain":0,"max_hp_loss":0,"event_name":"Colosseum","floor":27,"gold_loss":0},{"damage_healed":0,"gold_gain":0,"player_choice":"Fought Nobs","damage_taken":0,"max_hp_gain":0,"max_hp_loss":0,"event_name":"Colosseum","floor":27,"gold_loss":0},{"damage_healed":0,"gold_gain":0,"cards_transformed":["Strike_R","Strike_R"],"player_choice":"Became Test Subject","damage_taken":0,"max_hp_gain":0,"max_hp_loss":0,"event_name":"Drug Dealer","floor":31,"gold_loss":0,"cards_obtained":["Shrug It Off","Feed"]},{"damage_healed":0,"gold_gain":0,"player_choice":"Ignored","damage_taken":0,"max_hp_gain":0,"max_hp_loss":0,"event_name":"Tomb of Lord Red Mask","floor":37,"gold_loss":0},{"damage_healed":0,"gold_gain":0,"player_choice":"Memory 3","damage_taken":10,"max_hp_gain":0,"max_hp_loss":0,"event_name":"SensoryStone","floor":39,"gold_loss":0},{"cards_removed":["Metallicize"],"damage_healed":0,"gold_gain":0,"player_choice":"Removed Power","damage_taken":0,"max_hp_gain":0,"max_hp_loss":0,"event_name":"Falling","floor":47,"gold_loss":0}],"is_beta":true,"boss_relics":[{"not_picked":["Eternal Feather","Black Star"],"picked":"Runic Dome"},{"not_picked":["Fusion Hammer","Pandora\u0027s Box"],"picked":"Orrery"}],"items_purged_floors":[13,46,48],"is_endless":false,"potions_floor_spawned":[7,16,18,24,29,33,41,45],"ascension_level":0}