{"gold_per_floor":[110,110,26,26,36,36,61,7,7,7,37,48,59,71,71,147,147,165,184,184,21,21],"floor_reached":22,"playtime":674,"items_purged":["Strike_B"],"score":416,"play_id":"d9987861-5355-42af-95b0-9f50442c1e6d","local_time":"20181224075754","is_ascension_mode":true,"campfire_choices":[{"data":"Zap","floor":6.0,"key":"SMITH"},{"data":"Consume","floor":10.0,"key":"SMITH"},{"floor":15.0,"key":"REST"}],"neow_cost":"NONE","seed_source_timestamp":361720840153526,"circlet_count":0,"master_deck":["AscendersBane","Strike_B","Defend_B","Defend_B","Defend_B","Defend_B","Zap+1","Dualcast","Consume+1","Storm","Ball Lightning","Loop","Storm","Conserve Battery","Rebound","Conserve Battery","Echo Form","Steam","Self Repair","Rip and Tear","Loop"],"special_seed":0,"relics":["Cracked Core","NeowsBlessing","Cables","Gremlin Horn","Centennial Puzzle","Sozu"],"potions_floor_usage":[],"damage_taken":[{"damage":0.0,"enemies":"2 Louse","floor":1.0,"turns":1.0},{"damage":0.0,"enemies":"Small Slimes","floor":5.0,"turns":1.0},{"damage":0.0,"enemies":"Gremlin Nob","floor":7.0,"turns":1.0},{"damage":20.0,"enemies":"Lagavulin","floor":11.0,"turns":3.0},{"damage":1.0,"enemies":"Cultist","floor":12.0,"turns":3.0},{"damage":17.0,"enemies":"Looter","floor":13.0,"turns":3.0},{"damage":14.0,"enemies":"Exordium Wildlife","floor":14.0,"turns":4.0},{"damage":19.0,"enemies":"The Guardian","floor":16.0,"turns":8.0},{"damage":13.0,"enemies":"Chosen","floor":18.0,"turns":4.0},{"damage":28.0,"enemies":"3 Byrds","floor":19.0,"turns":4.0},{"damage":32,"enemies":"Cultist and Chosen","floor":22,"turns":3}],"seed_played":"-8557098556457255704","potions_obtained":[{"floor":11.0,"key":"LiquidBronze"},{"floor":14.0,"key":"Energy Potion"},{"floor":16.0,"key":"SkillPotion"}],"is_trial":false,"path_per_floor":["M","?","$","?","M","R","E","$","T","R","E","M","M","M","R","B",null,"M","M","?","$","M"],"character_chosen":"DEFECT","items_purchased":["Storm","PowerPotion","Loop"],"campfire_rested":1,"item_purchase_floors":[3,8,21],"current_hp_per_floor":[64,69,69,62,62,62,62,62,62,62,42,41,24,10,32,13,60,47,19,19,19,0],"gold":21,"neow_bonus":"THREE_ENEMY_KILL","is_prod":false,"is_daily":false,"chose_seed":false,"campfire_upgraded":2,"win_rate":0,"timestamp":1545656274,"path_taken":["M","?","$","?","M","R","E","$","T","R","E","M","M","M","R","BOSS","M","M","?","$","M"],"build_version":"2018-12-20","purchased_purges":1,"victory":false,"max_hp_per_floor":[71,76,76,76,76,76,76,76,76,76,76,76,76,76,76,76,76,76,76,76,76,76],"card_choices":[{"not_picked":["Hologram","Beam Cell"],"picked":"Consume","floor":1.0},{"not_picked":["Steam","Tempest"],"picked":"Ball Lightning","floor":5.0},{"not_picked":["Darkness","Rebound"],"picked":"Loop","floor":7.0},{"not_picked":["Undo","Beam Cell"],"picked":"Storm","floor":11.0},{"not_picked":["Streamline","Fission"],"picked":"Conserve Battery","floor":12.0},{"not_picked":["Reprogram","Hello World"],"picked":"Rebound","floor":13.0},{"not_picked":["Turbo","Ball Lightning"],"picked":"Conserve Battery","floor":14.0},{"not_picked":["Fission","Multi-Cast"],"picked":"Echo Form","floor":16.0},{"not_picked":["Streamline","Fusion"],"picked":"Steam","floor":18.0},{"not_picked":["Rebound","Lockon"],"picked":"Self Repair","floor":19.0}],"player_experience":1948851,"relics_obtained":[{"floor":7.0,"key":"Cables"},{"floor":9.0,"key":"Gremlin Horn"},{"floor":11.0,"key":"Centennial Puzzle"}],"event_choices":[{"damage_healed":0.0,"max_hp_gain":5.0,"max_hp_loss":0.0,"gold_gain":0.0,"event_name":"Big Fish","player_choice":"Donut","floor":2.0,"gold_loss":0.0,"damage_taken":0.0},{"cards_removed":["Strike_B"],"damage_healed":0.0,"max_hp_gain":0.0,"max_hp_loss":0.0,"gold_gain":0.0,"event_name":"Golden Wing","player_choice":"Card Removal","floor":4.0,"gold_loss":0.0,"damage_taken":7.0},{"damage_healed":0.0,"max_hp_gain":0.0,"max_hp_loss":0.0,"gold_gain":0.0,"cards_transformed":["Strike_B"],"event_name":"Transmorgrifier","player_choice":"Transformed","floor":20.0,"gold_loss":0.0,"damage_taken":0.0,"cards_obtained":["Rip and Tear"]}],"is_beta":false,"boss_relics":[{"not_picked":["Ectoplasm","Philosopher\u0027s Stone"],"picked":"Sozu"}],"items_purged_floors":[21],"is_endless":false,"potions_floor_spawned":[11,14,16,18],"killed_by":"Cultist and Chosen","ascension_level":18}