{"gold_per_floor":[367,386,21,21,21,21,65,83,83,83,102,131,131,197,197,316,316,331,128,101,200,19,44,44],"floor_reached":24,"playtime":2075,"items_purged":["Strike_B"],"score":316,"play_id":"ffec5c48-11de-4614-85ff-e7c1948fcf84","local_time":"20180717205204","is_ascension_mode":true,"campfire_choices":[{"data":"Zap","floor":6.0,"key":"SMITH"},{"data":"Zap","floor":10.0,"key":"SMITH"},{"data":"White Noise","floor":13.0,"key":"SMITH"},{"data":"White Noise","floor":15.0,"key":"SMITH"}],"neow_cost":"TEN_PERCENT_HP_LOSS","seed_source_timestamp":586345303926084,"circlet_count":0,"master_deck":["Strike_B","Strike_B","Strike_B","Defend_B","Defend_B","Defend_B","Defend_B","Zap+1","Dualcast","AscendersBane","Self Repair","Self Repair","Zap+1","Seek","Double Energy","Ball Lightning","White Noise+1","Storm","White Noise+1","Core Surge","Ball Lightning","Glacier","Conserve Battery","Stack+1","Coolheaded","Leap"],"special_seed":0,"relics":["Cracked Core","Medical Kit","Oddly Smooth Stone","Golden Idol","Meat on the Bone","Kunai","Odd Mushroom","Tiny Chest","Busted Crown","Anchor"],"potions_floor_usage":[16,23,24],"damage_taken":[{"damage":0.0,"enemies":"Small Slimes","floor":1.0,"turns":3.0},{"damage":5.0,"enemies":"Cultist","floor":2.0,"turns":5.0},{"damage":18.0,"enemies":"3 Sentries","floor":7.0,"turns":5.0},{"damage":11.0,"enemies":"2 Louse","floor":8.0,"turns":4.0},{"damage":2.0,"enemies":"Lots of Slimes","floor":11.0,"turns":3.0},{"damage":10.0,"floor":12.0,"turns":2.0},{"damage":30.0,"enemies":"Gremlin Nob","floor":14.0,"turns":4.0},{"damage":27,"enemies":"The Guardian","floor":16,"turns":9},{"damage":0,"enemies":"Spheric Guardian","floor":18,"turns":3},{"damage":34,"enemies":"2 Thieves","floor":20,"turns":5},{"damage":19,"enemies":"3 Cultists","floor":23,"turns":5},{"damage":66,"enemies":"Gremlin Leader","floor":24,"turns":5}],"seed_played":"-730367327600270039","potions_obtained":[{"floor":1.0,"key":"FocusPotion"},{"floor":7.0,"key":"Fire Potion"},{"floor":8.0,"key":"EntropicBrew"},{"floor":11.0,"key":"Dexterity Potion"},{"floor":14.0,"key":"Strength Potion"},{"floor":20,"key":"AttackPotion"},{"floor":23,"key":"FearPotion"}],"is_trial":false,"path_per_floor":["M","M","$","?","?","R","E","M","T","R","M","?","R","E","R","B",null,"M","$","M","?","$","M"],"character_chosen":"DEFECT","items_purchased":["Medical Kit","Oddly Smooth Stone","Glacier","Conserve Battery","Anchor","Coolheaded"],"campfire_rested":0,"item_purchase_floors":[3,3,19,19,22,22],"current_hp_per_floor":[68,68,68,68,51,51,47,50,50,50,62,59,59,55,55,54,65,68,68,67,67,67,62,0],"gold":44,"neow_bonus":"TWO_FIFTY_GOLD","is_prod":false,"is_daily":false,"chose_seed":false,"campfire_upgraded":4,"win_rate":0,"timestamp":1531853524,"path_taken":["M","M","$","?","?","R","E","?","T","R","?","?","R","E","R","BOSS","M","$","?","?","$","M","E"],"build_version":"2018-07-16","purchased_purges":1,"victory":false,"max_hp_per_floor":[68,68,68,68,68,68,68,68,68,68,68,68,68,68,68,68,68,68,68,68,68,68,68,68],"card_choices":[{"not_picked":["Barrage","Scrape"],"picked":"Self Repair","floor":1.0},{"not_picked":["Blizzard","Leap"],"picked":"Self Repair","floor":2.0},{"not_picked":["Beam Cell","Force Field"],"picked":"White Noise","floor":7.0},{"not_picked":["Chaos","Redo","Steam"],"picked":"SKIP","floor":8.0},{"not_picked":["Gash","Compile Driver","Chaos"],"picked":"SKIP","floor":11.0},{"not_picked":["Compile Driver","Blizzard"],"picked":"Storm","floor":12.0},{"not_picked":["Steam","Compile Driver"],"picked":"White Noise","floor":14.0},{"not_picked":["Multi-Cast","Rainbow"],"picked":"Core Surge","floor":16},{"not_picked":[],"picked":"Ball Lightning","floor":18},{"not_picked":[],"picked":"Stack+1","floor":20},{"not_picked":[],"picked":"Leap","floor":23}],"player_experience":329424,"relics_obtained":[{"floor":7.0,"key":"Meat on the Bone"},{"floor":9.0,"key":"Kunai"},{"floor":12.0,"key":"Odd Mushroom"},{"floor":14.0,"key":"Tiny Chest"}],"event_choices":[{"event_name":"Match and Keep!","player_choice":"4 cards matched","floor":4.0,"damage_taken":0.0},{"event_name":"Golden Idol","player_choice":"Take Damage","floor":5.0,"damage_taken":0.0},{"event_name":"Mushrooms","player_choice":"Fought Mushrooms","floor":12.0,"damage_taken":0.0},{"event_name":"Nest","player_choice":"Stole From Cult","floor":21,"damage_taken":0}],"boss_relics":[{"not_picked":["Eternal Feather","Snecko Eye"],"picked":"Busted Crown"}],"items_purged_floors":[19],"is_endless":false,"potions_floor_spawned":[1,7,8,11,14,20,23],"killed_by":"Gremlin Leader","ascension_level":11}