{"gold_per_floor":[215,215,230,73,23,23,23,23,23,83,83,119,132,151,151,151],"floor_reached":16,"playtime":740,"items_purged":[],"score":113,"play_id":"61a8cd2a-8bc4-42f5-ba56-f9e2a73642f9","local_time":"20180915230735","is_ascension_mode":true,"campfire_choices":[{"data":"True Grit","floor":6,"key":"SMITH"},{"data":"Whirlwind","floor":8,"key":"SMITH"},{"data":"True Grit","floor":15,"key":"SMITH"}],"neow_cost":"NONE","seed_source_timestamp":9442092739948,"circlet_count":0,"master_deck":["Strike_R","Strike_R","Strike_R+1","Strike_R","Defend_R","Defend_R","Defend_R","Bash+1","Whirlwind+1","True Grit+1","Metallicize","Limit Break","True Grit+1","Pummel"],"relics":["Burning Blood","Blood Vial","Bottled Flame","Tiny Chest","Golden Idol","Strawberry"],"potions_floor_usage":[12],"damage_taken":[{"damage":10,"enemies":"Jaw Worm","floor":1,"turns":6},{"damage":1,"enemies":"Cultist","floor":3,"turns":4},{"damage":39,"enemies":"Lagavulin","floor":10,"turns":10},{"damage":9,"enemies":"3 Sentries","floor":12,"turns":3},{"damage":0,"enemies":"2 Louse","floor":13,"turns":1},{"damage":0,"enemies":"Gremlin Gang","floor":14,"turns":1},{"damage":52,"enemies":"Slime Boss","floor":16,"turns":7}],"seed_played":"-2601293086523283221","potions_obtained":[{"floor":1,"key":"GamblersBrew"},{"floor":10,"key":"Strength Potion"},{"floor":14,"key":"Regen Potion"}],"is_trial":false,"path_per_floor":["M","?","M","$","?","R","?","R","T","E","?","E","M","M","R"],"character_chosen":"IRONCLAD","items_purchased":["Blood Vial"],"campfire_rested":0,"item_purchase_floors":[4],"current_hp_per_floor":[76,69,74,74,74,74,58,58,58,27,27,33,41,49,49,0],"gold":151,"neow_bonus":"HUNDRED_GOLD","is_prod":false,"is_daily":false,"chose_seed":false,"campfire_upgraded":3,"win_rate":0,"timestamp":1537018655,"path_taken":["M","?","?","$","?","R","?","R","T","E","?","E","M","M","R","BOSS"],"build_version":"2018-09-06","purchased_purges":0,"victory":false,"max_hp_per_floor":[80,80,80,80,80,80,80,80,80,80,74,81,81,81,81,81],"card_choices":[{"not_picked":["Sentinel","Cleave"],"picked":"Whirlwind","floor":1},{"not_picked":["Power Through","Twin Strike"],"picked":"True Grit","floor":3},{"not_picked":["Ghostly Armor","Anger"],"picked":"Metallicize","floor":10},{"not_picked":["Anger","Flex"],"picked":"Limit Break","floor":12},{"not_picked":["Headbutt","Uppercut"],"picked":"True Grit","floor":13},{"not_picked":["Flame Barrier","Dropkick"],"picked":"Pummel","floor":14}],"player_experience":376251,"relics_obtained":[{"floor":9,"key":"Bottled Flame"},{"floor":10,"key":"Tiny Chest"},{"floor":12,"key":"Strawberry"}],"event_choices":[{"event_name":"Golden Wing","player_choice":"Card Removal","floor":2,"damage_taken":0},{"event_name":"The Cleric","player_choice":"Card Removal","floor":5,"damage_taken":0},{"event_name":"Shining Light","player_choice":"Entered Light","floor":7,"damage_taken":0},{"event_name":"Golden Idol","player_choice":"Lose Max HP","floor":11,"damage_taken":0}],"is_beta":false,"boss_relics":[],"items_purged_floors":[],"is_endless":false,"potions_floor_spawned":[1,10,14],"killed_by":"Slime Boss","ascension_level":1}