{"gold_per_floor":[111,36,48,58,15,15,32,107,107,134,184,184],"floor_reached":12,"playtime":287,"items_purged":[],"score":152,"play_id":"552a7e28-5e0b-41cc-af8e-f863379c6b2c","local_time":"20190207182244","is_ascension_mode":true,"campfire_choices":[{"data":"Zap","floor":6.0,"key":"SMITH"}],"neow_cost":"NONE","seed_source_timestamp":360823453790897,"circlet_count":0,"master_deck":["AscendersBane","Strike_B","Strike_B","Strike_B","Defend_B","Defend_B","Defend_B","Defend_B","Zap+1","Dualcast","Sweeping Beam","Gash","Capacitor","Genetic Algorithm","Doom and Gloom","Gash"],"special_seed":0,"relics":["Cracked Core","NeowsBlessing","Kunai","Peace Pipe"],"potions_floor_usage":[10,12],"damage_taken":[{"damage":0.0,"enemies":"2 Louse","floor":1.0,"turns":1.0},{"damage":0.0,"enemies":"Jaw Worm","floor":3.0,"turns":1.0},{"damage":0.0,"enemies":"Cultist","floor":4.0,"turns":1.0},{"damage":11.0,"enemies":"Looter","floor":7.0,"turns":3.0},{"damage":40,"enemies":"Gremlin Nob","floor":10,"turns":5},{"damage":2,"enemies":"Large Slime","floor":12,"turns":3}],"seed_played":"-519868120535369654","potions_obtained":[{"floor":3.0,"key":"Ancient Potion"},{"floor":10,"key":"Energy Potion"}],"is_trial":false,"path_per_floor":["M","?","M","M","$","R","M","?","T","E","?","M"],"character_chosen":"DEFECT","items_purchased":["Genetic Algorithm"],"campfire_rested":0,"item_purchase_floors":[5],"current_hp_per_floor":[64,64,64,64,64,64,53,42,42,2,2,0],"gold":184,"neow_bonus":"THREE_ENEMY_KILL","is_prod":false,"is_daily":false,"chose_seed":false,"campfire_upgraded":1,"win_rate":0,"timestamp":1549581764,"path_taken":["M","?","M","M","$","R","M","?","T","E","?","M"],"build_version":"2019-01-23","purchased_purges":0,"victory":false,"max_hp_per_floor":[71,71,71,71,71,71,71,71,71,71,71,71],"card_choices":[{"not_picked":["Beam Cell","Rebound"],"picked":"Sweeping Beam","floor":1.0},{"not_picked":["Skim","Steam"],"picked":"Gash","floor":3.0},{"not_picked":["Rip and Tear","Compile Driver"],"picked":"Capacitor","floor":4.0},{"not_picked":["Lockon","Double Energy"],"picked":"Doom and Gloom","floor":7.0},{"not_picked":["Doom and Gloom","Amplify"],"picked":"Gash","floor":10}],"player_experience":2338173,"relics_obtained":[{"floor":9.0,"key":"Kunai"},{"floor":10,"key":"Peace Pipe"}],"event_choices":[{"cards_removed":["Strike_B"],"damage_healed":0.0,"max_hp_gain":0.0,"max_hp_loss":0.0,"gold_gain":0.0,"event_name":"The Cleric","player_choice":"Card Removal","floor":2.0,"gold_loss":75.0,"damage_taken":0.0},{"damage_healed":0.0,"max_hp_gain":0.0,"max_hp_loss":0.0,"gold_gain":75.0,"event_name":"World of Goop","player_choice":"Gather Gold","floor":8.0,"gold_loss":0.0,"damage_taken":11.0},{"damage_healed":0,"gold_gain":50,"player_choice":"Pray","damage_taken":0,"max_hp_gain":0,"max_hp_loss":0,"event_name":"Golden Shrine","floor":11,"gold_loss":0}],"is_beta":false,"boss_relics":[],"items_purged_floors":[],"is_endless":false,"potions_floor_spawned":[3,10],"killed_by":"Large Slime","ascension_level":19}