{"gold_per_floor":[360,19,35,52,67,67,94,94,94,105,124,124,124,48,48,119,119,138,138,156,55,55,55,75,75,75,102,114,114,8,28,28,102,102,120,43,43,54,54,79,79,79],"floor_reached":42,"playtime":1858,"items_purged":["Strike_B"],"score":908,"play_id":"fcb6d4a6-0798-417f-9406-4c1b7c0c0b33","local_time":"20190204163817","is_ascension_mode":true,"campfire_choices":[{"floor":6,"key":"REST"},{"floor":13,"key":"REST"},{"data":"Beam Cell","floor":15,"key":"SMITH"},{"data":"Echo Form","floor":23,"key":"SMITH"},{"floor":25,"key":"REST"},{"floor":32,"key":"REST"}],"neow_cost":"TEN_PERCENT_HP_LOSS","seed_source_timestamp":93840292942555,"circlet_count":0,"master_deck":["AscendersBane","Strike_B","Strike_B","Defend_B","Defend_B","Defend_B","Defend_B","Zap","Dualcast","Rip and Tear","Gash","Scrape","Go for the Eyes","Go for the Eyes","BootSequence","Beam Cell+1","Gash","Go for the Eyes","Scrape","Echo Form+1","Gash","Scrape","Turbo","Steam","Rebound","Flash of Steel","Hologram+1","Seek","Turbo+1","BootSequence","Conserve Battery","Madness","Madness","Chill+1","Doubt"],"relics":["Cracked Core","Lee\u0027s Waffle","Letter Opener","Unceasing Top","Ice Cream","Sozu","Bottled Lightning","Orichalcum","Eternal Feather","Juzu Bracelet"],"potions_floor_usage":[7,10,12,18],"damage_taken":[{"damage":0,"enemies":"Cultist","floor":1,"turns":3},{"damage":16,"enemies":"2 Louse","floor":3,"turns":2},{"damage":0,"enemies":"Small Slimes","floor":4,"turns":2},{"damage":21,"enemies":"Exordium Thugs","floor":5,"turns":5},{"damage":17,"enemies":"3 Sentries","floor":7,"turns":6},{"damage":0,"enemies":"Large Slime","floor":10,"turns":3},{"damage":0,"enemies":"Blue Slaver","floor":11,"turns":2},{"damage":0,"enemies":"Lots of Slimes","floor":12,"turns":1},{"damage":38,"enemies":"Slime Boss","floor":16,"turns":10},{"damage":0,"enemies":"3 Byrds","floor":18,"turns":3},{"damage":14,"enemies":"Shell Parasite","floor":20,"turns":3},{"damage":36,"enemies":"Snake Plant","floor":24,"turns":4},{"damage":0,"enemies":"Shelled Parasite and Fungi","floor":28,"turns":2},{"damage":14,"enemies":"3 Cultists","floor":31,"turns":4},{"damage":35,"enemies":"Collector","floor":33,"turns":6},{"damage":41,"enemies":"3 Shapes","floor":35,"turns":5},{"damage":0,"enemies":"3 Darklings","floor":38,"turns":2},{"damage":45,"enemies":"Nemesis","floor":40,"turns":7},{"damage":62,"enemies":"Transient","floor":42,"turns":6}],"seed_played":"9036588927445572552","potions_obtained":[{"floor":1,"key":"SteroidPotion"},{"floor":5,"key":"Swift Potion"},{"floor":7,"key":"Fire Potion"},{"floor":11,"key":"SmokeBomb"},{"floor":16,"key":"LiquidBronze"}],"is_trial":false,"path_per_floor":["M","$","M","M","M","R","E","?","T","M","M","M","R","$","R","B",null,"M","?","M","$","?","R","M","R","T","T","M","?","$","M","R","B",null,"M","$","?","M","?","E","?","M"],"character_chosen":"DEFECT","items_purchased":["Lee\u0027s Waffle","Gash","Scrape","Scrape","Turbo","Flash of Steel","BootSequence"],"campfire_rested":4,"item_purchase_floors":[2,2,2,14,21,30,36],"current_hp_per_floor":[64,71,55,55,34,55,38,38,38,38,38,38,59,59,59,21,59,59,59,45,45,45,45,9,30,30,30,30,30,30,16,37,2,54,13,13,58,58,48,3,58,0],"gold":79,"neow_bonus":"TWO_FIFTY_GOLD","is_prod":false,"is_daily":false,"chose_seed":false,"campfire_upgraded":2,"win_rate":0,"timestamp":1549316297,"path_taken":["M","$","?","M","M","R","E","?","T","M","M","M","R","?","R","BOSS","M","?","M","?","?","R","M","R","T","?","?","?","$","M","R","BOSS","M","$","?","M","?","E","?","M"],"build_version":"2019-01-23","purchased_purges":1,"victory":false,"max_hp_per_floor":[64,71,71,71,71,71,71,71,71,71,71,71,71,71,71,71,71,71,71,71,71,71,71,71,71,71,71,71,71,71,71,71,71,71,71,71,58,58,58,58,58,58],"card_choices":[{"not_picked":["FTL","Turbo"],"picked":"Rip and Tear","floor":1},{"not_picked":["Chaos","Barrage"],"picked":"Go for the Eyes","floor":3},{"not_picked":["Blizzard","Compile Driver"],"picked":"Go for the Eyes","floor":4},{"not_picked":["Steam","Melter"],"picked":"BootSequence","floor":5},{"not_picked":["Chaos","Compile Driver"],"picked":"Beam Cell","floor":7},{"not_picked":["Compile Driver","Beam Cell"],"picked":"Gash","floor":10},{"not_picked":["Genetic Algorithm","Conserve Battery"],"picked":"Go for the Eyes","floor":11},{"not_picked":["Reboot","Seek"],"picked":"Echo Form","floor":16},{"not_picked":["Barrage","Lockon"],"picked":"Gash","floor":18},{"not_picked":["Defragment","Double Energy+1"],"picked":"Scrape","floor":20},{"not_picked":["Auto Shields","Hologram"],"picked":"Steam","floor":24},{"not_picked":["Barrage","Creative AI"],"picked":"Rebound","floor":28},{"not_picked":["Steam","Chill"],"picked":"Hologram+1","floor":31},{"not_picked":["Multi-Cast","Core Surge"],"picked":"Seek","floor":33},{"not_picked":["Defragment+1","Heatsinks"],"picked":"Turbo+1","floor":35},{"not_picked":["Stack+1","Leap"],"picked":"Conserve Battery","floor":38},{"not_picked":["White Noise","Go for the Eyes+1"],"picked":"Chill+1","floor":40}],"player_experience":2315262,"relics_obtained":[{"floor":7,"key":"Letter Opener"},{"floor":9,"key":"Ice Cream"},{"floor":26,"key":"Bottled Lightning"},{"floor":27,"key":"Orichalcum"},{"floor":40,"key":"Juzu Bracelet"}],"event_choices":[{"damage_healed":0,"gold_gain":0,"player_choice":"Gave Potion","damage_taken":0,"relics_obtained":["Unceasing Top"],"max_hp_gain":0,"max_hp_loss":0,"event_name":"WeMeetAgain","floor":8,"gold_loss":0},{"damage_healed":0,"gold_gain":0,"player_choice":"Ignored","damage_taken":0,"max_hp_gain":0,"max_hp_loss":0,"event_name":"Vampires","floor":19,"gold_loss":0},{"damage_healed":0,"gold_gain":0,"player_choice":"Ignored","damage_taken":0,"max_hp_gain":0,"max_hp_loss":0,"event_name":"Ghosts","floor":22,"gold_loss":0},{"cards_removed":["Strike_B"],"damage_healed":0,"gold_gain":0,"player_choice":"Purged","damage_taken":0,"max_hp_gain":0,"max_hp_loss":0,"event_name":"Purifier","floor":29,"gold_loss":0},{"damage_healed":58,"gold_gain":0,"player_choice":"Heal","damage_taken":0,"max_hp_gain":0,"max_hp_loss":13,"event_name":"The Moai Head","floor":37,"gold_loss":0},{"damage_healed":0,"gold_gain":0,"player_choice":"Embrace Madness","damage_taken":10,"max_hp_gain":0,"max_hp_loss":0,"event_name":"Winding Halls","floor":39,"gold_loss":0,"cards_obtained":["Madness","Madness"]},{"damage_healed":55,"gold_gain":0,"player_choice":"Heal","damage_taken":0,"max_hp_gain":0,"max_hp_loss":0,"event_name":"MindBloom","floor":41,"gold_loss":0,"cards_obtained":["Doubt"]}],"is_beta":false,"boss_relics":[{"not_picked":["Pandora\u0027s Box","Coffee Dripper"],"picked":"Sozu"},{"not_picked":["Runic Pyramid","Snecko Eye"],"picked":"Eternal Feather"}],"items_purged_floors":[21],"is_endless":false,"potions_floor_spawned":[1,5,7,11,16,24,28,31,33,35,38,40],"killed_by":"Transient","ascension_level":19}