{"gold_per_floor":[116,132,151,151,161,161,196,196,219,219,219,27,47,59,59,159,159,176,189,33,33],"floor_reached":21,"playtime":1029,"items_purged":["Strike_B"],"score":244,"play_id":"fc81c03a-6139-40b1-8f4c-0dc2ee754210","local_time":"20180629145820","is_ascension_mode":true,"campfire_choices":[{"floor":6,"key":"REST"},{"floor":8,"key":"REST"},{"data":"Defragment","floor":10,"key":"SMITH"},{"floor":15,"key":"REST"}],"neow_cost":"NONE","seed_source_timestamp":414729504503929,"circlet_count":0,"master_deck":["Strike_B","Strike_B","Defend_B","Defend_B","Defend_B","Defend_B","Zap","Dualcast","Defragment+1","Cold Snap","Tempest","Defragment","Creative AI","Self Repair","Electrodynamics","Self Repair","Doom and Gloom"],"relics":["Cracked Core","Potion Belt","Boot","Strawberry","Happy Flower","Lizard Tail"],"potions_floor_usage":[7,18],"damage_taken":[{"damage":1,"enemies":"Cultist","floor":1,"turns":3},{"damage":11,"enemies":"2 Louse","floor":2,"turns":3},{"damage":7,"enemies":"Jaw Worm","floor":3,"turns":3},{"damage":5,"enemies":"Red Slaver","floor":5,"turns":3},{"damage":10,"enemies":"3 Sentries","floor":7,"turns":6},{"damage":19,"enemies":"Large Slime","floor":13,"turns":5},{"damage":22,"enemies":"3 Louse","floor":14,"turns":5},{"damage":62,"enemies":"The Guardian","floor":16,"turns":11},{"damage":22,"enemies":"2 Thieves","floor":18,"turns":3},{"damage":50,"enemies":"Shell Parasite","floor":19,"turns":9},{"damage":58,"enemies":"Cultist and Chosen","floor":21,"turns":5}],"seed_played":"5456358231983232975","potions_obtained":[{"floor":1,"key":"Block Potion"},{"floor":5,"key":"Fire Potion"},{"floor":16,"key":"Poison Potion"}],"is_trial":false,"path_per_floor":["M","M","M","?","M","R","E","R","T","R","?","$","M","M","R","B",null,"M","M","$"],"character_chosen":"DEFECT","items_purchased":["Defragment","Happy Flower","Doom and Gloom"],"campfire_rested":3,"item_purchase_floors":[12,12,20],"current_hp_per_floor":[67,56,49,49,44,66,56,75,82,82,82,82,63,41,65,10,64,49,55,55,0],"gold":33,"neow_bonus":"RANDOM_COMMON_RELIC","is_prod":false,"is_daily":false,"chose_seed":false,"campfire_upgraded":1,"win_rate":0,"timestamp":1530298700,"path_taken":["M","M","M","?","M","R","E","R","T","R","?","$","?","?","R","BOSS","M","M","?","M"],"build_version":"2018-06-28","purchased_purges":1,"victory":false,"max_hp_per_floor":[75,75,75,75,75,75,75,75,82,82,82,82,82,82,82,82,82,82,82,82,82],"card_choices":[{"not_picked":["Force Field","Beam Cell"],"picked":"Defragment","floor":1},{"not_picked":["Skim","Leap"],"picked":"Cold Snap","floor":2},{"not_picked":["Beam Cell","Steam","Go for the Eyes"],"picked":"SKIP","floor":3},{"not_picked":["Turbo","Gash"],"picked":"Tempest","floor":5},{"not_picked":["Turbo","Steam","Beam Cell"],"picked":"SKIP","floor":7},{"not_picked":["Static Discharge","Leap"],"picked":"Creative AI","floor":13},{"not_picked":["Sunder","Ball Lightning"],"picked":"Self Repair","floor":14},{"not_picked":["Hyperbeam","Seek"],"picked":"Electrodynamics","floor":16},{"not_picked":["Steam+1","Double Energy"],"picked":"Self Repair","floor":18},{"not_picked":["Rebound","Turbo","Leap"],"picked":"SKIP","floor":19}],"player_experience":862607,"relics_obtained":[{"floor":7,"key":"Boot"},{"floor":9,"key":"Strawberry"}],"event_choices":[{"event_name":"Purifier","player_choice":"One Purge","floor":4,"damage_taken":0},{"event_name":"Liars Game","player_choice":"disagreed","floor":11,"damage_taken":0}],"boss_relics":[{"not_picked":["Black Star","Snecko Eye"],"picked":"Lizard Tail"}],"items_purged_floors":[20],"is_endless":false,"potions_floor_spawned":[1,5,16],"killed_by":"Cultist and Chosen","ascension_level":7}