{"gold_per_floor":[113,113,132,151,22,22,49,49,73,101,113,138,212,256,268,379,391,413,340,352,384,409,421,358,383,422,434,456,485,25,39,39,39],"floor_reached":33,"playtime":1359,"items_purged":["Strike_B","Hologram"],"score":355,"play_id":"2df0e481-cedc-453d-9c6b-62887a3d9224","local_time":"20181108234026","is_ascension_mode":true,"campfire_choices":[{"data":"Beam Cell","floor":6,"key":"SMITH"},{"data":"Glacier","floor":8,"key":"SMITH"},{"floor":11,"key":"REST"},{"data":"Undo","floor":15,"key":"SMITH"},{"floor":23,"key":"REST"},{"floor":32,"key":"REST"}],"neow_cost":"NONE","seed_source_timestamp":85433467685485,"circlet_count":0,"master_deck":["Strike_B","Strike_B","Strike_B","Defend_B","Defend_B","Defend_B","Zap","Dualcast","Electrodynamics","FTL","Cold Snap","Doom and Gloom","Beam Cell+1","Glacier+1","Genetic Algorithm","Undo+1","Biased Cognition","Impatience","Skim+1","Ball Lightning","Defragment"],"relics":["Cracked Core","PreservedInsect","MawBank","Pocketwatch","Busted Crown","Letter Opener","Ancient Tea Set","Bottled Flame","Question Card"],"potions_floor_usage":[12,14,16,25,33,33],"damage_taken":[{"damage":12,"enemies":"2 Louse","floor":1,"turns":3},{"damage":7,"enemies":"Small Slimes","floor":3,"turns":2},{"damage":0,"enemies":"Cultist","floor":4,"turns":3},{"damage":15,"enemies":"3 Sentries","floor":7,"turns":3},{"damage":0,"enemies":"Blue Slaver","floor":10,"turns":3},{"damage":8,"enemies":"Large Slime","floor":12,"turns":4},{"damage":0,"enemies":"Gremlin Nob","floor":14,"turns":4},{"damage":34,"enemies":"Hexaghost","floor":16,"turns":13},{"damage":1,"enemies":"2 Thieves","floor":18,"turns":4},{"damage":0,"enemies":"Spheric Guardian","floor":21,"turns":3},{"damage":9,"enemies":"Snake Plant","floor":22,"turns":5},{"damage":8,"enemies":"Centurion and Healer","floor":25,"turns":6},{"damage":12,"enemies":"3 Cultists","floor":28,"turns":3},{"damage":24,"enemies":"Snake Plant","floor":29,"turns":5},{"damage":0,"enemies":"Snecko","floor":31,"turns":4},{"damage":58,"enemies":"Champ","floor":33,"turns":12}],"seed_played":"-6519669640074972177","potions_obtained":[{"floor":4,"key":"Weak Potion"},{"floor":12,"key":"Weak Potion"},{"floor":14,"key":"SpeedPotion"},{"floor":22,"key":"Weak Potion"},{"floor":29,"key":"SkillPotion"},{"floor":31,"key":"Poison Potion"}],"is_trial":false,"path_per_floor":["M","?","M","M","$","R","E","R","T","M","R","M","?","E","R","B",null,"M","?","?","M","M","R","?","M","T","T","M","M","$","M","R","B"],"character_chosen":"DEFECT","items_purchased":["Beam Cell","Defragment","Question Card","PowerPotion"],"campfire_rested":3,"item_purchase_floors":[5,30,30,30],"current_hp_per_floor":[63,68,61,61,61,61,46,46,46,46,70,62,62,62,62,28,67,66,66,50,50,41,65,65,57,57,57,45,21,21,21,45,0],"gold":39,"neow_bonus":"ONE_RANDOM_RARE_CARD","is_prod":false,"is_daily":false,"chose_seed":false,"campfire_upgraded":3,"win_rate":0,"timestamp":1541742026,"path_taken":["M","?","M","M","$","R","E","R","T","M","R","M","?","E","R","BOSS","M","?","?","M","?","R","?","M","T","?","M","M","$","M","R","BOSS"],"build_version":"2018-11-08","purchased_purges":2,"victory":false,"max_hp_per_floor":[75,80,80,80,80,80,80,80,80,80,80,80,80,80,80,80,80,80,80,80,80,80,80,80,80,80,80,80,80,80,80,80,80],"card_choices":[{"not_picked":["Beam Cell","Blizzard"],"picked":"FTL","floor":1},{"not_picked":["Go for the Eyes","Barrage"],"picked":"Cold Snap","floor":3},{"not_picked":["Barrage","Reinforced Body"],"picked":"Doom and Gloom","floor":4},{"not_picked":["Rebound","Stack"],"picked":"Glacier","floor":7},{"not_picked":["Beam Cell","Reprogram"],"picked":"Genetic Algorithm","floor":10},{"not_picked":["Compile Driver","Conserve Battery"],"picked":"Undo","floor":12},{"not_picked":["Force Field","Glacier"],"picked":"Hologram","floor":14},{"not_picked":["Creative AI","Reboot"],"picked":"Biased Cognition","floor":16},{"not_picked":["Compile Driver"],"picked":"SKIP","floor":18},{"not_picked":[],"picked":"Skim+1","floor":21},{"not_picked":["Double Energy+1"],"picked":"SKIP","floor":22},{"not_picked":["Streamline"],"picked":"SKIP","floor":25},{"not_picked":["White Noise"],"picked":"SKIP","floor":28},{"not_picked":[],"picked":"Ball Lightning","floor":29},{"not_picked":["Cold Snap+1","Conserve Battery"],"picked":"SKIP","floor":31}],"player_experience":523055,"relics_obtained":[{"floor":7,"key":"PreservedInsect"},{"floor":9,"key":"MawBank"},{"floor":14,"key":"Pocketwatch"},{"floor":26,"key":"Ancient Tea Set"},{"floor":27,"key":"Bottled Flame"}],"event_choices":[{"damage_healed":0,"gold_gain":0,"player_choice":"Donut","damage_taken":0,"max_hp_gain":5,"max_hp_loss":0,"event_name":"Big Fish","floor":2,"gold_loss":0},{"damage_healed":0,"gold_gain":62,"player_choice":"Gained Gold","damage_taken":0,"max_hp_gain":0,"max_hp_loss":0,"event_name":"Golden Wing","floor":13,"gold_loss":0},{"damage_healed":0,"gold_gain":0,"player_choice":"Obtained Relic","damage_taken":0,"relics_obtained":["Letter Opener"],"max_hp_gain":0,"max_hp_loss":0,"event_name":"Addict","floor":19,"gold_loss":85},{"damage_healed":0,"gold_gain":0,"player_choice":"CARD ","damage_taken":16,"max_hp_gain":0,"max_hp_loss":0,"event_name":"Knowing Skull","floor":20,"potions_obtained":[],"gold_loss":0,"cards_obtained":["Impatience"]},{"damage_healed":0,"gold_gain":0,"player_choice":"CARD ","damage_taken":16,"max_hp_gain":0,"max_hp_loss":0,"event_name":"Knowing Skull","floor":20,"potions_obtained":[],"gold_loss":0,"cards_obtained":["Impatience"]},{"cards_removed":["Defend_B"],"damage_healed":0,"gold_gain":0,"player_choice":"Gave Gold","damage_taken":0,"max_hp_gain":0,"max_hp_loss":0,"event_name":"Beggar","floor":24,"gold_loss":75}],"is_beta":true,"boss_relics":[{"not_picked":["Snecko Eye","Orrery"],"picked":"Busted Crown"}],"items_purged_floors":[5,30],"is_endless":false,"potions_floor_spawned":[4,12,14,22,29,31],"killed_by":"Champ","ascension_level":5}