{"gold_per_floor":[114,47,62,62,62,92,102,102,176,101,115,129,99],"floor_reached":13,"playtime":702,"items_purged":["Defend_B"],"score":85,"play_id":"98e1a4f4-31da-4cf4-8719-462a52852fd1","local_time":"20190126154831","is_ascension_mode":false,"campfire_choices":[],"neow_cost":"NONE","seed_source_timestamp":1291079175796675,"circlet_count":0,"master_deck":["Strike_B","Strike_B","Strike_B","Strike_B","Defend_B","Defend_B","Defend_B","Zap","Dualcast","Trip","Rebound","Genetic Algorithm","Rebound","Conserve Battery","Go for the Eyes"],"relics":["Cracked Core","GremlinMask","Boot","Question Card"],"potions_floor_usage":[12],"damage_taken":[{"damage":2,"enemies":"2 Louse","floor":1,"turns":2},{"damage":1,"enemies":"Cultist","floor":3,"turns":3},{"damage":54,"enemies":"Lagavulin","floor":6,"turns":7},{"damage":0,"enemies":"Small Slimes","floor":7,"turns":3},{"damage":2,"enemies":"Blue Slaver","floor":11,"turns":3},{"damage":14,"enemies":"Gremlin Gang","floor":12,"turns":4},{"damage":13,"enemies":"Exordium Thugs","floor":13,"turns":2}],"seed_played":"6688864258327530963","potions_obtained":[{"floor":1,"key":"Poison Potion"},{"floor":7,"key":"FocusPotion"},{"floor":12,"key":"FocusPotion"}],"is_trial":false,"path_per_floor":["M","$","M","?","?","E","M","?","T","$","M","M","M"],"character_chosen":"DEFECT","items_purchased":["Genetic Algorithm"],"campfire_rested":0,"item_purchase_floors":[2],"current_hp_per_floor":[73,73,72,77,77,23,23,28,28,28,26,12,0],"gold":99,"neow_bonus":"RANDOM_COLORLESS","is_prod":false,"is_daily":false,"chose_seed":false,"campfire_upgraded":0,"win_rate":0,"timestamp":1548546511,"path_taken":["M","$","M","?","?","E","?","?","T","$","M","M","M"],"build_version":"2019-01-23","purchased_purges":1,"victory":false,"max_hp_per_floor":[75,75,75,80,80,80,80,80,80,80,80,80,80],"card_choices":[{"not_picked":["Tempest","Recycle"],"picked":"Rebound","floor":1},{"not_picked":["Compile Driver","Beam Cell"],"picked":"Rebound","floor":3},{"not_picked":["Streamline","Reboot"],"picked":"Coolheaded","floor":6},{"not_picked":["Barrage","Sweeping Beam"],"picked":"Conserve Battery","floor":7},{"not_picked":["Stack","Consume","Aggregate","Turbo"],"picked":"SKIP","floor":11},{"not_picked":["Force Field","Streamline","Cold Snap"],"picked":"Go for the Eyes","floor":12}],"player_experience":158831,"relics_obtained":[{"floor":6,"key":"Boot"},{"floor":9,"key":"Question Card"}],"event_choices":[{"damage_healed":0,"gold_gain":0,"player_choice":"Donut","damage_taken":0,"max_hp_gain":5,"max_hp_loss":0,"event_name":"Big Fish","floor":4,"gold_loss":0},{"damage_healed":0,"gold_gain":0,"player_choice":"Trade","damage_taken":0,"relics_obtained":["GremlinMask"],"max_hp_gain":0,"max_hp_loss":0,"event_name":"FaceTrader","floor":5,"gold_loss":0},{"cards_removed":["Coolheaded"],"damage_healed":5,"gold_gain":0,"player_choice":"Offered Common","damage_taken":0,"max_hp_gain":0,"max_hp_loss":0,"event_name":"Bonfire Elementals","floor":8,"gold_loss":0},{"cards_removed":["Coolheaded"],"damage_healed":5,"gold_gain":0,"player_choice":"Offered Special","damage_taken":0,"max_hp_gain":0,"max_hp_loss":0,"event_name":"Bonfire Elementals","floor":8,"gold_loss":0}],"is_beta":false,"boss_relics":[],"items_purged_floors":[10],"is_endless":false,"potions_floor_spawned":[1,7,12],"killed_by":"Exordium Thugs","ascension_level":0}