{"path_per_floor":["M","$","?","?","?","R","E","R","T","E","R","M","M","M","R"],"character_chosen":"IRONCLAD","items_purchased":["Heavy Blade","Flex"],"gold_per_floor":[110,15,15,15,115,115,144,144,144,169,169,188,207,219,219,219],"floor_reached":16,"campfire_rested":2,"playtime":2540,"item_purchase_floors":[2,2],"current_hp_per_floor":[70,70,70,75,75,75,64,85,85,64,64,64,62,68,85,0],"items_purged":[],"gold":219,"score":119,"play_id":"c8015697-a190-49f9-82c1-9cfd283b7171","local_time":"20180608150709","is_prod":false,"is_daily":false,"chose_seed":false,"is_ascension_mode":true,"campfire_upgraded":2,"win_rate":0,"timestamp":1528484829,"campfire_choices":[{"data":"Heavy Blade","floor":6,"key":"SMITH"},{"floor":8,"key":"REST"},{"data":"Heavy Blade","floor":11,"key":"SMITH"},{"floor":15,"key":"REST"}],"path_taken":["M","$","?","?","?","R","E","R","T","E","R","?","M","M","R","BOSS"],"build_version":"2018-06-07","seed_source_timestamp":156666469706041,"purchased_purges":0,"victory":false,"master_deck":["Strike_R","Strike_R","Strike_R","Strike_R","Strike_R","Defend_R","Defend_R","Defend_R","Defend_R","Bash","Shrug It Off+1","Flame Barrier","Heavy Blade+1","Flex","Heavy Blade+1","Warcry","True Grit","Combust"],"max_hp_per_floor":[80,80,80,85,85,85,85,85,85,85,85,85,85,85,85,85],"relics":["Burning Blood","Letter Opener","Toolbox","Omamori"],"card_choices":[{"not_picked":["Combust","Battle Trance"],"picked":"Shrug It Off","floor":0},{"not_picked":["Armaments","Sword Boomerang"],"picked":"Flame Barrier","floor":1},{"not_picked":["Body Slam","Rage"],"picked":"Heavy Blade","floor":7},{"not_picked":["Corruption","Clash"],"picked":"Warcry","floor":10},{"not_picked":["Shrug It Off","Pummel"],"picked":"True Grit","floor":12},{"not_picked":["Twin Strike","True Grit","Headbutt"],"picked":"SKIP","floor":13},{"not_picked":["Feel No Pain","Twin Strike"],"picked":"Combust","floor":14}],"player_experience":425932,"potions_floor_usage":[12,16],"damage_taken":[{"damage":16,"enemies":"Jaw Worm","floor":1,"turns":5},{"damage":17,"enemies":"3 Sentries","floor":7,"turns":10},{"damage":27,"enemies":"Gremlin Nob","floor":10,"turns":5},{"damage":6,"enemies":"Cultist","floor":12,"turns":5},{"damage":8,"enemies":"Small Slimes","floor":13,"turns":5},{"damage":0,"enemies":"Looter","floor":14,"turns":3},{"damage":103,"enemies":"Hexaghost","floor":16,"turns":11}],"relics_obtained":[{"floor":7,"key":"Letter Opener"},{"floor":9,"key":"Toolbox"},{"floor":10,"key":"Omamori"}],"event_choices":[{"event_name":"Upgrade Shrine","player_choice":"Upgraded","floor":3,"damage_taken":0},{"event_name":"Big Fish","player_choice":"Donut","floor":4,"damage_taken":0},{"event_name":"Golden Shrine","player_choice":"Pray","floor":5,"damage_taken":0}],"boss_relics":[],"items_purged_floors":[],"potions_floor_spawned":[10,14],"seed_played":"7075350539737238075","killed_by":"Hexaghost","ascension_level":2,"potions_obtained":[{"floor":10,"key":"Block Potion"},{"floor":14,"key":"Regen Potion"}],"is_trial":false}