{"gold_per_floor":[112,126,51,65,65,65,79,143,166,195,208,208,208,229,229,308,308,323,213,230,248,42,53,64,64,64,64,64,64,76,76,76,154,154,172,172,190,28,45,45,78,78,78,0,53,53,84,84,84,84],"floor_reached":51,"playtime":3683,"items_purged":["Strike_G","Strike_G","Strike_G"],"score":1412,"play_id":"d5c2d153-a7f9-43ad-a5a7-0decbb11507d","local_time":"20190213150159","is_ascension_mode":true,"campfire_choices":[{"data":"Predator","floor":6,"key":"SMITH"},{"data":"Crippling Poison","floor":12,"key":"SMITH"},{"floor":15,"key":"REST"},{"floor":25,"key":"REST"},{"floor":27,"key":"REST"},{"data":"Deadly Poison","floor":29,"key":"SMITH"},{"data":"Burst","floor":32,"key":"SMITH"},{"floor":40,"key":"REST"},{"data":"Catalyst","floor":42,"key":"SMITH"},{"data":"Catalyst","floor":46,"key":"SMITH"},{"floor":49,"key":"REST"}],"neow_cost":"NONE","seed_source_timestamp":11287441724724,"circlet_count":0,"master_deck":["AscendersBane","Defend_G","Defend_G","Defend_G","Survivor","Neutralize","Predator+1","Slice","Deadly Poison+1","Acrobatics+1","Concentrate","Leg Sweep","Crippling Poison+1","Burst+1","Deflect","Dagger Spray+1","Expertise","Blur+1","Bullet Time","Catalyst+1","Acrobatics+1","Catalyst+1","Deadly Poison+1","PiercingWail","Setup+1"],"relics":["Ring of the Snake","Tiny Chest","Oddly Smooth Stone","Anchor","Odd Mushroom","Empty Cage","Sundial","Ninja Scroll","Runic Pyramid","Bottled Flame","Dream Catcher","Gremlin Horn","Red Mask","Potion Belt","Juzu Bracelet"],"potions_floor_usage":[8,10,16,20,24,24,24,24,33,39,39,50,50,50],"damage_taken":[{"damage":6,"enemies":"Cultist","floor":1,"turns":4},{"damage":0,"enemies":"2 Louse","floor":2,"turns":2},{"damage":0,"enemies":"Small Slimes","floor":4,"turns":4},{"damage":4,"enemies":"Blue Slaver","floor":7,"turns":4},{"damage":17,"enemies":"3 Sentries","floor":8,"turns":6},{"damage":21,"enemies":"Gremlin Nob","floor":10,"turns":4},{"damage":0,"enemies":"Gremlin Gang","floor":11,"turns":4},{"damage":6,"enemies":"The Mushroom Lair","floor":14,"turns":4},{"damage":36,"enemies":"Slime Boss","floor":16,"turns":12},{"damage":20,"enemies":"3 Byrds","floor":18,"turns":6},{"damage":9,"enemies":"Shell Parasite","floor":20,"turns":8},{"damage":0,"enemies":"Centurion and Healer","floor":21,"turns":8},{"damage":8,"enemies":"Shelled Parasite and Fungi","floor":23,"turns":8},{"damage":14,"enemies":"Sentry and Sphere","floor":24,"turns":7},{"damage":0,"enemies":"3 Cultists","floor":30,"turns":3},{"damage":42,"enemies":"Champ","floor":33,"turns":15},{"damage":0,"enemies":"3 Shapes","floor":35,"turns":4},{"damage":0,"enemies":"3 Darklings","floor":37,"turns":3},{"damage":14,"enemies":"Writhing Mass","floor":39,"turns":5},{"damage":1,"enemies":"Giant Head","floor":41,"turns":6},{"damage":0,"enemies":"Reptomancer","floor":47,"turns":2},{"damage":0,"enemies":"Awakened One","floor":50,"turns":12}],"seed_played":"4788253653003008334","potions_obtained":[{"floor":7,"key":"Explosive Potion"},{"floor":8,"key":"Regen Potion"},{"floor":11,"key":"Fire Potion"},{"floor":14,"key":"Ancient Potion"},{"floor":18,"key":"SpeedPotion"},{"floor":24,"key":"Weak Potion"},{"floor":30,"key":"Block Potion"},{"floor":35,"key":"SkillPotion"},{"floor":41,"key":"EntropicBrew"}],"is_trial":false,"path_per_floor":["M","M","$","M","?","R","M","E","T","E","M","R","?","?","R","B",null,"M","?","M","M","$","M","M","R","T","R","T","R","M","?","R","B",null,"M","T","M","$","M","R","E","R","T","?","T","R","E","?","R","B",null],"character_chosen":"THE_SILENT","items_purchased":["EntropicBrew","Catalyst"],"campfire_rested":5,"item_purchase_floors":[22,38],"current_hp_per_floor":[53,53,53,53,58,58,54,37,37,28,28,28,28,22,43,7,55,35,35,26,26,26,18,4,25,25,46,46,46,46,46,46,4,54,54,54,54,54,40,61,60,60,60,60,60,60,60,60,71,71],"gold":84,"neow_bonus":"THREE_CARDS","is_prod":false,"is_daily":false,"chose_seed":false,"campfire_upgraded":6,"win_rate":0,"timestamp":1550070119,"path_taken":["M","M","$","M","?","R","M","E","T","E","M","R","?","?","R","BOSS","M","?","M","M","$","?","M","R","T","R","?","R","M","?","R","BOSS","M","?","M","$","M","R","E","R","T","?","?","R","E","?","R","BOSS"],"build_version":"2019-02-06","purchased_purges":3,"victory":true,"max_hp_per_floor":[66,66,66,66,71,71,71,71,71,71,71,71,71,71,71,71,71,71,71,71,71,71,71,71,71,71,71,71,71,71,71,71,71,71,71,71,71,71,71,71,71,71,71,71,71,71,71,71,71,71],"card_choices":[{"not_picked":["Expertise","Slice"],"picked":"Predator","floor":0},{"not_picked":["Dodge and Roll","Deflect"],"picked":"Slice","floor":1},{"not_picked":["Slice","Underhanded Strike"],"picked":"Deadly Poison","floor":2},{"not_picked":["Accuracy","Bane"],"picked":"Acrobatics","floor":4},{"not_picked":["Flying Knee","Eviscerate"],"picked":"Poisoned Stab","floor":7},{"not_picked":["Outmaneuver","Calculated Gamble"],"picked":"Concentrate","floor":8},{"not_picked":["Deflect","Escape Plan"],"picked":"Leg Sweep","floor":10},{"not_picked":["Tactician","Quick Slash"],"picked":"Crippling Poison","floor":11},{"not_picked":["Phantasmal Killer","A Thousand Cuts"],"picked":"Burst","floor":16},{"not_picked":["Choke","Blade Dance","Expertise"],"picked":"SKIP","floor":18},{"not_picked":["Concentrate","Endless Agony"],"picked":"Deflect","floor":20},{"not_picked":["Underhanded Strike","Bane","Leg Sweep"],"picked":"SKIP","floor":21},{"not_picked":["Eviscerate","Deflect+1"],"picked":"Dagger Spray+1","floor":23},{"not_picked":["Poisoned Stab","Quick Slash"],"picked":"Expertise","floor":24},{"not_picked":["Deadly Poison","Endless Agony"],"picked":"Blur+1","floor":30},{"not_picked":["Wraith Form v2","Die Die Die"],"picked":"Bullet Time","floor":33},{"not_picked":["PiercingWail+1","Dodge and Roll"],"picked":"Catalyst","floor":35},{"not_picked":["Catalyst","Expertise+1"],"picked":"Acrobatics+1","floor":37},{"not_picked":["Slice","Backstab+1"],"picked":"Deadly Poison+1","floor":39},{"not_picked":["Slice","Masterful Stab"],"picked":"PiercingWail","floor":41},{"not_picked":["Corpse Explosion","Blade Dance"],"picked":"Setup+1","floor":47}],"player_experience":891686,"relics_obtained":[{"floor":8,"key":"Tiny Chest"},{"floor":9,"key":"Oddly Smooth Stone"},{"floor":10,"key":"Anchor"},{"floor":14,"key":"Odd Mushroom"},{"floor":26,"key":"Sundial"},{"floor":28,"key":"Ninja Scroll"},{"floor":36,"key":"Bottled Flame"},{"floor":41,"key":"Dream Catcher"},{"floor":43,"key":"Gremlin Horn"},{"floor":45,"key":"Potion Belt"},{"floor":47,"key":"Juzu Bracelet"}],"event_choices":[{"damage_healed":0,"gold_gain":0,"player_choice":"Donut","damage_taken":0,"max_hp_gain":5,"max_hp_loss":0,"event_name":"Big Fish","floor":5,"gold_loss":0},{"damage_healed":0,"gold_gain":0,"player_choice":"Ignored","damage_taken":0,"max_hp_gain":0,"max_hp_loss":0,"event_name":"Liars Game","floor":13,"gold_loss":0},{"damage_healed":0,"gold_gain":0,"player_choice":"Fought Mushrooms","damage_taken":0,"max_hp_gain":0,"max_hp_loss":0,"event_name":"Mushrooms","floor":14,"gold_loss":0},{"cards_removed":["Defend_G"],"damage_healed":0,"gold_gain":0,"player_choice":"Upgrade and Remove","damage_taken":0,"max_hp_gain":0,"max_hp_loss":0,"event_name":"Designer","floor":19,"gold_loss":110,"cards_upgraded":["Acrobatics"]},{"cards_removed":["Defend_G"],"damage_healed":0,"gold_gain":0,"player_choice":"Purged","damage_taken":0,"max_hp_gain":0,"max_hp_loss":0,"event_name":"Purifier","floor":31,"gold_loss":0},{"damage_healed":0,"gold_gain":0,"player_choice":"Paid","damage_taken":0,"relics_obtained":["Red Mask"],"max_hp_gain":0,"max_hp_loss":0,"event_name":"Tomb of Lord Red Mask","floor":44,"gold_loss":78},{"cards_removed":["Poisoned Stab"],"damage_healed":0,"gold_gain":0,"player_choice":"Removed Attack","damage_taken":0,"max_hp_gain":0,"max_hp_loss":0,"event_name":"Falling","floor":48,"gold_loss":0}],"is_beta":true,"boss_relics":[{"not_picked":["Velvet Choker","WristBlade"],"picked":"Empty Cage"},{"not_picked":["Philosopher\u0027s Stone","Astrolabe"],"picked":"Runic Pyramid"}],"items_purged_floors":[3,22,38],"is_endless":false,"potions_floor_spawned":[7,8,11,14,18,24,30,35,37,41],"ascension_level":17}