{"gold_per_floor":[112,112,112,126,144,144,184,184,207,222,236,260,260,283,283,408,408,432,456,371,391,407,506,506,575,643,657,757,527,550,550],"floor_reached":31,"playtime":1173,"items_purged":["Strike_R"],"score":378,"play_id":"5da508a1-282e-4299-8748-daa848b88db2","local_time":"20180730154952","is_ascension_mode":true,"campfire_choices":[{"floor":6,"key":"REST"},{"data":"Searing Blow","floor":8,"key":"SMITH"},{"floor":15,"key":"REST"},{"floor":24,"key":"REST"}],"neow_cost":"","seed_source_timestamp":425258213052226,"circlet_count":0,"master_deck":["Strike_R","Strike_R","Strike_R","Defend_R","Defend_R","Defend_R","Defend_R","Bash","Clash","Inflame","Thunderclap","Searing Blow+1","Carnage","Whirlwind","Clothesline","Power Through","Offering","Uppercut","Dropkick","Armaments","Spot Weakness","Inflame","Pain","Armaments+1"],"relics":["Burning Blood","Golden Idol","Strawberry","Ornamental Fan","Happy Flower","Cursed Key","Ice Cream","Tiny Chest","Letter Opener","Pen Nib"],"potions_floor_usage":[16,16,22,22,22,25,25,30],"damage_taken":[{"damage":5,"enemies":"Small Slimes","floor":1,"turns":4},{"damage":8,"enemies":"2 Louse","floor":4,"turns":2},{"damage":1,"enemies":"Cultist","floor":5,"turns":3},{"damage":22,"enemies":"3 Sentries","floor":7,"turns":5},{"damage":13,"enemies":"Large Slime","floor":10,"turns":4},{"damage":6,"enemies":"3 Louse","floor":11,"turns":3},{"damage":0,"enemies":"Lots of Slimes","floor":12,"turns":1},{"damage":16,"enemies":"Looter","floor":14,"turns":3},{"damage":39,"enemies":"The Guardian","floor":16,"turns":11},{"damage":16,"enemies":"Spheric Guardian","floor":18,"turns":3},{"damage":33,"enemies":"3 Byrds","floor":19,"turns":4},{"damage":22,"enemies":"Centurion and Healer","floor":21,"turns":4},{"damage":5,"enemies":"3 Cultists","floor":22,"turns":3},{"damage":15,"enemies":"Gremlin Leader","floor":25,"turns":9},{"damage":18,"enemies":"Cultist and Chosen","floor":27,"turns":5},{"damage":5,"enemies":"Centurion and Healer","floor":30,"turns":2},{"damage":31,"enemies":"Slaver and Parasite","floor":31,"turns":2}],"seed_played":"-9010034880529704064","potions_obtained":[{"floor":10,"key":"Energy Potion"},{"floor":12,"key":"Swift Potion"},{"floor":14,"key":"AttackPotion"},{"floor":21,"key":"EntropicBrew"},{"floor":27,"key":"Energy Potion"}],"is_trial":false,"path_per_floor":["M","?","?","M","M","R","E","R","T","M","M","M","?","M","R","B",null,"M","M","?","M","M","?","R","E","T","M","?","$","M"],"character_chosen":"IRONCLAD","items_purchased":["Pen Nib"],"campfire_rested":3,"item_purchase_floors":[29],"current_hp_per_floor":[73,53,53,51,56,82,66,66,66,59,59,65,58,48,74,41,76,66,39,39,23,24,24,50,41,41,29,29,29,30,0],"gold":550,"neow_bonus":"","is_prod":false,"is_daily":false,"chose_seed":false,"campfire_upgraded":1,"win_rate":0,"timestamp":1532980192,"path_taken":["M","?","?","M","M","R","E","R","T","M","M","?","?","M","R","BOSS","M","M","?","M","M","?","R","E","T","M","?","?","M","M"],"build_version":"2018-07-26","purchased_purges":1,"victory":false,"max_hp_per_floor":[80,80,87,87,87,87,87,87,87,87,87,87,87,87,87,87,87,87,87,87,87,87,87,87,87,87,87,87,87,87,87],"card_choices":[{"not_picked":["Twin Strike","Warcry"],"picked":"Clash","floor":1},{"not_picked":["Evolve","Sword Boomerang"],"picked":"Inflame","floor":4},{"not_picked":["Perfected Strike","Corruption"],"picked":"Thunderclap","floor":5},{"not_picked":["Iron Wave","Twin Strike"],"picked":"Searing Blow","floor":7},{"not_picked":["Sword Boomerang","Heavy Blade"],"picked":"Carnage","floor":10},{"not_picked":["Berserk","Reckless Charge"],"picked":"Whirlwind","floor":11},{"not_picked":["Entrench","Iron Wave"],"picked":"Clothesline","floor":12},{"not_picked":["Iron Wave","Fire Breathing"],"picked":"Power Through","floor":14},{"not_picked":["Berserk","Brutality"],"picked":"Offering","floor":16},{"not_picked":["Dropkick","Flex"],"picked":"Uppercut","floor":18},{"not_picked":["Heavy Blade","Entrench"],"picked":"Dropkick","floor":19},{"not_picked":["Flex","Clothesline+1"],"picked":"Armaments","floor":21},{"not_picked":["Anger+1","Sentinel"],"picked":"Spot Weakness","floor":22},{"not_picked":["Dark Embrace","Havoc"],"picked":"Inflame","floor":25},{"not_picked":["Heavy Blade","Flex"],"picked":"Armaments+1","floor":27},{"not_picked":["Rupture+1","Heavy Blade","Sword Boomerang"],"picked":"SKIP","floor":30}],"player_experience":1371514,"relics_obtained":[{"floor":7,"key":"Ornamental Fan"},{"floor":9,"key":"Happy Flower"},{"floor":25,"key":"Tiny Chest"},{"floor":26,"key":"Letter Opener"}],"event_choices":[{"event_name":"Golden Idol","player_choice":"Take Damage","floor":2,"damage_taken":0},{"event_name":"Scrap Ooze","player_choice":"success","floor":3,"damage_taken":7},{"event_name":"Golden Wing","player_choice":"Card Removal","floor":13,"damage_taken":0},{"event_name":"Addict","player_choice":"Obtained Relic","floor":20,"damage_taken":0},{"event_name":"Nest","player_choice":"Stole From Cult","floor":23,"damage_taken":0},{"event_name":"Golden Shrine","player_choice":"Pray","floor":28,"damage_taken":0}],"is_beta":false,"boss_relics":[{"not_picked":["Orrery","Astrolabe"],"picked":"Cursed Key"}],"items_purged_floors":[29],"is_endless":false,"potions_floor_spawned":[10,12,14,21,27],"killed_by":"Slaver and Parasite","ascension_level":9}