{"gold_per_floor":[368,368,97,111,111,111,135,151,451,451,60,81,81,81,81,201,201,226,251,126,0,0,0,0,0,0,43,67,105,105,146,146,274,274,290,290,350,300,633,633,653,316,316,326,326,340,356,356],"floor_reached":48,"playtime":4677,"items_purged":["Defend_G","Strike_G","Sucker Punch","Deflect","Neutralize+1"],"score":651,"play_id":"a86370ff-ff92-4344-9fe7-608010972aa9","local_time":"20180810164215","is_ascension_mode":false,"campfire_choices":[{"data":"Neutralize","floor":6,"key":"SMITH"},{"data":"Survivor","floor":10,"key":"SMITH"},{"data":"Strike_G","floor":15,"key":"SMITH"},{"data":"Blade Dance","floor":23,"key":"SMITH"},{"data":"Cloak And Dagger","floor":25,"key":"SMITH"},{"floor":32,"key":"DIG"},{"floor":40,"key":"DIG"}],"neow_cost":"TEN_PERCENT_HP_LOSS","seed_source_timestamp":238777614559857,"circlet_count":0,"master_deck":["Survivor+1","Footwork","Blade Dance+1","Cloak And Dagger+1","Blur","Magnetism","Infinite Blades","Escape Plan+1","Backflip+1"],"relics":["Ring of the Snake","TheAbacus","Old Coin","Sundial","Shuriken","Pandora\u0027s Box","Nunchaku","Smiling Mask","Shovel","Juzu Bracelet","Ginger","Toxic Egg 2","Black Star","Thread and Needle","Lantern","Meat on the Bone","Tough Bandages"],"potions_floor_usage":[16,18,29,37,37,44,44,46,48,48],"damage_taken":[{"damage":5,"enemies":"Small Slimes","floor":1,"turns":5},{"damage":0,"enemies":"2 Louse","floor":4,"turns":4},{"damage":0,"enemies":"Cultist","floor":7,"turns":4},{"damage":1,"enemies":"2 Fungi Beasts","floor":8,"turns":5},{"damage":0,"enemies":"Exordium Wildlife","floor":12,"turns":7},{"damage":2,"enemies":"The Guardian","floor":16,"turns":16},{"damage":0,"enemies":"2 Thieves","floor":18,"turns":5},{"damage":0,"enemies":"Shell Parasite","floor":19,"turns":5},{"damage":0,"enemies":"Gremlin Leader","floor":27,"turns":6},{"damage":0,"enemies":"Snake Plant","floor":28,"turns":5},{"damage":0,"enemies":"Slavers","floor":29,"turns":5},{"damage":0,"enemies":"Gremlin Leader","floor":31,"turns":9},{"damage":0,"enemies":"Automaton","floor":33,"turns":9},{"damage":0,"enemies":"3 Shapes","floor":35,"turns":5},{"damage":11,"floor":37,"turns":8},{"damage":0,"enemies":"Orb Walker","floor":41,"turns":4},{"damage":0,"enemies":"Flame Bruiser 2 Orb","floor":44,"turns":8},{"damage":0,"floor":45,"turns":6},{"damage":2,"enemies":"Sphere and 2 Shapes","floor":46,"turns":8},{"damage":0,"enemies":"Transient","floor":47,"turns":5},{"damage":67,"enemies":"2 Orb Walkers","floor":48,"turns":7}],"seed_played":"2353572485872414141","potions_obtained":[{"floor":7,"key":"GamblersBrew"},{"floor":8,"key":"Energy Potion"},{"floor":12,"key":"Explosive Potion"},{"floor":19,"key":"Weak Potion"},{"floor":28,"key":"Block Potion"},{"floor":29,"key":"GamblersBrew"},{"floor":36,"key":"GhostInAJar"},{"floor":36,"key":"PowerPotion"},{"floor":41,"key":"GamblersBrew"},{"floor":45,"key":"Dexterity Potion"},{"floor":46,"key":"AttackPotion"}],"is_trial":false,"path_per_floor":["M","?","$","M","?","R","M","M","T","R","$","M","$","T","R","B",null,"M","M","$","?","$","R","?","R","T","E","M","E","?","E","R","B",null,"M","?","?","$","?","R","M","$","T","M","?","M","M"],"character_chosen":"THE_SILENT","items_purchased":["TheAbacus","Sundial","Magnetism","Infinite Blades","EssenceOfSteel"],"campfire_rested":0,"item_purchase_floors":[3,11,42,42,42],"current_hp_per_floor":[58,58,58,58,43,43,43,42,42,42,42,42,42,42,42,40,63,63,63,63,63,63,63,63,63,63,63,63,63,63,63,63,63,63,63,63,52,52,52,52,52,52,52,52,56,54,54,0],"gold":356,"neow_bonus":"TWO_FIFTY_GOLD","is_prod":false,"is_daily":false,"chose_seed":false,"campfire_upgraded":5,"win_rate":0,"timestamp":1533885135,"path_taken":["M","?","$","M","?","R","M","M","T","R","$","M","?","?","R","BOSS","M","M","$","?","$","R","?","R","T","E","?","E","?","E","R","BOSS","M","?","?","$","?","R","M","$","T","M","?","M","M","E"],"build_version":"2018-08-09","purchased_purges":5,"victory":false,"max_hp_per_floor":[63,63,63,63,63,63,63,63,63,63,63,63,63,63,63,63,63,63,63,63,63,63,63,63,63,63,63,63,63,63,63,63,63,63,63,63,63,63,63,63,63,63,63,63,63,63,63,63],"card_choices":[{"not_picked":["Acrobatics","Concentrate","Quick Slash"],"picked":"SKIP","floor":1},{"not_picked":["Choke","Quick Slash","Finisher"],"picked":"SKIP","floor":4},{"not_picked":["Deadly Poison","Flying Knee","Dodge and Roll"],"picked":"SKIP","floor":7},{"not_picked":["Bouncing Flask","All Out Attack","Blur"],"picked":"SKIP","floor":8},{"not_picked":["Masterful Stab","Dagger Throw","Accuracy"],"picked":"SKIP","floor":12},{"not_picked":["Underhanded Strike","Poisoned Stab","Dagger Throw"],"picked":"SKIP","floor":18},{"not_picked":["Quick Slash","Calculated Gamble+1","Acrobatics"],"picked":"SKIP","floor":19},{"not_picked":["Dodge and Roll","Eviscerate","Crippling Poison"],"picked":"SKIP","floor":27},{"not_picked":["Escape Plan","Acrobatics","Concentrate+1"],"picked":"SKIP","floor":28},{"not_picked":["Acrobatics","Calculated Gamble","Caltrops"],"picked":"SKIP","floor":29},{"not_picked":["Finisher","Footwork","Predator+1"],"picked":"SKIP","floor":31},{"not_picked":["PiercingWail+1","Flying Knee+1","Skewer+1"],"picked":"SKIP","floor":35},{"not_picked":["Prepared+1","Dagger Spray","Dodge and Roll+1"],"picked":"SKIP","floor":41},{"not_picked":["Dagger Throw+1","Leg Sweep+1"],"picked":"Escape Plan+1","floor":44},{"not_picked":["Dagger Spray","Expertise+1"],"picked":"Backflip+1","floor":46},{"not_picked":["Dagger Throw+1","Dagger Spray+1","Predator+1"],"picked":"SKIP","floor":47}],"player_experience":299916,"relics_obtained":[{"floor":9,"key":"Old Coin"},{"floor":14,"key":"Shuriken"},{"floor":26,"key":"Smiling Mask"},{"floor":27,"key":"Shovel"},{"floor":29,"key":"Juzu Bracelet"},{"floor":31,"key":"Ginger"},{"floor":32,"key":"Toxic Egg 2"},{"floor":37,"key":"Thread and Needle"},{"floor":40,"key":"Lantern"},{"floor":43,"key":"Meat on the Bone"},{"floor":45,"key":"Tough Bandages"}],"event_choices":[{"event_name":"Living Wall","player_choice":"Forget","floor":2,"damage_taken":0},{"event_name":"Golden Idol","player_choice":"Take Damage","floor":5,"damage_taken":0},{"event_name":"Masked Bandits","player_choice":"Paid Fearfully","floor":21,"damage_taken":0},{"event_name":"The Mausoleum","player_choice":"Yes","floor":24,"damage_taken":0},{"event_name":"Back to Basics","player_choice":"Elegance","floor":30,"damage_taken":0},{"event_name":"The Lab","player_choice":"Got Potions","floor":36,"damage_taken":0},{"event_name":"Mysterious Sphere","player_choice":"Fight","floor":37,"damage_taken":0},{"event_name":"The Moai Head","player_choice":"Gave Idol","floor":39,"damage_taken":0},{"event_name":"MindBloom","player_choice":"Fight","floor":45,"damage_taken":0}],"is_beta":false,"boss_relics":[{"not_picked":["Ring of the Serpent","Orrery"],"picked":"Pandora\u0027s Box"},{"not_picked":["White Beast Statue","Velvet Choker"],"picked":"Black Star"}],"items_purged_floors":[3,11,20,38,42],"is_endless":false,"potions_floor_spawned":[7,8,12,19,28,29,35,41,45,46],"killed_by":"2 Orb Walkers","ascension_level":0}