{"gold_per_floor":[119,139,149,162,45,45,72,72,72,72,82,32,50,69,69,164,164,183,183,183,32,32,51,51,62,62,73,89,0,16,16,16,16],"floor_reached":33,"playtime":1815,"items_purged":["Writhe"],"score":301,"play_id":"8d665bce-2508-40e6-8c94-a97ff977b479","local_time":"20180702195708","is_ascension_mode":false,"campfire_choices":[{"data":"Blade Dance","floor":6,"key":"SMITH"},{"floor":8,"key":"REST"},{"floor":15,"key":"REST"},{"data":"Cloak And Dagger","floor":24,"key":"SMITH"},{"floor":32,"key":"REST"}],"neow_cost":"NONE","seed_source_timestamp":691006387965498,"circlet_count":0,"master_deck":["Defend_G","Defend_G","Defend_G","Defend_G","Defend_G","Strike_G","Strike_G","Strike_G","Strike_G","Strike_G","Survivor","Neutralize","Sucker Punch","Terror","Blade Dance+1","Slice","Backflip","Choke","Slice","Neutralize","Trip","Backstab","Finisher","Deflect","Adrenaline","Cloak And Dagger+1","Acrobatics","Slice","Slice","Dash","Acrobatics","Regret","Leg Sweep","Footwork","Parasite","Accuracy","Dash"],"relics":["Cursed Key","Smiling Mask","Letter Opener","Orrery","Boot","Torii","Ice Cream"],"potions_floor_usage":[7,16,28,28],"damage_taken":[{"damage":0,"enemies":"Jaw Worm","floor":1,"turns":6},{"damage":1,"enemies":"Cultist","floor":2,"turns":4},{"damage":0,"enemies":"2 Louse","floor":3,"turns":2},{"damage":11,"enemies":"Exordium Thugs","floor":4,"turns":6},{"damage":18,"enemies":"Gremlin Nob","floor":7,"turns":4},{"damage":2,"enemies":"Looter","floor":11,"turns":3},{"damage":5,"enemies":"Exordium Wildlife","floor":13,"turns":3},{"damage":10,"enemies":"Lots of Slimes","floor":14,"turns":3},{"damage":34,"enemies":"Hexaghost","floor":16,"turns":8},{"damage":6,"enemies":"2 Thieves","floor":18,"turns":4},{"damage":8,"enemies":"Shell Parasite","floor":23,"turns":4},{"damage":2,"enemies":"Snake Plant","floor":25,"turns":4},{"damage":10,"enemies":"Snecko","floor":27,"turns":5},{"damage":8,"enemies":"Centurion and Healer","floor":28,"turns":4},{"damage":6,"enemies":"3 Cultists","floor":30,"turns":4},{"damage":68,"enemies":"Automaton","floor":33,"turns":12}],"seed_played":"933863558293525788","potions_obtained":[{"floor":1,"key":"Fire Potion"},{"floor":2,"key":"FearPotion"},{"floor":18,"key":"SteroidPotion"},{"floor":23,"key":"Explosive Potion"},{"floor":27,"key":"Block Potion"}],"is_trial":false,"path_per_floor":["M","M","M","M","$","R","E","R","T","?","M","$","M","M","R","B",null,"M","?","?","$","T","M","R","M","T","M","M","?","M","$","R"],"character_chosen":"THE_SILENT","items_purchased":["Backflip","Choke","Boot"],"campfire_rested":3,"item_purchase_floors":[5,5,21],"current_hp_per_floor":[70,69,69,58,58,58,40,61,61,61,59,59,54,44,65,31,70,64,64,64,64,64,56,56,54,54,44,36,36,30,30,51,0],"gold":16,"neow_bonus":"BOSS_RELIC","is_prod":false,"is_daily":false,"chose_seed":false,"campfire_upgraded":2,"win_rate":0,"timestamp":1530575828,"path_taken":["M","M","M","M","$","R","E","R","T","?","M","?","?","?","R","BOSS","M","?","?","$","?","M","R","M","T","?","M","?","?","?","R","BOSS"],"build_version":"2018-06-28","purchased_purges":1,"victory":false,"max_hp_per_floor":[70,70,70,70,70,70,70,70,70,70,70,70,70,70,70,70,70,70,70,70,70,70,70,70,70,70,70,70,70,70,70,70,70],"card_choices":[{"not_picked":["Deadly Poison","Bane"],"picked":"Sucker Punch","floor":1},{"not_picked":["Sucker Punch","Escape Plan"],"picked":"Terror","floor":2},{"not_picked":["Quick Slash","Bullet Time"],"picked":"Blade Dance","floor":3},{"not_picked":["Outmaneuver","Deflect"],"picked":"Slice","floor":4},{"not_picked":["Acrobatics","Flechettes"],"picked":"Slice","floor":7},{"not_picked":["PiercingWail","Distraction"],"picked":"Backstab","floor":11},{"not_picked":["Terror","Deflect"],"picked":"Finisher","floor":13},{"not_picked":["Calculated Gamble","Sucker Punch"],"picked":"Deflect","floor":14},{"not_picked":["Grand Finale","Die Die Die"],"picked":"Adrenaline","floor":16},{"not_picked":["Skewer","Bane"],"picked":"Cloak And Dagger","floor":17},{"not_picked":["Bane","Predator"],"picked":"Acrobatics","floor":17},{"not_picked":["Dagger Throw","Leg Sweep"],"picked":"Slice","floor":17},{"not_picked":["Acrobatics","Calculated Gamble"],"picked":"Slice","floor":17},{"not_picked":["Deadly Poison","Dodge and Roll"],"picked":"Dash","floor":17},{"not_picked":["Outmaneuver","Slice"],"picked":"Acrobatics","floor":18},{"not_picked":["Flechettes","PiercingWail"],"picked":"Leg Sweep","floor":23},{"not_picked":["Reflex","Calculated Gamble"],"picked":"Footwork","floor":25},{"not_picked":["Masterful Stab","Concentrate","Flying Knee"],"picked":"SKIP","floor":27},{"not_picked":["Catalyst","Quick Slash"],"picked":"Accuracy","floor":28},{"not_picked":["Flying Knee","Sucker Punch"],"picked":"Dash","floor":30}],"player_experience":927709,"relics_obtained":[{"floor":7,"key":"Smiling Mask"},{"floor":9,"key":"Letter Opener"},{"floor":22,"key":"Torii"},{"floor":26,"key":"Ice Cream"}],"event_choices":[{"event_name":"Match and Keep!","player_choice":"2 cards matched","floor":10,"damage_taken":0},{"event_name":"N\u0027loth","player_choice":"Ignored","floor":19,"damage_taken":0},{"event_name":"Drug Dealer","player_choice":"Ignored","floor":20,"damage_taken":0},{"event_name":"Masked Bandits","player_choice":"Paid Bandits 89 gold","floor":29,"damage_taken":0}],"boss_relics":[{"not_picked":["Runic Pyramid","Calling Bell"],"picked":"Orrery"}],"items_purged_floors":[12],"is_endless":false,"potions_floor_spawned":[1,2,18,23,27],"killed_by":"Automaton","ascension_level":0}