{"gold_per_floor":[365,31,46,56,75,103,114,414,437,387,400,420,439,457,457,552,552,566,579,590,391,411,411,442,442,442,453,453,174,184,184],"floor_reached":31,"playtime":3537,"items_purged":["Dash+1","Strike_G"],"score":410,"play_id":"37e354f4-4287-44f7-a0df-6cca58efea06","local_time":"20180630100019","is_ascension_mode":true,"campfire_choices":[{"data":"Neutralize","floor":15,"key":"SMITH"},{"floor":23,"key":"REST"},{"data":"Infinite Blades","floor":25,"key":"SMITH"}],"neow_cost":"TEN_PERCENT_HP_LOSS","seed_source_timestamp":302275876237188,"circlet_count":0,"master_deck":["Defend_G+1","Strike_G","Strike_G","Strike_G","Strike_G","Survivor","Neutralize+1","Infinite Blades+1","Doppelganger","Backstab","Cloak And Dagger+1","Heel Hook","Well Laid Plans","Die Die Die","Endless Agony+1","Night Terror+1","Backflip","Dodge and Roll","Prepared+1","Cloak And Dagger","Skewer+1","Accuracy"],"relics":["Ring of the Snake","Kunai","Lantern","Old Coin","War Paint","Astrolabe","Blue Candle","Pen Nib"],"potions_floor_usage":[6,6,12,18,20,22,24],"damage_taken":[{"damage":1,"enemies":"Cultist","floor":1,"turns":5},{"damage":2,"enemies":"Jaw Worm","floor":3,"turns":4},{"damage":0,"enemies":"2 Louse","floor":4,"turns":3},{"damage":4,"enemies":"2 Fungi Beasts","floor":5,"turns":5},{"damage":29,"enemies":"Lagavulin","floor":6,"turns":9},{"damage":1,"enemies":"Blue Slaver","floor":7,"turns":5},{"damage":6,"enemies":"Exordium Wildlife","floor":11,"turns":3},{"damage":13,"enemies":"Gremlin Gang","floor":12,"turns":5},{"damage":0,"enemies":"Looter","floor":13,"turns":2},{"damage":0,"enemies":"Exordium Thugs","floor":14,"turns":5},{"damage":0,"enemies":"Hexaghost","floor":16,"turns":13},{"damage":0,"enemies":"Chosen","floor":18,"turns":4},{"damage":3,"enemies":"Spheric Guardian","floor":19,"turns":4},{"damage":10,"enemies":"Centurion and Healer","floor":20,"turns":5},{"damage":10,"enemies":"Snake Plant","floor":22,"turns":9},{"damage":3,"enemies":"Book of Stabbing","floor":24,"turns":7},{"damage":15,"enemies":"Snecko","floor":27,"turns":5},{"damage":2,"enemies":"3 Cultists","floor":30,"turns":5},{"damage":21,"enemies":"Slaver and Parasite","floor":31,"turns":1}],"seed_played":"4422684091503537067","potions_obtained":[{"floor":3,"key":"Regen Potion"},{"floor":4,"key":"Regen Potion"},{"floor":11,"key":"Energy Potion"},{"floor":14,"key":"GhostInAJar"},{"floor":16,"key":"Swift Potion"},{"floor":20,"key":"GamblersBrew"},{"floor":27,"key":"SpeedPotion"}],"is_trial":false,"path_per_floor":["M","$","M","M","M","E","M","T","T","?","M","M","M","M","R","B",null,"M","M","M","$","M","R","E","R","T","M","?","$","M"],"character_chosen":"THE_SILENT","items_purchased":["Kunai","Infinite Blades","Cloak And Dagger","GhostInAJar","Accuracy","Swift Potion","Explosive Potion"],"campfire_rested":1,"item_purchase_floors":[2,2,21,21,29,29,29],"current_hp_per_floor":[62,62,60,60,56,55,54,54,54,54,48,35,35,35,35,35,56,56,53,43,43,33,51,48,48,48,33,22,22,20,0],"gold":184,"neow_bonus":"TWO_FIFTY_GOLD","is_prod":false,"is_daily":false,"chose_seed":false,"campfire_upgraded":2,"win_rate":0,"timestamp":1530370819,"path_taken":["M","$","M","M","?","E","?","?","T","?","?","M","M","M","R","BOSS","M","M","M","$","M","R","E","R","T","?","?","$","M","M"],"build_version":"2018-06-29","purchased_purges":2,"victory":false,"max_hp_per_floor":[63,63,63,63,63,63,63,63,63,63,63,63,63,63,63,63,63,63,63,63,63,63,63,63,63,63,63,68,68,68,68],"card_choices":[{"not_picked":["Sucker Punch","Calculated Gamble","Poisoned Stab"],"picked":"SKIP","floor":1},{"not_picked":["Sucker Punch","Prepared"],"picked":"Doppelganger","floor":3},{"not_picked":["Dodge and Roll","Dagger Throw","Acrobatics"],"picked":"SKIP","floor":4},{"not_picked":["Skewer","PiercingWail"],"picked":"Backstab","floor":5},{"not_picked":["PiercingWail","Riddle With Holes","Phantasmal Killer"],"picked":"SKIP","floor":6},{"not_picked":["Prepared","Dagger Spray"],"picked":"Cloak And Dagger","floor":7},{"not_picked":["Footwork","Deadly Poison"],"picked":"Heel Hook","floor":11},{"not_picked":["PiercingWail","Predator","Dagger Throw"],"picked":"SKIP","floor":12},{"not_picked":["Backstab","Dash"],"picked":"Well Laid Plans","floor":13},{"not_picked":["Venomology","Escape Plan","Riddle With Holes"],"picked":"SKIP","floor":14},{"not_picked":["Corpse Explosion","Bullet Time"],"picked":"Die Die Die","floor":16},{"not_picked":["Deflect","Predator"],"picked":"Backflip","floor":18},{"not_picked":["Acrobatics+1","Underhanded Strike"],"picked":"Dodge and Roll","floor":19},{"not_picked":["Deadly Poison","Bane"],"picked":"Prepared+1","floor":20},{"not_picked":["Noxious Fumes","Underhanded Strike+1","All Out Attack"],"picked":"SKIP","floor":22},{"not_picked":["Riddle With Holes","Phantasmal Killer","Underhanded Strike"],"picked":"SKIP","floor":24},{"not_picked":["Infinite Blades","Leg Sweep"],"picked":"Skewer+1","floor":27},{"not_picked":["Acrobatics","Bouncing Flask","Noxious Fumes"],"picked":"SKIP","floor":30}],"player_experience":200836,"relics_obtained":[{"floor":6,"key":"Lantern"},{"floor":8,"key":"Old Coin"},{"floor":9,"key":"War Paint"},{"floor":24,"key":"Blue Candle"},{"floor":26,"key":"Pen Nib"}],"event_choices":[{"event_name":"The Cleric","player_choice":"Card Removal","floor":10,"damage_taken":0},{"event_name":"Forgotten Altar","player_choice":"Shed Blood","floor":28,"damage_taken":0}],"boss_relics":[{"not_picked":["Velvet Choker","White Beast Statue"],"picked":"Astrolabe"}],"items_purged_floors":[21,29],"is_endless":false,"potions_floor_spawned":[3,4,11,14,16,20,27],"killed_by":"Slaver and Parasite","ascension_level":6}