{"gold_per_floor":[118,130,140,153,253,253,279,289,289,309,309,325,325,325,325,402,402,419,419,127,141,152,152,164,164,164,174,174,21,40,40,40,118,118,136,136],"floor_reached":36,"playtime":1365,"items_purged":["Strike_R"],"score":607,"play_id":"f66d2a13-e712-4baf-b554-8bf3d386fa32","local_time":"20190206133548","is_ascension_mode":true,"campfire_choices":[{"data":"Whirlwind","floor":6,"key":"SMITH"},{"data":"Shockwave","floor":11,"key":"SMITH"},{"data":"Flame Barrier","floor":13,"key":"SMITH"},{"data":"Iron Wave","floor":15,"key":"SMITH"},{"data":"Blind","floor":23,"key":"SMITH"},{"data":"Double Tap","floor":25,"key":"SMITH"},{"data":"Entrench","floor":32,"key":"SMITH"}],"neow_cost":"NONE","seed_source_timestamp":1222762470851879,"circlet_count":0,"master_deck":["AscendersBane","Strike_R+1","Strike_R+1","Defend_R+1","Defend_R+1","Defend_R+1","Defend_R+1","Bash+1","Whirlwind+1","Shrug It Off","Flex","Flame Barrier+1","Reaper","Shockwave+1","Iron Wave+1","Double Tap+1","Flame Barrier+1","Blind+1","Entrench+1","Whirlwind+1","Feed","Power Through"],"relics":["Burning Blood","Centennial Puzzle","Sundial","Sozu","DollysMirror","Darkstone Periapt","Busted Crown"],"potions_floor_usage":[7,16,16],"damage_taken":[{"damage":5,"enemies":"Jaw Worm","floor":1,"turns":5},{"damage":1,"enemies":"Cultist","floor":2,"turns":3},{"damage":1,"enemies":"Small Slimes","floor":3,"turns":4},{"damage":21,"enemies":"Exordium Thugs","floor":4,"turns":5},{"damage":10,"enemies":"3 Sentries","floor":7,"turns":3},{"damage":8,"enemies":"Lots of Slimes","floor":8,"turns":2},{"damage":0,"enemies":"Large Slime","floor":10,"turns":4},{"damage":2,"enemies":"Exordium Thugs","floor":12,"turns":5},{"damage":44,"enemies":"Slime Boss","floor":16,"turns":11},{"damage":0,"enemies":"Chosen","floor":18,"turns":4},{"damage":4,"enemies":"3 Byrds","floor":21,"turns":4},{"damage":10,"enemies":"Centurion and Healer","floor":22,"turns":4},{"damage":11,"enemies":"Snecko","floor":24,"turns":5},{"damage":12,"enemies":"Cultist and Chosen","floor":27,"turns":5},{"damage":0,"enemies":"3 Cultists","floor":30,"turns":4},{"damage":38,"enemies":"Collector","floor":33,"turns":11},{"damage":0,"enemies":"Orb Walker","floor":35,"turns":3},{"damage":113,"enemies":"2 Orb Walkers","floor":36,"turns":6}],"seed_played":"-6812619809500172356","potions_obtained":[{"floor":1,"key":"AttackPotion"},{"floor":2,"key":"SteroidPotion"},{"floor":8,"key":"Ancient Potion"},{"floor":12,"key":"Fire Potion"}],"is_trial":false,"path_per_floor":["M","M","M","M","?","R","E","M","T","M","R","M","R","?","R","B",null,"M","?","$","M","M","R","M","R","T","M","?","$","M","?","R","B",null,"M","?"],"character_chosen":"IRONCLAD","items_purchased":["DollysMirror","Blind","Feed"],"campfire_rested":0,"item_purchase_floors":[20,20,29],"current_hp_per_floor":[73,78,80,65,65,65,61,59,59,69,69,80,80,80,80,63,76,80,80,80,80,76,76,80,80,80,80,80,80,83,83,83,51,75,81,0],"gold":136,"neow_bonus":"UPGRADE_CARD","is_prod":false,"is_daily":false,"chose_seed":false,"campfire_upgraded":7,"win_rate":0,"timestamp":1549427748,"path_taken":["M","M","M","M","?","R","E","M","T","M","R","?","R","?","R","BOSS","M","?","$","M","M","R","?","R","T","M","?","?","M","?","R","BOSS","M","?"],"build_version":"2019-01-23","purchased_purges":1,"victory":false,"max_hp_per_floor":[80,80,80,80,80,80,80,80,80,80,80,80,80,80,80,80,80,80,80,80,80,80,80,80,80,80,80,80,80,83,83,83,83,83,83,83],"card_choices":[{"not_picked":["Body Slam","Iron Wave"],"picked":"Whirlwind","floor":1},{"not_picked":["Searing Blow","Sword Boomerang"],"picked":"Shrug It Off","floor":2},{"not_picked":["Perfected Strike","Iron Wave"],"picked":"Flex","floor":3},{"not_picked":["Havoc","Body Slam","Shrug It Off"],"picked":"SKIP","floor":4},{"not_picked":["Infernal Blade","Spot Weakness"],"picked":"Flame Barrier","floor":7},{"not_picked":["Pommel Strike","Intimidate"],"picked":"Reaper","floor":8},{"not_picked":["Entrench","Thunderclap"],"picked":"Shockwave","floor":10},{"not_picked":["Clash","Infernal Blade","Body Slam"],"picked":"SKIP","floor":12},{"not_picked":["Reaper","Dark Embrace"],"picked":"Double Tap","floor":16},{"not_picked":["Body Slam","Clothesline","Reckless Charge"],"picked":"SKIP","floor":18},{"not_picked":["Wild Strike","Hemokinesis","Barricade"],"picked":"SKIP","floor":21},{"not_picked":["Pommel Strike","Body Slam","Clash"],"picked":"SKIP","floor":22},{"not_picked":["Twin Strike","Pommel Strike","Body Slam"],"picked":"SKIP","floor":24},{"not_picked":["Body Slam","Corruption"],"picked":"Entrench","floor":27},{"not_picked":["Cleave+1","True Grit"],"picked":"Power Through","floor":30},{"not_picked":["Iron Wave+1"],"picked":"SKIP","floor":35}],"player_experience":472254,"relics_obtained":[{"floor":7,"key":"Centennial Puzzle"},{"floor":9,"key":"Sundial"},{"floor":26,"key":"Darkstone Periapt"}],"event_choices":[{"damage_healed":0,"gold_gain":100,"player_choice":"Pray","damage_taken":0,"max_hp_gain":0,"max_hp_loss":0,"event_name":"Golden Shrine","floor":5,"gold_loss":0},{"damage_healed":0,"gold_gain":0,"cards_transformed":["Strike_R"],"player_choice":"Transformed","damage_taken":0,"max_hp_gain":0,"max_hp_loss":0,"event_name":"Transmorgrifier","floor":14,"gold_loss":0,"cards_obtained":["Iron Wave"]},{"cards_removed":["Strike_R"],"damage_healed":0,"gold_gain":0,"player_choice":"Purged","damage_taken":0,"max_hp_gain":0,"max_hp_loss":0,"event_name":"Purifier","floor":19,"gold_loss":0},{"damage_healed":0,"gold_gain":0,"player_choice":"Copied","damage_taken":0,"max_hp_gain":0,"max_hp_loss":0,"event_name":"Duplicator","floor":28,"gold_loss":0,"cards_obtained":["Whirlwind"]},{"damage_healed":0,"gold_gain":0,"player_choice":"Simplicity","damage_taken":0,"max_hp_gain":0,"max_hp_loss":0,"event_name":"Back to Basics","floor":31,"gold_loss":0,"cards_upgraded":["Strike_R","Strike_R","Defend_R","Defend_R","Defend_R","Defend_R"]},{"damage_healed":0,"gold_gain":0,"player_choice":"Fight","damage_taken":0,"max_hp_gain":0,"max_hp_loss":0,"event_name":"Mysterious Sphere","floor":36,"gold_loss":0}],"is_beta":false,"boss_relics":[{"not_picked":["Ectoplasm","Runic Dome"],"picked":"Sozu"},{"not_picked":["Mark of Pain","Snecko Eye"],"picked":"Busted Crown"}],"items_purged_floors":[29],"is_endless":false,"potions_floor_spawned":[1,2,4,8,12,22,24,33],"killed_by":"2 Orb Walkers","ascension_level":13}