{"gold_per_floor":[214,232,53,53,72,72,85,85,85,23,0,28,28,45,45,45],"floor_reached":16,"playtime":689,"items_purged":["Strike_B"],"score":160,"play_id":"5d52901a-2d9b-4755-96a7-1ace12c9ad68","local_time":"20180720141859","is_ascension_mode":true,"campfire_choices":[{"data":"Zap","floor":6,"key":"SMITH"},{"data":"Leap","floor":8,"key":"SMITH"},{"floor":13,"key":"REST"},{"data":"Redo","floor":15,"key":"SMITH"}],"neow_cost":"NONE","seed_source_timestamp":574481904078887,"circlet_count":0,"master_deck":["Strike_B","Strike_B","Defend_B","Defend_B","Defend_B","Defend_B","Zap+1","Dualcast","AscendersBane","Redo+1","Hologram","Cold Snap","Chill","Hologram","Leap+1","Blizzard","Melter","Redo"],"relics":["Cracked Core","The Courier","Mummified Hand"],"potions_floor_usage":[16,16],"damage_taken":[{"damage":3,"enemies":"Jaw Worm","floor":1,"turns":4},{"damage":0,"enemies":"Small Slimes","floor":2,"turns":2},{"damage":1,"enemies":"Cultist","floor":5,"turns":5},{"damage":12,"enemies":"Gremlin Gang","floor":7,"turns":5},{"damage":6,"enemies":"3 Sentries","floor":12,"turns":6},{"damage":9,"enemies":"Looter","floor":14,"turns":3},{"damage":52,"enemies":"Slime Boss","floor":16,"turns":11}],"seed_played":"-2788252279084112214","potions_obtained":[{"floor":2,"key":"SteroidPotion"},{"floor":12,"key":"Ancient Potion"},{"floor":14,"key":"Explosive Potion"}],"is_trial":false,"path_per_floor":["M","M","$","?","M","R","M","R","T","$","?","E","R","M","R"],"character_chosen":"DEFECT","items_purchased":["Cold Snap","Chill","Blizzard"],"campfire_rested":1,"item_purchase_floors":[3,3,10],"current_hp_per_floor":[65,65,65,58,57,57,45,45,45,45,45,39,61,52,52,0],"gold":45,"neow_bonus":"HUNDRED_GOLD","is_prod":false,"is_daily":false,"chose_seed":false,"campfire_upgraded":3,"win_rate":0,"timestamp":1532110739,"path_taken":["M","M","$","?","M","R","M","R","T","$","?","E","R","?","R","BOSS"],"build_version":"2018-07-19v2","purchased_purges":1,"victory":false,"max_hp_per_floor":[75,75,75,75,75,75,75,75,75,75,75,75,75,75,75,75],"card_choices":[{"not_picked":["Beam Cell","Consume"],"picked":"Redo","floor":1},{"not_picked":["Sunder","Go for the Eyes"],"picked":"Hologram","floor":2},{"not_picked":["Stack","Turbo"],"picked":"Hologram","floor":5},{"not_picked":["Rip and Tear","Beam Cell"],"picked":"Leap","floor":7},{"not_picked":["Reprogram","Static Discharge"],"picked":"Melter","floor":12},{"not_picked":["Steam","Hyperbeam"],"picked":"Redo","floor":14}],"player_experience":1193166,"relics_obtained":[{"floor":9,"key":"The Courier"},{"floor":12,"key":"Mummified Hand"}],"event_choices":[{"event_name":"Golden Wing","player_choice":"Card Removal","floor":4,"damage_taken":0},{"event_name":"World of Goop","player_choice":"Left","floor":11,"damage_taken":0}],"is_beta":false,"boss_relics":[],"items_purged_floors":[3],"is_endless":false,"potions_floor_spawned":[2,12,14],"killed_by":"Slime Boss","ascension_level":12}