{"gold_per_floor":[214,232,242,242,254,287,287,313,362,372,372,372,4,39,39,143,143,157,168,168,197,112,112,12,12,12,12,23,23,23,37,37,133,133,152,152,374,387,405,405,405,9,9,20,20,39,39,54,54,54],"floor_reached":51,"playtime":2398,"items_purged":["Strike_G","Strike_G","Strike_G"],"score":707,"play_id":"fa10572d-203d-4017-a4d6-95218b749df2","local_time":"20181103225247","is_ascension_mode":false,"campfire_choices":[{"data":"Neutralize","floor":7,"key":"SMITH"},{"floor":12,"key":"REST"},{"data":"Cloak And Dagger","floor":15,"key":"SMITH"},{"data":"A Thousand Cuts","floor":23,"key":"SMITH"},{"data":"Blade Dance","floor":25,"key":"SMITH"},{"floor":32,"key":"REST"},{"data":"Blade Dance","floor":40,"key":"SMITH"},{"floor":49,"key":"REST"}],"neow_cost":"NONE","seed_source_timestamp":2141385085677044,"circlet_count":0,"master_deck":["Defend_G+1","Defend_G+1","Defend_G+1","Defend_G+1","Defend_G+1","Strike_G+1","Strike_G+1","Survivor+1","Neutralize+1","Dagger Throw+1","Poisoned Stab+1","Dodge and Roll+1","Infinite Blades+1","Cloak And Dagger+1","Blade Dance+1","Caltrops+1","A Thousand Cuts+1","Cloak And Dagger+1","Infinite Blades+1","Terror+1","Die Die Die+1","Noxious Fumes+1","Cloak And Dagger+1","Blade Dance+1","Panache+1","Panache+1","Caltrops+1","Backflip+1"],"relics":["Ring of the Snake","Darkstone Periapt","Art of War","Odd Mushroom","Whetstone","Singing Bowl","Incense Burner","Strawberry","WristBlade","Thread and Needle","Red Mask","Paper Crane","Mummified Hand","Sozu","Omamori","Mark of the Bloom"],"potions_floor_usage":[6,8,10,29,33,38],"damage_taken":[{"damage":4,"enemies":"Cultist","floor":1,"turns":4},{"damage":4,"enemies":"Jaw Worm","floor":2,"turns":5},{"damage":0,"enemies":"2 Louse","floor":3,"turns":2},{"damage":0,"enemies":"2 Fungi Beasts","floor":5,"turns":3},{"damage":21,"enemies":"Gremlin Nob","floor":6,"turns":4},{"damage":0,"enemies":"The Mushroom Lair","floor":8,"turns":3},{"damage":6,"enemies":"3 Louse","floor":10,"turns":2},{"damage":12,"enemies":"3 Sentries","floor":14,"turns":8},{"damage":38,"enemies":"Slime Boss","floor":16,"turns":12},{"damage":2,"enemies":"3 Byrds","floor":18,"turns":4},{"damage":19,"enemies":"Spheric Guardian","floor":19,"turns":4},{"damage":8,"enemies":"Masked Bandits","floor":21,"turns":5},{"damage":0,"enemies":"Cultist and Chosen","floor":28,"turns":4},{"damage":0,"enemies":"Snecko","floor":29,"turns":1},{"damage":0,"enemies":"Centurion and Healer","floor":31,"turns":5},{"damage":8,"enemies":"Collector","floor":33,"turns":7},{"damage":0,"enemies":"Orb Walker","floor":35,"turns":3},{"damage":6,"enemies":"3 Darklings","floor":38,"turns":4},{"damage":0,"enemies":"Spire Growth","floor":39,"turns":4},{"damage":0,"enemies":"Maw","floor":44,"turns":5},{"damage":0,"enemies":"3 Darklings","floor":46,"turns":3},{"damage":0,"enemies":"Jaw Worm Horde","floor":48,"turns":2},{"damage":38,"enemies":"Time Eater","floor":50,"turns":7}],"seed_played":"4083266882072657246","potions_obtained":[{"floor":1,"key":"PowerPotion"},{"floor":6,"key":"AttackPotion"},{"floor":8,"key":"Explosive Potion"},{"floor":14,"key":"Swift Potion"},{"floor":19,"key":"PowerPotion"},{"floor":21,"key":"FearPotion"},{"floor":28,"key":"SmokeBomb"},{"floor":31,"key":"GamblersBrew"}],"is_trial":false,"path_per_floor":["M","M","M","?","M","E","R","?","T","M","T","R","$","E","R","B",null,"M","M","?","?","?","R","$","R","T","$","M","M","$","M","R","B",null,"M","?","?","M","M","R","?","$","T","M","?","M","?","M","R","B",null],"character_chosen":"THE_SILENT","items_purchased":["Incense Burner","Panache","Caltrops"],"campfire_rested":3,"item_purchase_floors":[13,42,42],"current_hp_per_floor":[66,62,62,62,62,41,41,41,41,35,35,56,56,51,51,13,77,75,56,62,56,56,56,56,56,56,56,58,58,58,58,84,76,87,87,87,87,81,81,81,81,81,81,83,83,83,83,83,83,45],"gold":54,"neow_bonus":"HUNDRED_GOLD","is_prod":false,"is_daily":false,"chose_seed":false,"campfire_upgraded":5,"win_rate":0,"timestamp":1541299967,"path_taken":["M","M","M","?","?","E","R","?","T","M","?","R","$","E","R","BOSS","M","M","?","?","?","R","?","R","T","?","M","M","$","M","R","BOSS","M","?","?","M","M","R","?","$","T","M","?","?","?","M","R","BOSS"],"build_version":"2018-11-01","purchased_purges":3,"victory":true,"max_hp_per_floor":[70,70,70,70,70,70,70,70,70,70,70,70,70,77,77,77,77,77,77,83,85,85,85,85,85,85,85,87,87,87,87,87,87,87,87,87,87,87,87,87,87,87,87,89,89,89,89,91,91,91],"card_choices":[{"not_picked":["Setup","Deflect"],"picked":"Dagger Throw","floor":1},{"not_picked":["PiercingWail","Quick Slash"],"picked":"Poisoned Stab","floor":2},{"not_picked":["Endless Agony","Venomology"],"picked":"Poisoned Stab","floor":3},{"not_picked":["Prepared","Quick Slash"],"picked":"Dodge and Roll","floor":5},{"not_picked":["Dagger Throw","Quick Slash"],"picked":"Infinite Blades","floor":6},{"not_picked":["Deflect","Expertise"],"picked":"Cloak And Dagger","floor":8},{"not_picked":["Deflect","Outmaneuver"],"picked":"Blade Dance","floor":10},{"not_picked":["Quick Slash","Expertise"],"picked":"Caltrops","floor":14},{"not_picked":["Wraith Form v2","Die Die Die"],"picked":"A Thousand Cuts","floor":16},{"not_picked":["Eviscerate","Tactician+1"],"picked":"Cloak And Dagger+1","floor":18},{"not_picked":["Quick Slash","Deflect"],"picked":"Infinite Blades","floor":19},{"not_picked":["Prepared+1","Reflex","Dagger Spray+1"],"picked":"Singing Bowl","floor":21},{"not_picked":["Deflect+1","Storm of Steel","Flying Knee"],"picked":"Singing Bowl","floor":28},{"not_picked":["Bane","Prepared"],"picked":"Terror","floor":31},{"not_picked":["Bullet Time","Doppelganger"],"picked":"Die Die Die","floor":33},{"not_picked":["Riddle With Holes","Prepared+1"],"picked":"Noxious Fumes","floor":35},{"not_picked":["Flechettes+1","Deadly Poison"],"picked":"Cloak And Dagger","floor":38},{"not_picked":["All Out Attack","Sucker Punch+1"],"picked":"Blade Dance","floor":39},{"not_picked":["Impatience","Blind"],"picked":"Panache","floor":41},{"not_picked":["Dagger Spray+1","Well Laid Plans+1","Bouncing Flask"],"picked":"Singing Bowl","floor":44},{"not_picked":["Poisoned Stab","Terror"],"picked":"Backflip+1","floor":46},{"not_picked":["Slice+1","Flying Knee","Riddle With Holes+1"],"picked":"Singing Bowl","floor":48}],"player_experience":1639435,"relics_obtained":[{"floor":4,"key":"Darkstone Periapt"},{"floor":6,"key":"Art of War"},{"floor":8,"key":"Odd Mushroom"},{"floor":9,"key":"Whetstone"},{"floor":11,"key":"Singing Bowl"},{"floor":14,"key":"Strawberry"},{"floor":21,"key":"Red Mask"},{"floor":26,"key":"Mummified Hand"},{"floor":43,"key":"Omamori"}],"event_choices":[{"damage_healed":0,"gold_gain":0,"player_choice":"Relic","damage_taken":0,"max_hp_gain":0,"max_hp_loss":0,"event_name":"Wheel of Change","floor":4,"gold_loss":0},{"damage_healed":0,"gold_gain":0,"player_choice":"Fought Mushrooms","damage_taken":0,"max_hp_gain":0,"max_hp_loss":0,"event_name":"Mushrooms","floor":8,"gold_loss":0},{"damage_healed":0,"gold_gain":0,"player_choice":"Opened","damage_taken":0,"relics_obtained":["Thread and Needle"],"max_hp_gain":0,"max_hp_loss":0,"event_name":"The Mausoleum","floor":20,"gold_loss":0,"cards_obtained":["Writhe"]},{"damage_healed":0,"gold_gain":0,"player_choice":"Fought Bandits","damage_taken":0,"max_hp_gain":0,"max_hp_loss":0,"event_name":"Masked Bandits","floor":21,"gold_loss":0},{"damage_healed":0,"gold_gain":0,"player_choice":"Obtained Relic","damage_taken":0,"relics_obtained":["Paper Crane"],"max_hp_gain":0,"max_hp_loss":0,"event_name":"Addict","floor":22,"gold_loss":85},{"cards_removed":["Poisoned Stab"],"damage_healed":0,"gold_gain":0,"player_choice":"Removed Attack","damage_taken":0,"max_hp_gain":0,"max_hp_loss":0,"event_name":"Falling","floor":36,"gold_loss":0},{"damage_healed":0,"gold_gain":222,"player_choice":"Wore Mask","damage_taken":0,"max_hp_gain":0,"max_hp_loss":0,"event_name":"Tomb of Lord Red Mask","floor":37,"gold_loss":0},{"damage_healed":0,"gold_gain":0,"player_choice":"Memory 1","damage_taken":0,"max_hp_gain":0,"max_hp_loss":0,"event_name":"SensoryStone","floor":41,"gold_loss":0},{"cards_removed":["Writhe"],"damage_healed":0,"gold_gain":0,"player_choice":"Purged","damage_taken":0,"max_hp_gain":0,"max_hp_loss":0,"event_name":"Purifier","floor":45,"gold_loss":0},{"damage_healed":0,"gold_gain":0,"player_choice":"Upgrade","damage_taken":0,"relics_obtained":["Mark of the Bloom"],"max_hp_gain":0,"max_hp_loss":0,"event_name":"MindBloom","floor":47,"gold_loss":0,"cards_upgraded":["Defend_G","Defend_G","Defend_G","Defend_G","Defend_G","Survivor","Dagger Throw","Poisoned Stab","Dodge and Roll","Infinite Blades","Caltrops","Infinite Blades","Terror","Die Die Die","Noxious Fumes","Cloak And Dagger","Panache","Panache","Caltrops"]}],"is_beta":false,"boss_relics":[{"not_picked":["Empty Cage","Runic Pyramid"],"picked":"WristBlade"},{"not_picked":["Fusion Hammer","Pandora\u0027s Box"],"picked":"Sozu"}],"items_purged_floors":[13,24,42],"is_endless":false,"potions_floor_spawned":[1,6,8,14,19,21,28,31,38,44,48],"ascension_level":0}