{"gold_per_floor":[119,183,33,52,2,2,177,190,190,115,115,126,151,151,151,151],"floor_reached":16,"playtime":645,"items_purged":["Doubt"],"score":98,"play_id":"4605ec1c-78fd-49b0-9546-3faf7eb2a8ec","local_time":"20190116180102","is_ascension_mode":false,"campfire_choices":[{"data":"Heavy Blade","floor":6,"key":"SMITH"},{"data":"Bludgeon","floor":11,"key":"SMITH"},{"data":"Shrug It Off","floor":15,"key":"SMITH"}],"neow_cost":"NONE","seed_source_timestamp":2575752182960,"circlet_count":0,"master_deck":["Strike_R","Strike_R","Strike_R","Strike_R","Defend_R","Defend_R","Defend_R","Defend_R","Heavy Blade+1","Shrug It Off+1","Bludgeon+1","Perfected Strike"],"relics":["Burning Blood","Vajra","Shuriken","Bottled Lightning"],"potions_floor_usage":[16],"damage_taken":[{"damage":1,"enemies":"2 Louse","floor":1,"turns":4},{"damage":6,"enemies":"Jaw Worm","floor":4,"turns":4},{"damage":0,"enemies":"Small Slimes","floor":8,"turns":3},{"damage":10,"enemies":"Exordium Thugs","floor":12,"turns":4},{"damage":49,"enemies":"Lagavulin","floor":13,"turns":10},{"damage":48,"enemies":"The Guardian","floor":16,"turns":9}],"seed_played":"-8489383529280603008","potions_obtained":[{"floor":4,"key":"Regen Potion"}],"is_trial":false,"path_per_floor":["M","?","$","M","?","R","?","M","T","$","R","M","E","?","R","B"],"character_chosen":"IRONCLAD","items_purchased":["Vajra"],"campfire_rested":0,"item_purchase_floors":[3],"current_hp_per_floor":[88,88,88,88,88,88,88,88,88,88,88,84,41,41,41,0],"gold":151,"neow_bonus":"TEN_PERCENT_HP_BONUS","is_prod":false,"is_daily":false,"chose_seed":false,"campfire_upgraded":3,"win_rate":0,"timestamp":1547623862,"path_taken":["M","?","$","M","?","R","?","M","T","$","R","M","E","?","R","BOSS"],"build_version":"2019-01-10","purchased_purges":1,"victory":false,"max_hp_per_floor":[88,88,88,88,88,88,88,88,88,88,88,88,88,88,88,88],"card_choices":[{"not_picked":["Armaments","Havoc"],"picked":"Heavy Blade","floor":1},{"not_picked":["Twin Strike","Warcry"],"picked":"Shrug It Off","floor":4},{"not_picked":["Twin Strike","Cleave"],"picked":"Bludgeon","floor":8},{"not_picked":["Rupture","Evolve","Uppercut"],"picked":"SKIP","floor":12},{"not_picked":["Havoc","Dual Wield"],"picked":"Perfected Strike","floor":13}],"player_experience":448745,"relics_obtained":[{"floor":9,"key":"Shuriken"},{"floor":13,"key":"Bottled Lightning"}],"event_choices":[{"damage_healed":0,"gold_gain":64,"player_choice":"Gained Gold","damage_taken":0,"max_hp_gain":0,"max_hp_loss":0,"event_name":"Golden Wing","floor":2,"gold_loss":0},{"cards_removed":["Bash"],"damage_healed":0,"gold_gain":0,"player_choice":"Card Removal","damage_taken":0,"max_hp_gain":0,"max_hp_loss":0,"event_name":"The Cleric","floor":5,"gold_loss":50},{"damage_healed":0,"gold_gain":175,"player_choice":"AGREE","damage_taken":0,"max_hp_gain":0,"max_hp_loss":0,"event_name":"Liars Game","floor":7,"gold_loss":0,"cards_obtained":["Doubt"]},{"cards_removed":["Strike_R"],"damage_healed":0,"gold_gain":0,"player_choice":"Purged","damage_taken":0,"max_hp_gain":0,"max_hp_loss":0,"event_name":"Purifier","floor":14,"gold_loss":0}],"is_beta":false,"boss_relics":[],"items_purged_floors":[10],"is_endless":false,"potions_floor_spawned":[4],"killed_by":"The Guardian","ascension_level":0}