{"gold_per_floor":[144,189,142,187,57,147,147,192,192,282,327,327,58,103,103,403,403,448,298,298,343,43,43,133,133,158,203,302,302,347,437,437,737,737,782,827,872,452,452,542,542,587,662,707,752,752,35,80,80,80],"floor_reached":51,"playtime":1936,"items_purged":["Normality"],"score":1079,"play_id":"519dba49-b4b9-4ec5-922d-8e0d94ce9675","local_time":"20181010163406","daily_mods":["Cursed Run","Colorless Cards","Midas"],"is_ascension_mode":false,"campfire_choices":[{"floor":12,"key":"DIG"},{"floor":15,"key":"DIG"},{"floor":23,"key":"DIG"},{"floor":25,"key":"DIG"},{"floor":29,"key":"DIG"},{"floor":32,"key":"DIG"},{"floor":41,"key":"DIG"},{"floor":49,"key":"DIG"}],"neow_cost":"","seed_source_timestamp":0,"circlet_count":0,"master_deck":["Strike_R","Strike_R","Strike_R","Strike_R","Strike_R","Defend_R","Defend_R","Defend_R","Defend_R","Bash","Twin Strike","Shrug It Off+1","Armaments+1","Shrug It Off+1","Feed","Shrug It Off","Headbutt","Decay","Spot Weakness","Uppercut","Blind","Regret","Secret Weapon","Bandage Up+1","Heavy Blade+1","Discovery","Shrug It Off+1","Trip+1","Exhume","Decay","Pain","Headbutt","Secret Weapon+1","Armaments+1","Feed","Havoc+1","Purity+1","Decay","Shrug It Off+1","Havoc+1","Panacea+1","Body Slam+1","Injury"],"special_seed":17814,"relics":["Cursed Key","Darkstone Periapt","Du-Vu Doll","Centennial Puzzle","Lantern","Shovel","Strawberry","Vajra","Ancient Tea Set","Fusion Hammer","Bag of Marbles","Bag of Preparation","Oddly Smooth Stone","Frozen Egg 2","Thread and Needle","Mango","Omamori","Ice Cream","War Paint","StoneCalendar","Calling Bell","Potion Belt","Toxic Egg 2","Bird Faced Urn","PreservedInsect","Anchor","Paper Frog","Peace Pipe","Letter Opener","Charon\u0027s Ashes","Nunchaku","Boot"],"potions_floor_usage":[16,33,40,50],"damage_taken":[{"damage":1,"enemies":"Cultist","floor":1,"turns":3},{"damage":7,"enemies":"2 Louse","floor":2,"turns":3},{"damage":0,"enemies":"Jaw Worm","floor":4,"turns":3},{"damage":3,"enemies":"3 Sentries","floor":6,"turns":8},{"damage":0,"enemies":"2 Fungi Beasts","floor":8,"turns":2},{"damage":15,"enemies":"Lagavulin","floor":10,"turns":6},{"damage":0,"enemies":"3 Louse","floor":11,"turns":3},{"damage":4,"enemies":"Exordium Thugs","floor":14,"turns":3},{"damage":10,"enemies":"Hexaghost","floor":16,"turns":7},{"damage":5,"enemies":"2 Thieves","floor":18,"turns":4},{"damage":8,"enemies":"Shell Parasite","floor":21,"turns":4},{"damage":5,"enemies":"Book of Stabbing","floor":24,"turns":3},{"damage":1,"enemies":"Centurion and Healer","floor":27,"turns":4},{"damage":1,"enemies":"Chosen and Byrds","floor":30,"turns":4},{"damage":5,"enemies":"Slavers","floor":31,"turns":4},{"damage":19,"enemies":"Collector","floor":33,"turns":7},{"damage":5,"enemies":"3 Shapes","floor":35,"turns":5},{"damage":0,"enemies":"Orb Walker","floor":36,"turns":1},{"damage":20,"enemies":"Maw","floor":37,"turns":7},{"damage":7,"enemies":"Nemesis","floor":40,"turns":3},{"damage":0,"enemies":"4 Shapes","floor":42,"turns":3},{"damage":7,"enemies":"3 Darklings","floor":44,"turns":3},{"damage":0,"enemies":"Reptomancer","floor":45,"turns":2},{"damage":0,"enemies":"4 Shapes","floor":48,"turns":2},{"damage":89,"enemies":"Time Eater","floor":50,"turns":9}],"seed_played":"2650368186018201532","potions_obtained":[{"floor":8,"key":"Dexterity Potion"},{"floor":11,"key":"AttackPotion"},{"floor":16,"key":"Energy Potion"},{"floor":33,"key":"SteroidPotion"},{"floor":42,"key":"EssenceOfSteel"},{"floor":44,"key":"Explosive Potion"},{"floor":48,"key":"Weak Potion"}],"is_trial":false,"path_per_floor":["M","M","$","M","$","E","?","M","T","E","M","R","$","M","R","B",null,"M","$","?","M","$","R","E","R","T","M","?","R","M","E","R","B",null,"M","M","M","$","?","E","R","M","T","M","M","?","$","M","R","B"],"character_chosen":"IRONCLAD","items_purchased":["Armaments","Feed","Shrug It Off","Vajra","Metallicize","Block Potion","Bag of Marbles","Bag of Preparation","Oddly Smooth Stone","PreservedInsect","Armaments+1","Anchor","Charon\u0027s Ashes","Havoc+1","Nunchaku","Panacea+1"],"campfire_rested":0,"item_purchase_floors":[3,5,5,13,13,13,19,22,22,38,38,38,47,47,47,47],"current_hp_per_floor":[79,72,72,72,72,72,72,72,78,63,66,73,73,73,73,73,113,111,111,111,108,108,108,112,126,132,140,140,140,145,148,148,134,161,162,164,150,150,150,155,155,170,176,180,183,183,183,188,188,115],"gold":80,"neow_bonus":"","is_prod":false,"is_daily":true,"chose_seed":false,"campfire_upgraded":0,"win_rate":0,"timestamp":1539182046,"path_taken":["M","M","?","?","$","E","?","M","T","E","M","R","$","M","R","BOSS","M","$","?","M","$","R","E","R","T","?","?","R","M","E","R","BOSS","M","?","M","$","?","E","R","M","T","?","M","?","$","M","R","BOSS"],"build_version":"2018-10-04v2","purchased_purges":1,"victory":true,"max_hp_per_floor":[80,80,80,80,80,83,83,83,89,89,92,99,99,103,103,113,113,116,116,116,116,116,116,119,133,139,142,142,142,145,149,149,149,161,164,164,164,164,164,168,168,177,183,186,189,189,189,192,192,202],"card_choices":[{"not_picked":["True Grit","Armaments"],"picked":"Twin Strike","floor":1},{"not_picked":["Twin Strike","Pommel Strike"],"picked":"Shrug It Off","floor":2},{"not_picked":["Finesse","Flex"],"picked":"Shrug It Off","floor":4},{"not_picked":["Sadistic Nature","Secret Technique"],"picked":"Headbutt","floor":6},{"not_picked":["Body Slam","Twin Strike","Iron Wave"],"picked":"SKIP","floor":8},{"not_picked":["Master of Strategy","Warcry"],"picked":"Spot Weakness","floor":10},{"not_picked":["Shrug It Off","Pommel Strike"],"picked":"Uppercut","floor":11},{"not_picked":["Flex","Combust"],"picked":"Blind","floor":14},{"not_picked":["The Bomb","Brutality"],"picked":"Secret Weapon","floor":16},{"not_picked":["Mind Blast","Pommel Strike"],"picked":"Bandage Up+1","floor":18},{"not_picked":["Headbutt+1","Flash of Steel"],"picked":"Heavy Blade+1","floor":21},{"not_picked":["Dark Shackles+1","Flex+1"],"picked":"Discovery","floor":24},{"not_picked":["True Grit","Searing Blow"],"picked":"Shrug It Off+1","floor":27},{"not_picked":["Shrug It Off","Flex","Finesse+1"],"picked":"SKIP","floor":30},{"not_picked":["Panache+1","Good Instincts"],"picked":"Trip+1","floor":31},{"not_picked":["Chrysalis","Secret Weapon"],"picked":"Exhume","floor":33},{"not_picked":["Wild Strike+1","Anger+1"],"picked":"Headbutt","floor":35},{"not_picked":["Clothesline","Twin Strike"],"picked":"Secret Weapon+1","floor":36},{"not_picked":["Pommel Strike","Thunderclap","Clothesline"],"picked":"SKIP","floor":37},{"not_picked":["Swift Strike","Blind+1"],"picked":"Havoc+1","floor":40},{"not_picked":["Purity+1","Rupture+1","Twin Strike"],"picked":"SKIP","floor":42},{"not_picked":["Rupture+1","Twin Strike"],"picked":"Purity+1","floor":42},{"not_picked":["Perfected Strike","Flex+1","Rupture+1"],"picked":"SKIP","floor":44},{"not_picked":["Infernal Blade+1","Anger"],"picked":"Shrug It Off+1","floor":45},{"not_picked":["Clash+1","Cleave"],"picked":"Body Slam+1","floor":48}],"player_experience":1531307,"relics_obtained":[{"floor":6,"key":"Centennial Puzzle"},{"floor":9,"key":"Lantern"},{"floor":10,"key":"Shovel"},{"floor":12,"key":"Strawberry"},{"floor":15,"key":"Ancient Tea Set"},{"floor":23,"key":"Frozen Egg 2"},{"floor":24,"key":"Thread and Needle"},{"floor":25,"key":"Mango"},{"floor":26,"key":"Omamori"},{"floor":29,"key":"Ice Cream"},{"floor":31,"key":"War Paint"},{"floor":32,"key":"StoneCalendar"},{"floor":34,"key":"Potion Belt"},{"floor":34,"key":"Toxic Egg 2"},{"floor":34,"key":"Bird Faced Urn"},{"floor":40,"key":"Paper Frog"},{"floor":41,"key":"Peace Pipe"},{"floor":43,"key":"Letter Opener"},{"floor":49,"key":"Boot"}],"event_choices":[{"event_name":"Living Wall","player_choice":"Grow","floor":7,"damage_taken":0},{"event_name":"Vampires","player_choice":"Ignored","floor":20,"damage_taken":0},{"event_name":"Nest","player_choice":"Stole From Cult","floor":28,"damage_taken":0},{"event_name":"Duplicator","player_choice":"One dupe","floor":39,"damage_taken":0},{"event_name":"Falling","player_choice":"Removed Power","floor":46,"damage_taken":0}],"is_beta":false,"boss_relics":[{"not_picked":["Philosopher\u0027s Stone","Runic Cube"],"picked":"Fusion Hammer"},{"not_picked":["Lizard Tail","Tiny House"],"picked":"Calling Bell"}],"items_purged_floors":[38],"is_endless":false,"potions_floor_spawned":[8,11,14,16,18,21,27,33,42,44,48],"ascension_level":0}