{"gold_per_floor":[114,126,136,153,153,153,153,166,166,178,191,210,224,19,19,118,118,132,142,18,0,12,12,22,22],"floor_reached":25,"playtime":1366,"items_purged":["Parasite"],"score":271,"play_id":"6801f3fd-a66a-4f44-9125-7142006491f5","local_time":"20181008190752","is_ascension_mode":true,"campfire_choices":[{"data":"Armaments","floor":6.0,"key":"SMITH"},{"data":"Demon Form","floor":15.0,"key":"SMITH"},{"floor":23,"key":"REST"}],"neow_cost":"NONE","seed_source_timestamp":0,"circlet_count":0,"master_deck":["Strike_R","Strike_R","Strike_R","Strike_R","Strike_R","Defend_R","Defend_R","Defend_R","Defend_R","Bash","Clothesline","Armaments+1","Ghostly Armor","Perfected Strike+1","Spot Weakness","Whirlwind","Evolve","Shrug It Off","Uppercut","Demon Form+1","Anger","Offering","Iron Wave","Wild Strike+1","Shrug It Off","Flame Barrier","Rage","Intimidate+1"],"special_seed":0,"relics":["Burning Blood","Prayer Wheel","Sozu"],"potions_floor_usage":[25],"damage_taken":[{"damage":6.0,"enemies":"Cultist","floor":1.0,"turns":4.0},{"damage":13.0,"enemies":"2 Louse","floor":2.0,"turns":3.0},{"damage":6.0,"enemies":"Small Slimes","floor":3.0,"turns":4.0},{"damage":5.0,"enemies":"Red Slaver","floor":4.0,"turns":7.0},{"damage":7.0,"enemies":"Blue Slaver","floor":8.0,"turns":4.0},{"damage":12.0,"enemies":"Exordium Wildlife","floor":10.0,"turns":5.0},{"damage":1.0,"enemies":"3 Louse","floor":11.0,"turns":3.0},{"damage":0.0,"enemies":"Large Slime","floor":12.0,"turns":5.0},{"damage":11.0,"enemies":"Gremlin Gang","floor":13.0,"turns":4.0},{"damage":26.0,"enemies":"Hexaghost","floor":16.0,"turns":9.0},{"damage":17.0,"enemies":"Spheric Guardian","floor":18.0,"turns":5.0},{"damage":6.0,"enemies":"3 Byrds","floor":19.0,"turns":3.0},{"damage":38,"enemies":"Shelled Parasite and Fungi","floor":22,"turns":5},{"damage":29,"enemies":"Centurion and Healer","floor":24,"turns":6},{"damage":46,"enemies":"Slavers","floor":25,"turns":3}],"seed_played":"-4124455129595130801","potions_obtained":[{"floor":2.0,"key":"Weak Potion"},{"floor":11.0,"key":"SteroidPotion"},{"floor":13.0,"key":"SkillPotion"},{"floor":16.0,"key":"Strength Potion"}],"is_trial":false,"path_per_floor":["M","M","M","M","?","R","?","M","T","M","M","M","M","$","R","B",null,"M","M","$","?","M","R","M"],"character_chosen":"IRONCLAD","items_purchased":["Demon Form","Anger","Shrug It Off"],"campfire_rested":1,"item_purchase_floors":[14,14,20],"current_hp_per_floor":[80,73,73,74,74,74,74,73,73,67,72,78,73,73,73,53,79,68,68,68,68,36,61,38,0],"gold":22,"neow_bonus":"TEN_PERCENT_HP_BONUS","is_prod":false,"is_daily":false,"chose_seed":false,"campfire_upgraded":2,"win_rate":0,"timestamp":1539043672,"path_taken":["M","M","M","?","?","R","?","M","T","?","M","M","M","$","R","BOSS","M","M","$","?","M","R","M","E"],"build_version":"2018-10-04v2","purchased_purges":1,"victory":false,"max_hp_per_floor":[88,88,88,88,88,88,88,88,88,88,88,88,88,88,88,88,88,88,88,85,85,85,85,85,85],"card_choices":[{"not_picked":["Wild Strike","Heavy Blade"],"picked":"Clothesline","floor":1.0},{"not_picked":["Rampage","Anger"],"picked":"Armaments","floor":2.0},{"not_picked":["Flex","Body Slam"],"picked":"Ghostly Armor","floor":3.0},{"not_picked":["Fire Breathing","Burning Pact"],"picked":"Perfected Strike","floor":4.0},{"not_picked":["Searing Blow","Second Wind"],"picked":"Spot Weakness","floor":8.0},{"not_picked":["Thunderclap","Shrug It Off"],"picked":"Whirlwind","floor":10.0},{"not_picked":["Sword Boomerang","Feel No Pain"],"picked":"Evolve","floor":10.0},{"not_picked":["Rage","Ghostly Armor"],"picked":"Shrug It Off","floor":11.0},{"not_picked":["Second Wind","Feel No Pain","Cleave"],"picked":"SKIP","floor":11.0},{"not_picked":["Barricade","Battle Trance"],"picked":"Uppercut","floor":12.0},{"not_picked":["Armaments","Hemokinesis","Fire Breathing"],"picked":"SKIP","floor":12.0},{"not_picked":["Fire Breathing","Headbutt","Sword Boomerang"],"picked":"SKIP","floor":13.0},{"not_picked":["Cleave","Sever Soul","Searing Blow"],"picked":"SKIP","floor":13.0},{"not_picked":["Feed","Immolate"],"picked":"Offering","floor":16.0},{"not_picked":["Shockwave","Flex"],"picked":"Iron Wave","floor":18.0},{"not_picked":["Corruption+1","Sword Boomerang","Anger"],"picked":"SKIP","floor":18.0},{"not_picked":["Body Slam","Cleave"],"picked":"Wild Strike+1","floor":19.0},{"not_picked":["Exhume","Thunderclap+1","Heavy Blade"],"picked":"SKIP","floor":19.0},{"not_picked":["Headbutt","Thunderclap"],"picked":"Flame Barrier","floor":22},{"not_picked":["Inflame","Heavy Blade"],"picked":"Rage","floor":22},{"not_picked":["True Grit","Clothesline"],"picked":"Intimidate+1","floor":24},{"not_picked":["Heavy Blade","Cleave","Flex+1"],"picked":"SKIP","floor":24}],"player_experience":722729,"relics_obtained":[{"floor":9.0,"key":"Prayer Wheel"}],"event_choices":[{"event_name":"Match and Keep!","player_choice":"1 cards matched","floor":5.0,"damage_taken":0.0},{"event_name":"Upgrade Shrine","player_choice":"Upgraded","floor":7.0,"damage_taken":0.0},{"event_name":"Masked Bandits","player_choice":"Paid Fearfully","floor":21.0,"damage_taken":0.0}],"is_beta":false,"boss_relics":[{"not_picked":["Eternal Feather","Mark of Pain"],"picked":"Sozu"}],"items_purged_floors":[20],"is_endless":false,"potions_floor_spawned":[2,11,13,16,18,24],"killed_by":"Slavers","ascension_level":7}