{"path_per_floor":["M","$","?","M","?","R","M","M","T","M","M","?","R","M","R","B",null,"M","M","M","?","?","R","M","R","T","R","M","$","T","M","R"],"character_chosen":"THE_SILENT","items_purchased":["Die Die Die","Bronze Scales","Acrobatics"],"gold_per_floor":[109,36,36,49,49,49,59,76,76,89,101,101,101,116,116,218,218,229,245,262,262,412,412,423,423,478,478,491,227,295,306,306,306],"floor_reached":33,"campfire_rested":4,"playtime":1931,"item_purchase_floors":[2,29,29],"current_hp_per_floor":[57,57,70,68,68,68,68,61,61,53,42,42,63,63,63,54,70,46,41,37,37,37,58,33,54,54,54,17,17,17,10,31,0],"items_purged":["Strike_G"],"gold":306,"score":253,"play_id":"79b42416-c2c0-4bf3-8431-c6d7e71aabd6","local_time":"20180611145501","is_prod":false,"is_daily":false,"chose_seed":false,"is_ascension_mode":true,"campfire_upgraded":3,"win_rate":0,"timestamp":1528743301,"campfire_choices":[{"data":"Malaise","floor":6,"key":"SMITH"},{"floor":13,"key":"REST"},{"data":"Noxious Fumes","floor":15,"key":"SMITH"},{"floor":23,"key":"REST"},{"floor":25,"key":"REST"},{"data":"Wraith Form v2","floor":27,"key":"SMITH"},{"floor":32,"key":"REST"}],"path_taken":["M","$","?","M","?","R","M","?","T","M","M","?","R","M","R","BOSS","M","?","M","?","?","R","M","R","T","R","M","$","?","M","R","BOSS"],"build_version":"2018-06-07v3","seed_source_timestamp":415707265154202,"purchased_purges":1,"victory":false,"master_deck":["Defend_G","Defend_G","Defend_G","Defend_G","Defend_G","Strike_G","Strike_G","Survivor","Neutralize","Concentrate","Malaise+1","Die Die Die","Leg Sweep","Sucker Punch","Flying Knee","All Out Attack","Finisher","Quick Slash","Noxious Fumes+1","Wraith Form v2+1","Underhanded Strike","Dodge and Roll","Crippling Poison","Tools of the Trade","Acrobatics","Underhanded Strike"],"max_hp_per_floor":[70,70,70,70,70,70,70,70,70,70,70,70,70,70,70,70,70,70,70,70,70,70,70,70,70,70,70,70,70,70,70,70,70],"relics":["Ring of the Snake","Mummified Hand","Nloth\u0027s Gift","Blood Vial","Bronze Scales","Letter Opener"],"card_choices":[{"not_picked":["Backstab","Dagger Spray"],"picked":"Malaise","floor":1},{"not_picked":["Heel Hook","Slice"],"picked":"Leg Sweep","floor":4},{"not_picked":["Prepared","Slice"],"picked":"Sucker Punch","floor":7},{"not_picked":["Underhanded Strike","Escape Plan"],"picked":"Flying Knee","floor":8},{"not_picked":["Terror","Quick Slash"],"picked":"All Out Attack","floor":10},{"not_picked":["Accuracy","Bane"],"picked":"Finisher","floor":11},{"not_picked":["Heel Hook","Expertise"],"picked":"Noxious Fumes","floor":14},{"not_picked":["Grand Finale","Night Terror"],"picked":"Wraith Form v2","floor":16},{"not_picked":["Acrobatics","Sucker Punch"],"picked":"Underhanded Strike","floor":18},{"not_picked":["Well Laid Plans","Dagger Spray"],"picked":"Dodge and Roll","floor":19},{"not_picked":["Flying Knee+1","Quick Slash"],"picked":"Crippling Poison","floor":20},{"not_picked":["Deflect","Quick Slash"],"picked":"Tools of the Trade","floor":24},{"not_picked":["Deflect","Tactician","Poisoned Stab+1"],"picked":"SKIP","floor":28},{"not_picked":["Deadly Poison","Flying Knee"],"picked":"Underhanded Strike","floor":31}],"player_experience":490012,"potions_floor_usage":[16,16,20,31,33,33],"damage_taken":[{"damage":13,"enemies":"Jaw Worm","floor":1,"turns":4},{"damage":2,"enemies":"Small Slimes","floor":4,"turns":3},{"damage":0,"enemies":"2 Louse","floor":7,"turns":2},{"damage":7,"enemies":"Looter","floor":8,"turns":3},{"damage":8,"enemies":"Lots of Slimes","floor":10,"turns":3},{"damage":11,"enemies":"Exordium Wildlife","floor":11,"turns":3},{"damage":0,"enemies":"2 Fungi Beasts","floor":14,"turns":3},{"damage":9,"enemies":"Hexaghost","floor":16,"turns":10},{"damage":24,"enemies":"2 Thieves","floor":18,"turns":3},{"damage":5,"enemies":"3 Byrds","floor":19,"turns":5},{"damage":4,"enemies":"Snecko","floor":20,"turns":7},{"damage":25,"enemies":"3 Cultists","floor":24,"turns":5},{"damage":39,"enemies":"Sentry and Sphere","floor":28,"turns":7},{"damage":9,"enemies":"Snecko","floor":31,"turns":8},{"damage":41,"enemies":"Champ","floor":33,"turns":13}],"relics_obtained":[{"floor":9,"key":"Mummified Hand"},{"floor":26,"key":"Blood Vial"},{"floor":30,"key":"Letter Opener"}],"event_choices":[{"event_name":"Big Fish","player_choice":"Banana","floor":3,"damage_taken":0},{"event_name":"Accursed Blacksmith","player_choice":"Ignore","floor":5,"damage_taken":0},{"event_name":"Transmorgrifier","player_choice":"Transform","floor":12,"damage_taken":0},{"event_name":"N\u0027loth","player_choice":"Traded a Runic Pyramid","floor":21,"damage_taken":0},{"event_name":"Nest","player_choice":"Stole From Cult","floor":22,"damage_taken":0}],"boss_relics":[{"not_picked":["Velvet Choker","Tiny House"],"picked":"Runic Pyramid"}],"items_purged_floors":[29],"potions_floor_spawned":[1,4,8,16,19,24],"seed_played":"-2360772557692867070","killed_by":"Champ","ascension_level":1,"potions_obtained":[{"floor":1,"key":"SpeedPotion"},{"floor":4,"key":"PowerPotion"},{"floor":8,"key":"Ancient Potion"},{"floor":16,"key":"PowerPotion"},{"floor":19,"key":"Swift Potion"},{"floor":24,"key":"Swift Potion"}],"is_trial":false}