{"gold_per_floor":[11,26,43,43,43,43,54,54,54,3,53,53,81,91,91,193,193,209,209,226,151,161,161,161,161,161,161,177,53,53,53,53,148,148,166,166,11,31,31,31,49,49,49,49,97,97,97,197,197,197],"floor_reached":50,"playtime":2323,"items_purged":["Regret"],"score":436,"play_id":"74e46afb-3abd-4546-a303-6d3ec190937a","local_time":"20190110181442","is_ascension_mode":false,"campfire_choices":[{"data":"Demon Form","floor":6,"key":"SMITH"},{"data":"Perfected Strike","floor":8,"key":"SMITH"},{"data":"Iron Wave","floor":12,"key":"SMITH"},{"data":"Thunderclap","floor":15,"key":"SMITH"},{"floor":23,"key":"REST"},{"data":"Berserk","floor":25,"key":"SMITH"},{"floor":32,"key":"REST"},{"floor":40,"key":"REST"},{"floor":44,"key":"REST"},{"floor":47,"key":"REST"},{"floor":49,"key":"REST"}],"neow_cost":"NO_GOLD","seed_source_timestamp":89571576709272,"circlet_count":0,"master_deck":["Strike_R","Strike_R","Strike_R","Strike_R","Strike_R","Defend_R","Defend_R","Bash","Demon Form+1","Iron Wave+1","Thunderclap+1","Perfected Strike+1","Twin Strike+1","Twin Strike+1","Heavy Blade+1","Whirlwind+1","Berserk+1","Wild Strike+1","RitualDagger+1","Iron Wave+1","Pommel Strike+1","Thunderclap+1","Pommel Strike+1","Heavy Blade+1","Demon Form","Heavy Blade+1","Wild Strike+1","Wild Strike+1"],"relics":["Burning Blood","Molten Egg 2","Darkstone Periapt","Omamori","Sundial","Philosopher\u0027s Stone","Girya","Boot","Orrery","Anchor","Dodecahedron","Unceasing Top","Calipers"],"potions_floor_usage":[16,16,28,28,28,46,50,50],"damage_taken":[{"damage":5,"enemies":"2 Louse","floor":1,"turns":4},{"damage":13,"enemies":"Jaw Worm","floor":2,"turns":4},{"damage":1,"enemies":"Cultist","floor":3,"turns":4},{"damage":16,"enemies":"Blue Slaver","floor":7,"turns":4},{"damage":21,"enemies":"3 Sentries","floor":13,"turns":4},{"damage":2,"enemies":"Large Slime","floor":14,"turns":4},{"damage":45,"enemies":"The Guardian","floor":16,"turns":9},{"damage":2,"enemies":"Chosen","floor":18,"turns":3},{"damage":22,"enemies":"3 Byrds","floor":20,"turns":7},{"damage":29,"enemies":"Snake Plant","floor":22,"turns":3},{"damage":15,"enemies":"Shelled Parasite and Fungi","floor":28,"turns":3},{"damage":28,"enemies":"Collector","floor":33,"turns":5},{"damage":33,"enemies":"3 Darklings","floor":35,"turns":3},{"damage":33,"enemies":"3 Shapes","floor":38,"turns":6},{"damage":42,"enemies":"Writhing Mass","floor":41,"turns":4},{"damage":43,"enemies":"2 Orb Walkers","floor":45,"turns":4},{"damage":0,"enemies":"Sphere and 2 Shapes","floor":46,"turns":1},{"damage":0,"enemies":"Mind Bloom Boss Battle","floor":48,"turns":7},{"damage":73,"enemies":"Donu and Deca","floor":50,"turns":4}],"seed_played":"3864523096701327387","potions_obtained":[{"floor":2,"key":"Regen Potion"},{"floor":7,"key":"Energy Potion"},{"floor":16,"key":"Poison Potion"},{"floor":18,"key":"Block Potion"},{"floor":20,"key":"Energy Potion"},{"floor":41,"key":"SmokeBomb"},{"floor":48,"key":"Weak Potion"}],"is_trial":false,"path_per_floor":["M","M","M","?","?","R","M","R","T","$","T","R","E","M","R","B",null,"M","?","M","$","M","R","?","R","T","?","M","$","?","?","R","B",null,"M","?","$","M","?","R","M","$","T","R","?","M","R","?","R","B"],"character_chosen":"IRONCLAD","items_purchased":["Twin Strike+1","Pommel Strike+1","Heavy Blade+1","SteroidPotion","Anchor"],"campfire_rested":6,"item_purchase_floors":[10,29,29,29,37],"current_hp_per_floor":[80,73,78,78,78,78,68,68,68,68,68,68,53,57,57,33,80,80,74,58,58,35,59,44,44,44,44,35,35,35,35,60,38,85,58,58,58,31,31,56,20,20,20,45,8,14,39,45,70,0],"gold":197,"neow_bonus":"THREE_RARE_CARDS","is_prod":false,"is_daily":false,"chose_seed":false,"campfire_upgraded":5,"win_rate":0,"timestamp":1547106282,"path_taken":["M","M","M","?","?","R","M","R","T","?","?","R","E","M","R","BOSS","M","?","M","$","M","R","?","R","T","?","?","$","?","?","R","BOSS","M","?","$","M","?","R","M","$","T","R","?","M","R","?","R","BOSS"],"build_version":"2019-01-03v4","purchased_purges":1,"victory":false,"max_hp_per_floor":[80,80,80,80,80,80,80,80,80,80,80,80,80,80,80,80,80,80,80,80,80,80,80,85,85,85,85,85,85,85,85,85,85,85,85,85,85,85,85,85,85,85,85,85,85,85,85,85,85,85],"card_choices":[{"not_picked":["Bludgeon","Juggernaut"],"picked":"Demon Form","floor":0},{"not_picked":["Headbutt","Twin Strike"],"picked":"Iron Wave","floor":1},{"not_picked":["Flame Barrier","Battle Trance"],"picked":"Thunderclap","floor":2},{"not_picked":["Flex","Infernal Blade"],"picked":"Perfected Strike","floor":3},{"not_picked":["Reckless Charge+1","Armaments"],"picked":"Twin Strike+1","floor":7},{"not_picked":["Clash+1","Hemokinesis+1"],"picked":"Heavy Blade+1","floor":13},{"not_picked":["Dropkick+1","True Grit"],"picked":"Whirlwind+1","floor":14},{"not_picked":["Fiend Fire+1","Offering"],"picked":"Berserk","floor":16},{"not_picked":["Uppercut+1","Bloodletting"],"picked":"Wild Strike+1","floor":18},{"not_picked":["Warcry","Flex+1"],"picked":"Iron Wave+1","floor":20},{"not_picked":["Sever Soul+1","Flame Barrier"],"picked":"Pommel Strike+1","floor":22},{"not_picked":["Rupture","Shrug It Off"],"picked":"Thunderclap+1","floor":28},{"not_picked":["Offering","Immolate+1"],"picked":"Demon Form","floor":33},{"not_picked":["Body Slam+1","Pommel Strike+1"],"picked":"Heavy Blade+1","floor":34},{"not_picked":["Anger+1","Uppercut+1"],"picked":"Wild Strike+1","floor":34},{"not_picked":["Clash+1","Evolve+1","Power Through"],"picked":"SKIP","floor":35},{"not_picked":["Rupture+1","Ghostly Armor","Havoc+1"],"picked":"SKIP","floor":38},{"not_picked":["Armaments+1","Warcry"],"picked":"Wild Strike+1","floor":41}],"player_experience":399716,"relics_obtained":[{"floor":9,"key":"Darkstone Periapt"},{"floor":11,"key":"Omamori"},{"floor":13,"key":"Sundial"},{"floor":26,"key":"Girya"},{"floor":43,"key":"Dodecahedron"},{"floor":45,"key":"Unceasing Top"},{"floor":48,"key":"Calipers"}],"event_choices":[{"damage_healed":0,"gold_gain":0,"player_choice":"Box","damage_taken":0,"relics_obtained":["Molten Egg 2"],"max_hp_gain":0,"max_hp_loss":0,"event_name":"Big Fish","floor":4,"gold_loss":0,"cards_obtained":["Regret"]},{"damage_healed":0,"gold_gain":0,"player_choice":"Leave","damage_taken":0,"max_hp_gain":0,"max_hp_loss":0,"event_name":"The Cleric","floor":5,"gold_loss":0},{"damage_healed":0,"gold_gain":0,"player_choice":"Joined the Cult","damage_taken":6,"max_hp_gain":0,"max_hp_loss":0,"event_name":"Nest","floor":19,"gold_loss":0,"cards_obtained":["RitualDagger"]},{"damage_healed":0,"gold_gain":0,"player_choice":"Shed Blood","damage_taken":20,"max_hp_gain":5,"max_hp_loss":0,"event_name":"Forgotten Altar","floor":24,"gold_loss":0},{"cards_removed":["Defend_R"],"damage_healed":0,"gold_gain":0,"player_choice":"Purged","damage_taken":0,"max_hp_gain":0,"max_hp_loss":0,"event_name":"Purifier","floor":27,"gold_loss":0},{"damage_healed":0,"gold_gain":0,"player_choice":"Stole Relic","damage_taken":0,"relics_obtained":["Boot"],"max_hp_gain":0,"max_hp_loss":0,"event_name":"Addict","floor":30,"gold_loss":0,"cards_obtained":["Shame"]},{"damage_healed":0,"gold_gain":0,"player_choice":"Ignored","damage_taken":0,"max_hp_gain":0,"max_hp_loss":0,"event_name":"Vampires","floor":31,"gold_loss":0},{"damage_healed":0,"gold_gain":0,"player_choice":"Memory 1","damage_taken":0,"max_hp_gain":0,"max_hp_loss":0,"event_name":"SensoryStone","floor":36,"gold_loss":0},{"cards_removed":["Defend_R"],"damage_healed":0,"gold_gain":0,"player_choice":"Removed Skill","damage_taken":0,"max_hp_gain":0,"max_hp_loss":0,"event_name":"Falling","floor":39,"gold_loss":0},{"damage_healed":0,"gold_gain":0,"player_choice":"Fight","damage_taken":0,"max_hp_gain":0,"max_hp_loss":0,"event_name":"Mysterious Sphere","floor":45,"gold_loss":0},{"damage_healed":0,"gold_gain":0,"player_choice":"Fight","damage_taken":0,"max_hp_gain":0,"max_hp_loss":0,"event_name":"MindBloom","floor":48,"gold_loss":0}],"is_beta":false,"boss_relics":[{"not_picked":["Black Blood","Pandora\u0027s Box"],"picked":"Philosopher\u0027s Stone"},{"not_picked":["Runic Dome","Runic Pyramid"],"picked":"Orrery"}],"items_purged_floors":[21],"is_endless":false,"potions_floor_spawned":[2,7,16,18,20,41,48],"killed_by":"Donu and Deca","ascension_level":0}