{"gold_per_floor":[116,131,148,44,219,219,219,234,234,247,247,257,207,207,207,304,304,322,340,440,355,372,372,372,372,372,297,297,40,55,80,80,80],"floor_reached":33,"playtime":1355,"items_purged":[],"score":395,"play_id":"54029bf3-f667-4a57-9c57-bb79f5d8c4b4","local_time":"20180709195246","is_ascension_mode":true,"campfire_choices":[{"floor":11,"key":"REST"},{"floor":15,"key":"REST"},{"floor":23,"key":"REST"},{"floor":28,"key":"REST"},{"floor":32,"key":"REST"}],"neow_cost":"","seed_source_timestamp":513582830464295,"circlet_count":0,"master_deck":["Strike_B+1","Strike_B+1","Defend_B","Defend_B","Defend_B","Defend_B","Zap+1","Dualcast","Beam Cell+1","Cold Snap","Storm+1","Self Repair","Blizzard","Doubt","Force Field","Storm","Cold Snap","Buffer","Storm","Doom and Gloom+1","Cold Snap","Decay","Cold Snap","Buffer","Coolheaded","Streamline","Steam+1","Redo"],"relics":["Cracked Core","Symbiotic Virus","Potion Belt","Fusion Hammer","Dream Catcher","Pear","Art of War","DollysMirror","Whetstone"],"potions_floor_usage":[16,22,31,33],"damage_taken":[{"damage":11,"enemies":"Cultist","floor":1,"turns":4},{"damage":2,"enemies":"2 Louse","floor":2,"turns":2},{"damage":8,"enemies":"Small Slimes","floor":3,"turns":2},{"damage":12,"enemies":"Looter","floor":8,"turns":4},{"damage":12,"enemies":"2 Fungi Beasts","floor":10,"turns":4},{"damage":17,"enemies":"Blue Slaver","floor":12,"turns":3},{"damage":38,"enemies":"Slime Boss","floor":16,"turns":13},{"damage":0,"enemies":"Spheric Guardian","floor":18,"turns":4},{"damage":28,"enemies":"3 Byrds","floor":19,"turns":6},{"damage":18,"enemies":"Centurion and Healer","floor":22,"turns":13},{"damage":22,"enemies":"Cultist and Chosen","floor":30,"turns":6},{"damage":30,"enemies":"Book of Stabbing","floor":31,"turns":5},{"damage":99,"enemies":"Automaton","floor":33,"turns":10}],"seed_played":"-8976398933956087634","potions_obtained":[{"floor":1,"key":"LiquidBronze"},{"floor":12,"key":"FairyPotion"},{"floor":16,"key":"Ancient Potion"},{"floor":19,"key":"Energy Potion"},{"floor":30,"key":"EssenceOfSteel"}],"is_trial":false,"path_per_floor":["M","M","M","$","?","?","T","M","T","M","R","M","?","?","R","B",null,"M","M","?","?","M","R","T","?","T","?","R","$","M","E","R"],"character_chosen":"DEFECT","items_purchased":["Self Repair","Blizzard","DollysMirror","Coolheaded"],"campfire_rested":5,"item_purchase_floors":[4,4,29,29],"current_hp_per_floor":[57,55,47,47,47,47,47,42,42,37,59,49,49,34,56,25,63,70,49,49,49,38,60,70,70,70,70,85,85,70,47,72,0],"gold":80,"neow_bonus":"","is_prod":false,"is_daily":false,"chose_seed":false,"campfire_upgraded":0,"win_rate":0,"timestamp":1531180366,"path_taken":["M","M","?","$","?","?","?","M","T","M","R","M","?","?","R","BOSS","M","M","?","?","?","R","?","?","T","?","R","$","M","E","R","BOSS"],"build_version":"2018-07-05","purchased_purges":0,"victory":false,"max_hp_per_floor":[75,75,75,75,75,75,75,75,75,75,75,75,75,75,75,75,75,75,75,75,75,75,75,85,85,85,85,85,85,85,85,85,85],"card_choices":[{"not_picked":["Go for the Eyes","Barrage"],"picked":"Beam Cell","floor":1},{"not_picked":["Genetic Algorithm","Aggregate"],"picked":"Cold Snap","floor":2},{"not_picked":["Rebound","BootSequence"],"picked":"Storm","floor":3},{"not_picked":["Compile Driver","Go for the Eyes"],"picked":"Force Field","floor":8},{"not_picked":["Sunder","Leap"],"picked":"Storm","floor":10},{"not_picked":["Redo","Rainbow"],"picked":"Cold Snap","floor":12},{"not_picked":["All For One","Seek"],"picked":"Buffer","floor":16},{"not_picked":["Rip and Tear","Lockon","Gash+1"],"picked":"SKIP","floor":18},{"not_picked":["Sweeping Beam","Hologram"],"picked":"Storm","floor":19},{"not_picked":["Turbo+1","Go for the Eyes"],"picked":"Doom and Gloom+1","floor":22},{"not_picked":["Aggregate","Conserve Battery+1"],"picked":"Cold Snap","floor":23},{"not_picked":["Auto Shields","Genetic Algorithm+1"],"picked":"Cold Snap","floor":28},{"not_picked":["Sweeping Beam","Steam"],"picked":"Streamline","floor":30},{"not_picked":["Sweeping Beam","Hello World"],"picked":"Steam+1","floor":31},{"not_picked":["Beam Cell","Hello World"],"picked":"Redo","floor":32}],"player_experience":1020101,"relics_obtained":[{"floor":7,"key":"Symbiotic Virus"},{"floor":9,"key":"Potion Belt"},{"floor":24,"key":"Pear"},{"floor":26,"key":"Art of War"},{"floor":31,"key":"Whetstone"}],"event_choices":[{"event_name":"Liars Game","player_choice":"agreed","floor":5,"damage_taken":0},{"event_name":"Living Wall","player_choice":"Grow","floor":6,"damage_taken":0},{"event_name":"The Cleric","player_choice":"Card Removal","floor":13,"damage_taken":0},{"event_name":"Shining Light","player_choice":"Entered Light","floor":14,"damage_taken":0},{"event_name":"Golden Shrine","player_choice":"Pray","floor":20,"damage_taken":0},{"event_name":"Addict","player_choice":"Obtained Relic","floor":21,"damage_taken":0},{"event_name":"Forgotten Altar","player_choice":"Smashed Altar","floor":25,"damage_taken":0},{"event_name":"Beggar","player_choice":"Gave Gold","floor":27,"damage_taken":0}],"boss_relics":[{"not_picked":["Runic Dome","Pandora\u0027s Box"],"picked":"Fusion Hammer"}],"items_purged_floors":[],"is_endless":false,"potions_floor_spawned":[1,12,16,19,30],"killed_by":"Automaton","ascension_level":9}