{"gold_per_floor":[115,130,10,10,23,23,41,51,51,51,61,61,78,92,92,197,197,213,226,244,122,122,122,122,122,146,146,166,166,177,189,189,189],"floor_reached":33,"playtime":1370,"items_purged":["Strike_R","Strike_R"],"score":243,"play_id":"8d12f87f-1f48-4835-b773-c73001db6b3e","local_time":"20190209164013","is_ascension_mode":false,"campfire_choices":[{"data":"Heavy Blade","floor":6,"key":"SMITH"},{"data":"Armaments","floor":12,"key":"SMITH"},{"data":"Whirlwind","floor":15,"key":"SMITH"},{"data":"Rampage","floor":23,"key":"SMITH"},{"data":"Warcry","floor":25,"key":"SMITH"},{"data":"Shrug It Off","floor":27,"key":"SMITH"},{"floor":32,"key":"REST"}],"neow_cost":"NONE","seed_source_timestamp":2408247198953,"circlet_count":0,"master_deck":["Strike_R","Defend_R","Bash","Whirlwind+1","True Grit+1","Heavy Blade+1","Flex","Headbutt","Shrug It Off+1","Iron Wave","Armaments+1","Impervious","Warcry+1","Rampage+1","Pommel Strike","Uppercut"],"relics":["Burning Blood","Red Skull","Empty Cage","Bag of Marbles","MutagenicStrength"],"potions_floor_usage":[31,33],"damage_taken":[{"damage":2,"enemies":"2 Louse","floor":1,"turns":4},{"damage":5,"enemies":"Cultist","floor":2,"turns":4},{"damage":0,"enemies":"Small Slimes","floor":5,"turns":3},{"damage":14,"enemies":"Gremlin Gang","floor":7,"turns":3},{"damage":13,"enemies":"Large Slime","floor":8,"turns":6},{"damage":3,"enemies":"3 Louse","floor":11,"turns":3},{"damage":1,"enemies":"2 Fungi Beasts","floor":13,"turns":4},{"damage":2,"enemies":"Looter","floor":14,"turns":4},{"damage":32,"enemies":"Slime Boss","floor":16,"turns":13},{"damage":10,"enemies":"Chosen","floor":18,"turns":7},{"damage":23,"enemies":"Spheric Guardian","floor":19,"turns":9},{"damage":37,"enemies":"Shelled Parasite and Fungi","floor":20,"turns":11},{"damage":20,"enemies":"Centurion and Healer","floor":28,"turns":7},{"damage":9,"enemies":"Snake Plant","floor":30,"turns":3},{"damage":0,"enemies":"3 Cultists","floor":31,"turns":1},{"damage":59,"enemies":"Automaton","floor":33,"turns":6}],"seed_played":"-8580916406479550437","potions_obtained":[{"floor":2,"key":"Ancient Potion"},{"floor":5,"key":"Ancient Potion"},{"floor":14,"key":"BloodPotion"},{"floor":30,"key":"FearPotion"},{"floor":31,"key":"AttackPotion"}],"is_trial":false,"path_per_floor":["M","M","$","?","M","R","M","M","T","?","M","R","M","M","R","B",null,"M","M","M","$","?","R","$","R","T","R","M","?","M","M","R","B"],"character_chosen":"IRONCLAD","items_purchased":["Flex","Pommel Strike"],"campfire_rested":1,"item_purchase_floors":[3,21],"current_hp_per_floor":[80,80,80,80,80,80,72,65,65,65,68,68,73,77,77,51,80,76,59,28,28,28,28,28,28,28,28,14,14,11,25,49,0],"gold":189,"neow_bonus":"TRANSFORM_CARD","is_prod":false,"is_daily":false,"chose_seed":false,"campfire_upgraded":6,"win_rate":0.0,"timestamp":1549726813,"path_taken":["M","M","$","?","?","R","M","M","T","?","M","R","M","?","R","BOSS","M","?","M","$","?","R","$","R","T","R","M","?","M","M","R","BOSS"],"build_version":"2019-01-23","purchased_purges":2,"victory":false,"max_hp_per_floor":[80,80,80,80,80,80,80,80,80,80,80,80,80,80,80,80,80,80,80,80,80,80,80,80,80,80,80,80,80,80,80,80,80],"card_choices":[{"not_picked":["Clothesline","Thunderclap"],"picked":"True Grit","floor":1},{"not_picked":["Evolve","Battle Trance"],"picked":"Heavy Blade","floor":2},{"not_picked":["Heavy Blade","Body Slam"],"picked":"Headbutt","floor":5},{"not_picked":["Perfected Strike","True Grit"],"picked":"Shrug It Off","floor":7},{"not_picked":["Entrench","Armaments"],"picked":"Iron Wave","floor":8},{"not_picked":["Clothesline","True Grit"],"picked":"Armaments","floor":11},{"not_picked":["Hemokinesis","Cleave","Infernal Blade"],"picked":"SKIP","floor":13},{"not_picked":["Heavy Blade","Headbutt","Cleave"],"picked":"SKIP","floor":14},{"not_picked":["Fiend Fire","Dark Embrace"],"picked":"Impervious","floor":16},{"not_picked":["Pummel","Body Slam"],"picked":"Warcry","floor":18},{"not_picked":["Warcry+1","Armaments","Combust+1"],"picked":"SKIP","floor":19},{"not_picked":["Blood for Blood","True Grit"],"picked":"Rampage","floor":20},{"not_picked":["Heavy Blade","Bludgeon","Perfected Strike"],"picked":"SKIP","floor":28},{"not_picked":["Wild Strike","Feel No Pain"],"picked":"Uppercut","floor":30},{"not_picked":["Feel No Pain","Carnage","Cleave"],"picked":"SKIP","floor":31}],"player_experience":33486,"relics_obtained":[{"floor":9,"key":"Red Skull"},{"floor":26,"key":"Bag of Marbles"}],"event_choices":[{"cards_removed":["Defend_R"],"damage_healed":0,"gold_gain":0,"player_choice":"Purged","damage_taken":0,"max_hp_gain":0,"max_hp_loss":0,"event_name":"Purifier","floor":4,"gold_loss":0},{"damage_healed":0,"gold_gain":0,"player_choice":"Forge","damage_taken":0,"max_hp_gain":0,"max_hp_loss":0,"event_name":"Accursed Blacksmith","floor":10,"gold_loss":0,"cards_upgraded":["True Grit"]},{"cards_removed":["Defend_R"],"damage_healed":0,"gold_gain":0,"player_choice":"Elegance","damage_taken":0,"max_hp_gain":0,"max_hp_loss":0,"event_name":"Back to Basics","floor":22,"gold_loss":0},{"damage_healed":0,"gold_gain":0,"player_choice":"Inject Mutagens","damage_taken":0,"relics_obtained":["MutagenicStrength"],"max_hp_gain":0,"max_hp_loss":0,"event_name":"Drug Dealer","floor":29,"gold_loss":0}],"is_beta":false,"boss_relics":[{"not_picked":["Snecko Eye","Astrolabe"],"picked":"Empty Cage"}],"items_purged_floors":[3,21],"is_endless":false,"potions_floor_spawned":[2,5,14,30,31],"killed_by":"Automaton","ascension_level":0}