{"gold_per_floor":[112,112,127,137,150,150,150,169,218,236,253,253,253,268,268,370,370,390,490,501,517,531,531,542,542,566,566],"floor_reached":27,"playtime":1606,"items_purged":[],"score":211,"play_id":"92cee425-2251-4e97-a752-8b34f456a87b","local_time":"20190121202016","is_ascension_mode":false,"campfire_choices":[{"data":"Dagger Spray","floor":6.0,"key":"SMITH"},{"data":"Cloak And Dagger","floor":12.0,"key":"SMITH"},{"floor":15.0,"key":"REST"},{"data":"Prepared","floor":23,"key":"SMITH"},{"floor":25,"key":"REST"}],"neow_cost":"NONE","seed_source_timestamp":0,"circlet_count":0,"master_deck":["Defend_G","Defend_G","Defend_G","Defend_G","Defend_G","Strike_G","Strike_G","Strike_G","Strike_G","Strike_G","Survivor","Neutralize","Escape Plan","Quick Slash","Terror","Dagger Spray+1","Cloak And Dagger+1","Quick Slash","Dagger Throw","Accuracy","Night Terror","Flechettes+1","Prepared+1","Underhanded Strike"],"special_seed":0,"relics":["Ring of the Snake","Happy Flower","Gremlin Horn","Snecko Eye","Smiling Mask"],"potions_floor_usage":[20,21,24,24,24],"damage_taken":[{"damage":2.0,"enemies":"Small Slimes","floor":1.0,"turns":4.0},{"damage":0.0,"enemies":"Cultist","floor":3.0,"turns":3.0},{"damage":0.0,"enemies":"Jaw Worm","floor":4.0,"turns":2.0},{"damage":27.0,"enemies":"Gremlin Gang","floor":5.0,"turns":6.0},{"damage":1.0,"enemies":"2 Fungi Beasts","floor":8.0,"turns":3.0},{"damage":0.0,"enemies":"3 Louse","floor":10.0,"turns":1.0},{"damage":1.0,"enemies":"Exordium Thugs","floor":11.0,"turns":4.0},{"damage":0.0,"enemies":"Blue Slaver","floor":14.0,"turns":2.0},{"damage":12.0,"enemies":"Slime Boss","floor":16.0,"turns":10.0},{"damage":0,"enemies":"Chosen","floor":18,"turns":4},{"damage":18,"enemies":"Spheric Guardian","floor":20,"turns":6},{"damage":11,"enemies":"Centurion and Healer","floor":21,"turns":5},{"damage":18,"enemies":"3 Cultists","floor":22,"turns":5},{"damage":9,"enemies":"Snake Plant","floor":24,"turns":4},{"damage":44,"enemies":"Centurion and Healer","floor":27,"turns":6}],"seed_played":"7673830363526202434","potions_obtained":[{"floor":1.0,"key":"Poison Potion"},{"floor":3.0,"key":"Block Potion"},{"floor":7.0,"key":"GhostInAJar"},{"floor":7.0,"key":"Block Potion"},{"floor":7.0,"key":"Explosive Potion"},{"floor":10.0,"key":"Block Potion"},{"floor":14.0,"key":"Block Potion"},{"floor":16.0,"key":"FearPotion"},{"floor":18,"key":"Ancient Potion"},{"floor":20,"key":"Energy Potion"},{"floor":22,"key":"EssenceOfSteel"}],"is_trial":false,"path_per_floor":["M","?","M","M","M","R","?","M","T","M","M","R","?","M","R","B",null,"M","?","M","M","M","R","M","R","T","M"],"character_chosen":"THE_SILENT","items_purchased":[],"campfire_rested":2,"item_purchase_floors":[],"current_hp_per_floor":[75,75,75,75,48,48,48,47,47,47,46,46,28,28,51,39,77,77,77,59,48,30,30,21,44,44,0],"gold":566,"neow_bonus":"TEN_PERCENT_HP_BONUS","is_prod":false,"is_daily":false,"chose_seed":false,"campfire_upgraded":3,"win_rate":0.0,"timestamp":1548130816,"path_taken":["M","?","?","M","M","R","?","M","T","M","?","R","?","M","R","BOSS","M","?","M","M","M","R","?","R","T","M"],"build_version":"2019-01-17v2","purchased_purges":0,"victory":false,"max_hp_per_floor":[77,77,77,77,77,77,77,77,77,77,77,77,77,77,77,77,77,77,77,77,77,77,77,77,77,77,77],"card_choices":[{"not_picked":["Masterful Stab","Concentrate"],"picked":"Escape Plan","floor":1.0},{"not_picked":["Prepared","Poisoned Stab"],"picked":"Quick Slash","floor":3.0},{"not_picked":["Underhanded Strike","Catalyst"],"picked":"Terror","floor":4.0},{"not_picked":["Tactician","Distraction"],"picked":"Dagger Spray","floor":5.0},{"not_picked":["Well Laid Plans","Leg Sweep"],"picked":"Cloak And Dagger","floor":8.0},{"not_picked":["Blur","Tactician"],"picked":"Quick Slash","floor":10.0},{"not_picked":["Prepared","Reflex"],"picked":"Dagger Throw","floor":11.0},{"not_picked":["Underhanded Strike","Blade Dance"],"picked":"Accuracy","floor":14.0},{"not_picked":["Storm of Steel","Envenom"],"picked":"Night Terror","floor":16.0},{"not_picked":["Choke","Accuracy","Predator"],"picked":"SKIP","floor":18},{"not_picked":["Deflect+1","Flying Knee+1"],"picked":"Flechettes+1","floor":20},{"not_picked":["Tactician","Backflip"],"picked":"Prepared","floor":21},{"not_picked":["Poisoned Stab","Dodge and Roll"],"picked":"Underhanded Strike","floor":22},{"not_picked":["Prepared","Acrobatics+1","Dodge and Roll"],"picked":"SKIP","floor":24}],"player_experience":142093,"relics_obtained":[{"floor":9.0,"key":"Happy Flower"},{"floor":26,"key":"Smiling Mask"}],"event_choices":[{"damage_healed":0.0,"max_hp_gain":0.0,"max_hp_loss":0.0,"gold_gain":0.0,"event_name":"Purifier","player_choice":"Ignored","floor":2.0,"gold_loss":0.0,"damage_taken":0.0},{"damage_healed":0.0,"max_hp_gain":0.0,"max_hp_loss":0.0,"gold_gain":0.0,"event_name":"Lab","player_choice":"Got Potions","floor":7.0,"gold_loss":0.0,"damage_taken":0.0},{"damage_healed":0.0,"max_hp_gain":0.0,"max_hp_loss":0.0,"gold_gain":0.0,"event_name":"Scrap Ooze","player_choice":"Success","floor":13.0,"gold_loss":0.0,"damage_taken":18.0,"relics_obtained":["Gremlin Horn"]},{"damage_healed":0,"gold_gain":100,"player_choice":"Pray","damage_taken":0,"max_hp_gain":0,"max_hp_loss":0,"event_name":"Golden Shrine","floor":19,"gold_loss":0}],"is_beta":false,"boss_relics":[{"not_picked":["Coffee Dripper","Cursed Key"],"picked":"Snecko Eye"}],"items_purged_floors":[],"is_endless":false,"potions_floor_spawned":[1,3,10,14,16,18,20,22],"killed_by":"Centurion and Healer","ascension_level":0}