{"gold_per_floor":[111,129,140,154,154,154,154,154,208,208,236,236,66,101,101,202,202,221,234,234,264,64,64],"floor_reached":23,"playtime":1605,"items_purged":["Normality"],"score":259,"play_id":"b8efc1af-e2d1-448b-955a-7e09c919d262","local_time":"20180716183654","is_ascension_mode":true,"campfire_choices":[{"data":"Footwork","floor":6,"key":"SMITH"},{"data":"Flechettes","floor":8,"key":"SMITH"},{"data":"Neutralize","floor":10,"key":"SMITH"},{"floor":12,"key":"REST"},{"data":"Terror","floor":15,"key":"SMITH"}],"neow_cost":"NONE","seed_source_timestamp":418982386897781,"circlet_count":0,"master_deck":["Defend_G","Defend_G","Defend_G+1","Defend_G","Defend_G+1","Strike_G","Strike_G+1","Strike_G","Strike_G","Survivor","Neutralize+1","Footwork+1","Flechettes+1","Terror+1","Dagger Throw+1","Acrobatics","Dagger Spray","Outmaneuver","Grand Finale","A Thousand Cuts","Outmaneuver","Concentrate+1","Footwork","Quick Slash"],"relics":["Ring of the Snake","Blood Vial","War Paint","Whetstone","Anchor","Snake Skull","Black Star","Tiny Chest"],"potions_floor_usage":[11,11,20,23],"damage_taken":[{"damage":0,"enemies":"2 Louse","floor":1,"turns":5},{"damage":0,"enemies":"Jaw Worm","floor":2,"turns":5},{"damage":0,"enemies":"Small Slimes","floor":3,"turns":3},{"damage":0,"enemies":"Red Slaver","floor":4,"turns":6},{"damage":12,"enemies":"Gremlin Nob","floor":11,"turns":4},{"damage":12,"enemies":"Lagavulin","floor":14,"turns":11},{"damage":18,"enemies":"The Guardian","floor":16,"turns":17},{"damage":34,"enemies":"Spheric Guardian","floor":18,"turns":6},{"damage":8,"enemies":"Shell Parasite","floor":19,"turns":10},{"damage":9,"enemies":"Snecko","floor":20,"turns":4},{"damage":21,"enemies":"Sentry and Sphere","floor":23,"turns":7}],"seed_played":"-1079523806941434000","potions_obtained":[{"floor":1,"key":"SteroidPotion"},{"floor":4,"key":"Strength Potion"},{"floor":16,"key":"SmokeBomb"},{"floor":18,"key":"GhostInAJar"}],"is_trial":false,"path_per_floor":["M","M","M","M","?","R","?","R","T","R","E","R","$","E","R","B",null,"M","M","M","?","$"],"character_chosen":"THE_SILENT","items_purchased":["Anchor","Outmaneuver","Footwork","Quick Slash"],"campfire_rested":1,"item_purchase_floors":[13,13,22,22],"current_hp_per_floor":[63,63,63,63,51,51,44,44,44,44,34,55,55,45,45,29,60,28,22,15,15,15,0],"gold":64,"neow_bonus":"THREE_CARDS","is_prod":false,"is_daily":false,"chose_seed":false,"campfire_upgraded":4,"win_rate":0,"timestamp":1531732014,"path_taken":["M","M","M","M","?","R","?","R","T","R","E","R","$","E","R","BOSS","M","M","M","?","$","M"],"build_version":"2018-07-12","purchased_purges":1,"victory":false,"max_hp_per_floor":[70,70,70,70,70,70,70,70,70,70,70,70,70,70,70,70,70,70,70,70,70,70,70],"card_choices":[{"not_picked":["Dagger Spray","Leg Sweep"],"picked":"Footwork","floor":0},{"not_picked":["Terror","Outmaneuver"],"picked":"Flechettes","floor":1},{"not_picked":["Underhanded Strike","Slice"],"picked":"Terror","floor":2},{"not_picked":["Malaise","Cloak And Dagger"],"picked":"Dagger Throw","floor":3},{"not_picked":["Masterful Stab","Terror"],"picked":"Acrobatics","floor":4},{"not_picked":["Malaise","Poisoned Stab"],"picked":"Dagger Spray","floor":11},{"not_picked":["Terror","Leg Sweep"],"picked":"Grand Finale","floor":14},{"not_picked":["Venomology","Tactician"],"picked":"A Thousand Cuts","floor":16},{"not_picked":["Reflex","Deflect"],"picked":"Outmaneuver","floor":18},{"not_picked":["Accuracy","Riddle With Holes"],"picked":"Concentrate+1","floor":19}],"player_experience":161324,"relics_obtained":[{"floor":9,"key":"War Paint"},{"floor":11,"key":"Whetstone"},{"floor":14,"key":"Snake Skull"}],"event_choices":[{"event_name":"Scrap Ooze","player_choice":"success","floor":5,"damage_taken":12},{"event_name":"Golden Wing","player_choice":"Card Removal","floor":7,"damage_taken":0},{"event_name":"Accursed Blacksmith","player_choice":"Rummage","floor":21,"damage_taken":0}],"boss_relics":[{"not_picked":["Sozu","Pandora\u0027s Box"],"picked":"Black Star"}],"items_purged_floors":[22],"is_endless":false,"potions_floor_spawned":[1,4,16,18,20],"killed_by":"Sentry and Sphere","ascension_level":6}