{"gold_per_floor":[109,121,121,121,121,154,154,154,154,154,173,191,266,301,301,429,429,447,127,127,147,147,158,177,177,177,190,140,140,90,110,110,212,212,224,174,186,186,186,186,199,199,199,199,149,180,195,145,145,145],"floor_reached":50,"playtime":2252,"items_purged":["Strike_R","Strike_R","Strike_R","Strike_R","Reaper+1","Defend_R"],"score":503,"play_id":"04d70743-c493-4245-8787-5037289fb657","local_time":"20190106000834","is_ascension_mode":false,"campfire_choices":[{"data":"Thunderclap","floor":7,"key":"SMITH"},{"floor":10,"key":"REST"},{"data":"Spot Weakness","floor":15,"key":"SMITH"},{"data":"Rage","floor":25,"key":"SMITH"},{"floor":32,"key":"RECALL"},{"data":"Reaper","floor":40,"key":"SMITH"},{"data":"Dropkick","floor":42,"key":"SMITH"},{"floor":49,"key":"REST"}],"neow_cost":"NONE","seed_source_timestamp":147161952496747,"circlet_count":0,"master_deck":["Defend_R","Defend_R+1","Defend_R+1","Bash+1","Dropkick+1","Thunderclap+1","Spot Weakness+1","Rage+1","Intimidate+1","Dropkick+1","Rampage+1"],"relics":["Burning Blood","War Paint","Bloody Idol","Bag of Marbles","WingedGreaves","Lizard Tail","Mercury Hourglass","Smiling Mask","Sozu","Mummified Hand"],"potions_floor_usage":[6,16,23,23,33,50,50],"damage_taken":[{"damage":7,"enemies":"2 Louse","floor":1,"turns":3},{"damage":5,"enemies":"Small Slimes","floor":2,"turns":3},{"damage":37,"enemies":"Lagavulin","floor":6,"turns":6},{"damage":0,"enemies":"Cultist","floor":11,"turns":2},{"damage":0,"enemies":"Lots of Slimes","floor":12,"turns":1},{"damage":1,"enemies":"3 Sentries","floor":14,"turns":5},{"damage":13,"enemies":"Slime Boss","floor":16,"turns":9},{"damage":20,"enemies":"Chosen","floor":18,"turns":4},{"damage":14,"enemies":"3 Byrds","floor":21,"turns":4},{"damage":15,"enemies":"Centurion and Healer","floor":23,"turns":6},{"damage":27,"enemies":"Snake Plant","floor":24,"turns":4},{"damage":12,"enemies":"Shelled Parasite and Fungi","floor":27,"turns":4},{"damage":19,"enemies":"Snecko","floor":31,"turns":5},{"damage":118,"enemies":"Champ","floor":33,"turns":17},{"damage":5,"enemies":"Orb Walker","floor":35,"turns":3},{"damage":0,"enemies":"3 Shapes","floor":37,"turns":10},{"damage":22,"enemies":"Transient","floor":41,"turns":5},{"damage":34,"enemies":"Reptomancer","floor":46,"turns":6},{"damage":6,"enemies":"Writhing Mass","floor":47,"turns":5},{"damage":84,"enemies":"Time Eater","floor":50,"turns":8}],"seed_played":"3015570977586716349","potions_obtained":[{"floor":1,"key":"SpeedPotion"},{"floor":2,"key":"Block Potion"},{"floor":14,"key":"FearPotion"},{"floor":16,"key":"Poison Potion"},{"floor":21,"key":"Regen Potion"},{"floor":23,"key":"FearPotion"},{"floor":24,"key":"FearPotion"},{"floor":31,"key":"Dexterity Potion"}],"is_trial":false,"path_per_floor":["M","M","?","?","?","E","R","?","T","R","M","M","?","E","R","B",null,"M","$","?","M","?","M","M","R","T","M","$","?","$","M","R","B",null,"M","$","M","?","?","R","M","R","T","?","$","E","M","$","R","B"],"character_chosen":"IRONCLAD","items_purchased":["Mercury Hourglass"],"campfire_rested":2,"item_purchase_floors":[19],"current_hp_per_floor":[79,80,80,80,80,49,49,29,29,53,59,65,54,59,59,52,80,66,66,66,72,64,80,80,80,80,79,79,80,80,78,78,51,80,80,80,80,80,80,80,69,69,69,69,69,46,51,51,75,0],"gold":145,"neow_bonus":"UPGRADE_CARD","is_prod":false,"is_daily":false,"chose_seed":false,"campfire_upgraded":5,"win_rate":0,"timestamp":1546751314,"path_taken":["M","M","?","?","?","E","R","?","T","R","M","M","?","E","R","BOSS","M","$","?","M","?","?","?","R","T","M","$","?","?","M","R","BOSS","M","$","M","?","?","R","M","R","T","?","?","E","M","$","R","BOSS"],"build_version":"2019-01-03v4","purchased_purges":6,"victory":false,"max_hp_per_floor":[80,80,80,80,80,80,80,80,80,80,80,80,80,80,80,80,80,80,80,80,80,80,80,80,80,80,80,80,80,80,80,80,80,80,80,80,80,80,80,80,80,80,80,80,80,80,80,80,80,80],"card_choices":[{"not_picked":["Combust","Twin Strike"],"picked":"Dropkick","floor":1},{"not_picked":["Havoc","Heavy Blade","Warcry"],"picked":"SKIP","floor":2},{"not_picked":["Heavy Blade","Armaments"],"picked":"Thunderclap","floor":6},{"not_picked":["Sword Boomerang","Anger"],"picked":"Spot Weakness","floor":11},{"not_picked":["Iron Wave","Flex"],"picked":"Rage","floor":12},{"not_picked":["Exhume","Wild Strike","Warcry"],"picked":"SKIP","floor":14},{"not_picked":["Exhume","Fiend Fire"],"picked":"Reaper","floor":16},{"not_picked":["Iron Wave+1","Wild Strike"],"picked":"Intimidate+1","floor":18},{"not_picked":["Havoc","Body Slam","Heavy Blade"],"picked":"SKIP","floor":21},{"not_picked":["Clothesline","Clash+1","True Grit"],"picked":"SKIP","floor":23},{"not_picked":["Dual Wield","Infernal Blade"],"picked":"Dropkick+1","floor":24},{"not_picked":["Intimidate","Warcry","Havoc+1"],"picked":"SKIP","floor":27},{"not_picked":["Perfected Strike","Juggernaut","Thunderclap+1"],"picked":"SKIP","floor":31},{"not_picked":["Thunderclap","Intimidate","Metallicize+1"],"picked":"SKIP","floor":35},{"not_picked":["Perfected Strike+1","Power Through","Seeing Red+1"],"picked":"SKIP","floor":37},{"not_picked":["Iron Wave+1","Thunderclap+1"],"picked":"Rampage+1","floor":41},{"not_picked":["Cleave","Uppercut","Bloodletting"],"picked":"SKIP","floor":46},{"not_picked":["Iron Wave+1","Thunderclap","Cleave+1"],"picked":"SKIP","floor":47}],"player_experience":2023420,"relics_obtained":[{"floor":6,"key":"War Paint"},{"floor":9,"key":"Bag of Marbles"},{"floor":14,"key":"WingedGreaves"},{"floor":26,"key":"Smiling Mask"},{"floor":46,"key":"Mummified Hand"}],"event_choices":[{"damage_healed":0,"gold_gain":0,"player_choice":"Ignored","damage_taken":0,"max_hp_gain":0,"max_hp_loss":0,"event_name":"Liars Game","floor":3,"gold_loss":0},{"cards_removed":["Strike_R"],"damage_healed":0,"gold_gain":0,"player_choice":"Forget","damage_taken":0,"max_hp_gain":0,"max_hp_loss":0,"event_name":"Living Wall","floor":4,"gold_loss":0},{"damage_healed":0,"gold_gain":0,"player_choice":"Ignored","damage_taken":0,"max_hp_gain":0,"max_hp_loss":0,"event_name":"Shining Light","floor":5,"gold_loss":0},{"damage_healed":0,"gold_gain":0,"player_choice":"Take Damage","damage_taken":20,"relics_obtained":["Golden Idol"],"max_hp_gain":0,"max_hp_loss":0,"event_name":"Golden Idol","floor":8,"gold_loss":0},{"damage_healed":0,"gold_gain":75,"player_choice":"Gather Gold","damage_taken":11,"max_hp_gain":0,"max_hp_loss":0,"event_name":"World of Goop","floor":13,"gold_loss":0},{"damage_healed":0,"gold_gain":0,"player_choice":"Gave Idol","damage_taken":0,"relics_obtained":["Bloody Idol"],"max_hp_gain":0,"max_hp_loss":0,"event_name":"Forgotten Altar","floor":20,"relics_lost":["Golden Idol"],"gold_loss":0},{"damage_healed":0,"gold_gain":0,"player_choice":"","damage_taken":8,"max_hp_gain":0,"max_hp_loss":0,"event_name":"Knowing Skull","floor":22,"potions_obtained":[],"gold_loss":0,"cards_obtained":[]},{"damage_healed":26,"gold_gain":0,"player_choice":"Heal","damage_taken":0,"max_hp_gain":0,"max_hp_loss":0,"event_name":"The Library","floor":29,"gold_loss":0},{"damage_healed":0,"gold_gain":0,"player_choice":"Memory 1","damage_taken":0,"max_hp_gain":0,"max_hp_loss":0,"event_name":"SensoryStone","floor":38,"gold_loss":0},{"damage_healed":0,"gold_gain":0,"player_choice":"Ignored","damage_taken":0,"max_hp_gain":0,"max_hp_loss":0,"event_name":"Mysterious Sphere","floor":39,"gold_loss":0},{"damage_healed":0,"gold_gain":0,"player_choice":"Ignored","damage_taken":0,"max_hp_gain":0,"max_hp_loss":0,"event_name":"Tomb of Lord Red Mask","floor":44,"gold_loss":0}],"is_beta":false,"boss_relics":[{"not_picked":["Black Star","Busted Crown"],"picked":"Lizard Tail"},{"not_picked":["Astrolabe","Snecko Eye"],"picked":"Sozu"}],"items_purged_floors":[19,28,30,36,45,48],"is_endless":false,"potions_floor_spawned":[1,2,14,16,21,23,24,31,35,46],"killed_by":"Time Eater","ascension_level":0}