{"path_per_floor":["M","M","?","$","?","R","E","R","T","E","R","M","?","M","R"],"character_chosen":"DEFECT","items_purchased":["Redo","Loop"],"gold_per_floor":[117,131,131,9,9,9,34,34,57,88,88,107,107,117,117,117],"floor_reached":16,"campfire_rested":4,"playtime":872,"item_purchase_floors":[4,4],"current_hp_per_floor":[68,53,75,75,68,75,26,48,48,21,43,32,14,6,28,0],"items_purged":[],"gold":117,"score":124,"play_id":"8e69b662-5580-49bd-8f48-e7df74f5ef06","local_time":"20180614213607","is_prod":false,"is_daily":false,"chose_seed":false,"is_ascension_mode":true,"campfire_upgraded":0,"win_rate":0,"timestamp":1529026567,"campfire_choices":[{"floor":6,"key":"REST"},{"floor":8,"key":"REST"},{"floor":11,"key":"REST"},{"floor":15,"key":"REST"}],"path_taken":["M","M","?","$","?","R","E","R","T","E","R","M","?","?","R","BOSS"],"build_version":"2018-06-07v3","seed_source_timestamp":65054945330324,"purchased_purges":0,"victory":false,"master_deck":["Strike_B","Strike_B","Strike_B","Defend_B","Defend_B","Defend_B","Defend_B","Zap","Dualcast","Streamline","Leap","Redo","Loop","Self Repair","Leap","Chill","Sweeping Beam"],"max_hp_per_floor":[75,75,75,75,75,75,75,75,75,75,75,75,75,75,75,75],"relics":["Cracked Core","Omamori","Bag of Preparation","Ornamental Fan","Turnip"],"card_choices":[{"not_picked":["FTL","Tempest"],"picked":"Streamline","floor":1},{"not_picked":["Gash","Skim"],"picked":"Leap","floor":2},{"not_picked":["Compile Driver","Redo"],"picked":"Self Repair","floor":7},{"not_picked":["Turbo","Stack"],"picked":"Leap","floor":10},{"not_picked":["Stack","Hologram"],"picked":"Chill","floor":12},{"not_picked":["Leap","Steam Power"],"picked":"Sweeping Beam","floor":14}],"player_experience":550232,"potions_floor_usage":[14,16],"damage_taken":[{"damage":7,"enemies":"2 Louse","floor":1,"turns":2},{"damage":15,"enemies":"Small Slimes","floor":2,"turns":3},{"damage":49,"enemies":"Lagavulin","floor":7,"turns":7},{"damage":34,"enemies":"3 Sentries","floor":10,"turns":10},{"damage":18,"enemies":"Jaw Worm","floor":12,"turns":4},{"damage":8,"enemies":"Looter","floor":14,"turns":4},{"damage":29,"enemies":"The Guardian","floor":16,"turns":11}],"relics_obtained":[{"floor":7,"key":"Omamori"},{"floor":9,"key":"Bag of Preparation"},{"floor":10,"key":"Ornamental Fan"}],"event_choices":[{"event_name":"Big Fish","player_choice":"Banana","floor":3,"damage_taken":0},{"event_name":"Golden Wing","player_choice":"Card Removal","floor":5,"damage_taken":0},{"event_name":"Scrap Ooze","player_choice":"success","floor":13,"damage_taken":18}],"boss_relics":[],"items_purged_floors":[],"potions_floor_spawned":[2,10,12],"seed_played":"93368263511178194","killed_by":"The Guardian","ascension_level":3,"potions_obtained":[{"floor":2,"key":"SpeedPotion"},{"floor":10,"key":"PowerPotion"},{"floor":12,"key":"Block Potion"}],"is_trial":false}