{"gold_per_floor":[119,135,310,328,345,372,372,372,372,14,26,55,72,82,82,184,184,200,216,19,34,49,49,77,90,90,106,106,134,6,25,25,127,127,137,137,152,0,10,37,37,37,92,111,123,223,242,261,261,261],"floor_reached":50,"playtime":5964,"items_purged":["Strike_R","Strike_R","Strike_R"],"score":770,"play_id":"3340c03e-c06d-4430-aaf0-67b055b1d427","local_time":"20190213112740","is_ascension_mode":true,"campfire_choices":[{"data":"Barricade","floor":7,"key":"SMITH"},{"floor":15,"key":"REST"},{"data":"Body Slam","floor":23,"key":"SMITH"},{"floor":32,"key":"RECALL"},{"data":"Whirlwind","floor":42,"key":"SMITH"},{"data":"True Grit","floor":49,"key":"SMITH"}],"neow_cost":"PERCENT_DAMAGE","seed_source_timestamp":58724011140328,"circlet_count":0,"master_deck":["Strike_R","Strike_R","Defend_R","Defend_R","Defend_R","Defend_R","Bash","Iron Wave","Body Slam","Headbutt","Barricade+1","Flame Barrier","Shrug It Off","Ghostly Armor","Iron Wave","Whirlwind+1","Metallicize","Iron Wave","Reaper","Body Slam+1","Flex+1","Shrug It Off","Iron Wave","Metallicize+1","Bandage Up","True Grit+1","Reaper","Disarm+1","Madness","Dual Wield","Doubt","Metallicize+1","True Grit+1"],"relics":["Burning Blood","Dream Catcher","Spirit Poop","Ornamental Fan","Membership Card","Gambling Chip","Coffee Dripper","ClockworkSouvenir","Tiny Chest","Potion Belt","Incense Burner","Cursed Key","Red Mask","Darkstone Periapt","Red Skull"],"potions_floor_usage":[4,6,12,12,16,19,19,24,25,33,39,40,45,50],"damage_taken":[{"damage":5,"enemies":"Small Slimes","floor":1,"turns":3},{"damage":8,"enemies":"2 Louse","floor":2,"turns":3},{"damage":0,"enemies":"Cultist","floor":4,"turns":4},{"damage":36,"enemies":"Gremlin Gang","floor":5,"turns":8},{"damage":34,"enemies":"Gremlin Nob","floor":6,"turns":5},{"damage":9,"enemies":"Red Slaver","floor":11,"turns":7},{"damage":8,"enemies":"3 Sentries","floor":12,"turns":11},{"damage":11,"enemies":"Lots of Slimes","floor":13,"turns":7},{"damage":0,"enemies":"Large Slime","floor":14,"turns":9},{"damage":30,"enemies":"Slime Boss","floor":16,"turns":14},{"damage":8,"enemies":"Spheric Guardian","floor":18,"turns":9},{"damage":0,"enemies":"Chosen","floor":19,"turns":7},{"damage":0,"enemies":"Snake Plant","floor":21,"turns":7},{"damage":0,"enemies":"Sentry and Sphere","floor":22,"turns":7},{"damage":40,"enemies":"Book of Stabbing","floor":24,"turns":7},{"damage":0,"enemies":"Centurion and Healer","floor":25,"turns":8},{"damage":0,"enemies":"Snecko","floor":27,"turns":5},{"damage":38,"enemies":"Slavers","floor":29,"turns":9},{"damage":2,"enemies":"Snake Plant","floor":31,"turns":5},{"damage":75,"enemies":"Collector","floor":33,"turns":11},{"damage":0,"enemies":"Orb Walker","floor":35,"turns":6},{"damage":10,"enemies":"3 Darklings","floor":37,"turns":7},{"damage":5,"enemies":"Maw","floor":39,"turns":9},{"damage":32,"enemies":"Reptomancer","floor":40,"turns":11},{"damage":16,"enemies":"Spire Growth","floor":44,"turns":7},{"damage":19,"enemies":"Sphere and 2 Shapes","floor":45,"turns":5},{"damage":23,"enemies":"Jaw Worm Horde","floor":47,"turns":6},{"damage":1,"enemies":"Writhing Mass","floor":48,"turns":7},{"damage":164,"enemies":"Donu and Deca","floor":50,"turns":15}],"seed_played":"6353136149083249862","potions_obtained":[{"floor":1,"key":"Fire Potion"},{"floor":5,"key":"LiquidBronze"},{"floor":11,"key":"Strength Potion"},{"floor":12,"key":"AttackPotion"},{"floor":14,"key":"FearPotion"},{"floor":18,"key":"Ancient Potion"},{"floor":22,"key":"PowerPotion"},{"floor":27,"key":"BloodPotion"},{"floor":33,"key":"SmokeBomb"},{"floor":35,"key":"Weak Potion"},{"floor":39,"key":"FearPotion"},{"floor":40,"key":"Poison Potion"},{"floor":47,"key":"Regen Potion"}],"is_trial":false,"path_per_floor":["M","M","?","M","M","E","R","?","T","$","M","E","M","M","R","B",null,"M","M","$","M","M","R","E","M","T","M","?","E","$","M","R","B",null,"M","?","M","?","M","E","?","R","T","M","M","?","M","M","R","B"],"character_chosen":"IRONCLAD","items_purchased":["Membership Card","Ancient Potion","Energy Potion","Shrug It Off","Ghostly Armor","ClockworkSouvenir","Tiny Chest","Bandage Up","True Grit"],"campfire_rested":1,"item_purchase_floors":[10,10,10,10,10,20,20,30,30],"current_hp_per_floor":[73,71,71,77,47,19,19,19,19,19,16,14,9,15,43,19,77,75,84,84,90,96,96,62,68,68,82,82,58,58,66,66,26,79,96,84,96,96,96,96,96,96,102,96,101,101,100,102,102,0],"gold":261,"neow_bonus":"TWENTY_PERCENT_HP_BONUS","is_prod":false,"is_daily":false,"chose_seed":false,"campfire_upgraded":4,"win_rate":0,"timestamp":1550078860,"path_taken":["M","M","?","M","M","E","R","?","T","$","M","E","?","?","R","BOSS","M","?","?","M","?","R","E","M","T","M","?","E","$","M","R","BOSS","M","?","M","?","M","E","?","R","T","M","M","?","M","M","R","BOSS"],"build_version":"2019-02-06","purchased_purges":3,"victory":false,"max_hp_per_floor":[96,96,96,96,96,96,96,96,96,96,96,96,96,96,96,96,96,96,96,96,96,96,96,96,96,96,96,96,96,96,96,96,96,96,96,96,96,96,96,96,96,96,102,102,102,102,102,102,102,102],"card_choices":[{"not_picked":["Sentinel","Clothesline"],"picked":"Iron Wave","floor":1},{"not_picked":["Wild Strike","Burning Pact"],"picked":"Body Slam","floor":2},{"not_picked":["Clash","Pommel Strike"],"picked":"Headbutt","floor":4},{"not_picked":["Inflame","Body Slam"],"picked":"Barricade","floor":5},{"not_picked":["Hemokinesis","Fire Breathing"],"picked":"Flame Barrier","floor":6},{"not_picked":["Cleave","Feel No Pain","Perfected Strike"],"picked":"SKIP","floor":11},{"not_picked":["Exhume","Pommel Strike"],"picked":"Iron Wave","floor":12},{"not_picked":["Dual Wield","Clothesline"],"picked":"Whirlwind","floor":13},{"not_picked":["Shrug It Off","Flame Barrier"],"picked":"Metallicize","floor":14},{"not_picked":["Flex","Headbutt"],"picked":"Iron Wave","floor":15},{"not_picked":["Offering","Dark Embrace"],"picked":"Reaper","floor":16},{"not_picked":["Second Wind+1","Flex"],"picked":"Body Slam","floor":18},{"not_picked":["Iron Wave","Power Through"],"picked":"Flex+1","floor":19},{"not_picked":["Flame Barrier","Cleave","Sentinel"],"picked":"SKIP","floor":21},{"not_picked":["Spot Weakness","Warcry"],"picked":"Shrug It Off","floor":22},{"not_picked":["Clash","Rampage","Power Through"],"picked":"SKIP","floor":24},{"not_picked":["Flame Barrier+1","Clothesline"],"picked":"Iron Wave","floor":25},{"not_picked":["Immolate","Clothesline+1"],"picked":"Metallicize+1","floor":27},{"not_picked":["Hemokinesis","Power Through+1","Thunderclap"],"picked":"SKIP","floor":29},{"not_picked":["Dropkick+1","Wild Strike","Heavy Blade"],"picked":"SKIP","floor":31},{"not_picked":["Limit Break","Brutality"],"picked":"Reaper","floor":33},{"not_picked":["Sword Boomerang","Twin Strike"],"picked":"Disarm+1","floor":35},{"not_picked":["Havoc","Pummel+1","Clothesline+1"],"picked":"SKIP","floor":37},{"not_picked":["Rage","Evolve"],"picked":"Dual Wield","floor":39},{"not_picked":["Rage+1","Cleave","Shrug It Off"],"picked":"SKIP","floor":40},{"not_picked":["Anger+1","Flex+1","Pommel Strike+1"],"picked":"SKIP","floor":44},{"not_picked":["Uppercut+1","Pommel Strike+1","Evolve+1"],"picked":"SKIP","floor":45},{"not_picked":["True Grit+1","Flex"],"picked":"Metallicize+1","floor":47},{"not_picked":["Fiend Fire","Havoc+1"],"picked":"True Grit+1","floor":48}],"player_experience":136472,"relics_obtained":[{"floor":6,"key":"Dream Catcher"},{"floor":9,"key":"Ornamental Fan"},{"floor":12,"key":"Gambling Chip"},{"floor":24,"key":"Potion Belt"},{"floor":29,"key":"Incense Burner"},{"floor":40,"key":"Darkstone Periapt"},{"floor":43,"key":"Red Skull"}],"event_choices":[{"damage_healed":0,"gold_gain":175,"player_choice":"AGREE","damage_taken":0,"max_hp_gain":0,"max_hp_loss":0,"event_name":"Liars Game","floor":3,"gold_loss":0,"cards_obtained":["Doubt"]},{"cards_removed":["Doubt"],"damage_healed":0,"gold_gain":0,"player_choice":"Offered Curse","damage_taken":0,"relics_obtained":["Spirit Poop"],"max_hp_gain":0,"max_hp_loss":0,"event_name":"Bonfire Elementals","floor":8,"gold_loss":0},{"damage_healed":0,"gold_gain":0,"player_choice":"Ignored","damage_taken":0,"max_hp_gain":0,"max_hp_loss":0,"event_name":"The Mausoleum","floor":28,"gold_loss":0},{"damage_healed":0,"gold_gain":0,"player_choice":"Embrace Madness","damage_taken":12,"max_hp_gain":0,"max_hp_loss":0,"event_name":"Winding Halls","floor":36,"gold_loss":0,"cards_obtained":["Madness","Madness"]},{"damage_healed":0,"gold_gain":0,"player_choice":"Paid","damage_taken":0,"relics_obtained":["Red Mask"],"max_hp_gain":0,"max_hp_loss":0,"event_name":"Tomb of Lord Red Mask","floor":38,"gold_loss":152},{"cards_removed":["Madness"],"damage_healed":0,"gold_gain":0,"player_choice":"Removed Skill","damage_taken":0,"max_hp_gain":0,"max_hp_loss":0,"event_name":"Falling","floor":41,"gold_loss":0},{"damage_healed":0,"gold_gain":100,"player_choice":"Pray","damage_taken":0,"max_hp_gain":0,"max_hp_loss":0,"event_name":"Golden Shrine","floor":46,"gold_loss":0}],"is_beta":true,"boss_relics":[{"not_picked":["Empty Cage","Pandora\u0027s Box"],"picked":"Coffee Dripper"},{"not_picked":["Sozu","Astrolabe"],"picked":"Cursed Key"}],"items_purged_floors":[10,20,30],"is_endless":false,"potions_floor_spawned":[1,5,11,12,14,18,22,27,33,35,39,40,47],"killed_by":"Donu and Deca","ascension_level":5}