{"gold_per_floor":[114,4,20,33,49,80,80,80,157,178,178,203,272,286,286,286],"floor_reached":16,"playtime":679,"items_purged":["Strike_R"],"score":146,"play_id":"d8539522-c697-4ad4-ba9c-3ee0240a2e33","local_time":"20180730100626","is_ascension_mode":true,"campfire_choices":[{"floor":7,"key":"REST"},{"data":"Inflame","floor":11,"key":"SMITH"},{"data":"Pummel","floor":15,"key":"SMITH"}],"neow_cost":"NONE","seed_source_timestamp":405147623369963,"circlet_count":0,"master_deck":["Strike_R","Strike_R","Strike_R","Strike_R","Defend_R","Defend_R","Defend_R","Defend_R","Bash","Cleave","Inflame+1","Pommel Strike","Pummel+1","Whirlwind","Carnage","Thunderclap"],"relics":["Burning Blood","Juzu Bracelet","Peace Pipe","Golden Idol","The Courier"],"potions_floor_usage":[5,6,14,16],"damage_taken":[{"damage":3,"enemies":"2 Louse","floor":1,"turns":4},{"damage":4,"enemies":"Small Slimes","floor":3,"turns":3},{"damage":1,"enemies":"Cultist","floor":4,"turns":3},{"damage":41,"enemies":"Exordium Thugs","floor":5,"turns":5},{"damage":20,"enemies":"Lagavulin","floor":6,"turns":6},{"damage":0,"enemies":"3 Louse","floor":10,"turns":1},{"damage":14,"enemies":"2 Fungi Beasts","floor":12,"turns":3},{"damage":8,"enemies":"Large Slime","floor":14,"turns":4},{"damage":51,"enemies":"Hexaghost","floor":16,"turns":7}],"seed_played":"7006293680192867336","potions_obtained":[{"floor":3,"key":"Block Potion"},{"floor":4,"key":"SpeedPotion"},{"floor":12,"key":"SkillPotion"},{"floor":14,"key":"AttackPotion"}],"is_trial":false,"path_per_floor":["M","$","M","M","M","E","R","?","T","M","R","M","?","M","R"],"character_chosen":"IRONCLAD","items_purchased":["Inflame"],"campfire_rested":1,"item_purchase_floors":[2],"current_hp_per_floor":[75,75,77,80,45,31,55,55,55,61,61,53,53,51,51,0],"gold":286,"neow_bonus":"RANDOM_COMMON_RELIC","is_prod":false,"is_daily":false,"chose_seed":false,"campfire_upgraded":2,"win_rate":0,"timestamp":1532959586,"path_taken":["M","$","M","M","M","E","R","?","T","M","R","M","?","M","R","BOSS"],"build_version":"2018-07-26","purchased_purges":1,"victory":false,"max_hp_per_floor":[80,80,80,80,80,80,80,74,74,74,74,74,74,74,74,74],"card_choices":[{"not_picked":["Havoc","Reckless Charge"],"picked":"Cleave","floor":1},{"not_picked":["Fire Breathing","Havoc","Dual Wield"],"picked":"SKIP","floor":3},{"not_picked":["Armaments","Power Through"],"picked":"Pommel Strike","floor":4},{"not_picked":["Pommel Strike","Warcry"],"picked":"Pummel","floor":5},{"not_picked":["Corruption","Havoc"],"picked":"Whirlwind","floor":6},{"not_picked":["Infernal Blade","Anger"],"picked":"Carnage","floor":10},{"not_picked":["Clash","Corruption"],"picked":"Thunderclap","floor":12},{"not_picked":["Sever Soul","Clash","Searing Blow"],"picked":"SKIP","floor":14}],"player_experience":1353630,"relics_obtained":[{"floor":6,"key":"Peace Pipe"},{"floor":9,"key":"The Courier"}],"event_choices":[{"event_name":"Golden Idol","player_choice":"Lose Max HP","floor":8,"damage_taken":0},{"event_name":"Golden Wing","player_choice":"Gained Gold","floor":13,"damage_taken":0}],"is_beta":false,"boss_relics":[],"items_purged_floors":[2],"is_endless":false,"potions_floor_spawned":[3,4,12,14],"killed_by":"Hexaghost","ascension_level":8}