{"gold_per_floor":[111,33,50,60,60,92,92,126,126,139,155,155,155,173,173,278,278,288,288,67,67,67,67,86,86,86,104,119,135,150,163,163,163],"floor_reached":33,"playtime":1602,"items_purged":["Shame"],"score":325,"play_id":"5a98e90d-d081-48aa-b093-ff9415a74056","local_time":"20181022012305","is_ascension_mode":true,"campfire_choices":[{"floor":7,"key":"REST"},{"floor":13,"key":"REST"},{"data":"Glacier","floor":15,"key":"SMITH"},{"data":"Rainbow","floor":23,"key":"SMITH"},{"data":"Fission","floor":25,"key":"SMITH"},{"floor":32,"key":"REST"}],"neow_cost":"CURSE","seed_source_timestamp":122059638767879,"circlet_count":0,"master_deck":["Strike_B","Strike_B","Strike_B","Strike_B","Defend_B","Defend_B","Defend_B","Defend_B","Zap","Dualcast","Shame","Go for the Eyes","Defragment","Sunder","Leap","Chill","Fission+1","Auto Shields","Go for the Eyes","Glacier+1","Buffer","Rainbow+1","Compile Driver","Core Surge","Conserve Battery"],"relics":["Cracked Core","Calipers","Bottled Lightning","Turnip","Incense Burner","Pocketwatch","Nuclear Battery","Bag of Marbles","Strawberry"],"potions_floor_usage":[4,11,16,27,27,28,30,33],"damage_taken":[{"damage":2,"enemies":"2 Louse","floor":1,"turns":3},{"damage":8,"enemies":"Small Slimes","floor":3,"turns":3},{"damage":0,"enemies":"Jaw Worm","floor":4,"turns":3},{"damage":35,"enemies":"Lagavulin","floor":6,"turns":6},{"damage":22,"enemies":"3 Sentries","floor":8,"turns":9},{"damage":0,"enemies":"2 Fungi Beasts","floor":10,"turns":2},{"damage":0,"enemies":"3 Louse","floor":11,"turns":1},{"damage":1,"enemies":"Gremlin Gang","floor":14,"turns":3},{"damage":41,"enemies":"Hexaghost","floor":16,"turns":19},{"damage":0,"enemies":"Spheric Guardian","floor":18,"turns":6},{"damage":8,"enemies":"Chosen","floor":24,"turns":4},{"damage":22,"enemies":"3 Cultists","floor":27,"turns":6},{"damage":0,"enemies":"Snecko","floor":28,"turns":4},{"damage":1,"enemies":"Snake Plant","floor":29,"turns":5},{"damage":18,"enemies":"Centurion and Healer","floor":30,"turns":12},{"damage":21,"enemies":"Shelled Parasite and Fungi","floor":31,"turns":7},{"damage":34,"enemies":"Champ","floor":33,"turns":11}],"seed_played":"5698487524181164822","potions_obtained":[{"floor":3,"key":"Block Potion"},{"floor":10,"key":"GamblersBrew"},{"floor":14,"key":"FocusPotion"},{"floor":16,"key":"PowerPotion"},{"floor":18,"key":"Regen Potion"},{"floor":27,"key":"Weak Potion"},{"floor":30,"key":"PowerPotion"}],"is_trial":false,"path_per_floor":["M","$","M","M","?","E","R","E","T","M","M","?","R","M","R","B",null,"M","?","$","?","$","R","M","R","T","M","M","M","M","M","R"],"character_chosen":"DEFECT","items_purchased":["Defragment","Rainbow","Ancient Potion"],"campfire_rested":3,"item_purchase_floors":[2,20,20],"current_hp_per_floor":[73,73,65,65,70,35,59,37,37,37,37,37,61,60,60,19,80,80,80,80,65,65,65,57,57,64,47,47,46,28,7,34,0],"gold":163,"neow_bonus":"ONE_RARE_RELIC","is_prod":false,"is_daily":false,"chose_seed":false,"campfire_upgraded":3,"win_rate":0,"timestamp":1540189385,"path_taken":["M","$","M","M","?","E","R","E","T","M","M","?","R","M","R","BOSS","M","?","$","?","$","R","M","R","T","M","?","M","?","M","R","BOSS"],"build_version":"2018-10-19","purchased_purges":1,"victory":false,"max_hp_per_floor":[75,75,75,75,80,80,80,80,80,80,80,80,80,80,80,80,80,80,80,80,85,85,85,85,85,92,92,92,92,92,92,92,92],"card_choices":[{"not_picked":["Hologram","Sweeping Beam"],"picked":"Go for the Eyes","floor":1},{"not_picked":["Redo","Multi-Cast"],"picked":"Sunder","floor":3},{"not_picked":["Beam Cell","Fusion"],"picked":"Leap","floor":4},{"not_picked":["Hologram","Gash"],"picked":"Chill","floor":6},{"not_picked":["Force Field","Redo"],"picked":"Fission","floor":8},{"not_picked":["Leap","Force Field"],"picked":"Auto Shields","floor":10},{"not_picked":["Rebound","Auto Shields"],"picked":"Go for the Eyes","floor":11},{"not_picked":["Coolheaded","Scrape"],"picked":"Glacier","floor":14},{"not_picked":["Meteor Strike","Reboot"],"picked":"Buffer","floor":16},{"not_picked":["Self Repair","Steam","Redo"],"picked":"SKIP","floor":18},{"not_picked":["Compile Driver","Rebound+1","Turbo+1"],"picked":"SKIP","floor":24},{"not_picked":["Redo","Rebound","Consume"],"picked":"SKIP","floor":27},{"not_picked":["Coolheaded","Barrage"],"picked":"Compile Driver","floor":28},{"not_picked":["Redo","Rebound"],"picked":"Core Surge","floor":29},{"not_picked":["Gash","Double Energy","Stack+1"],"picked":"SKIP","floor":30},{"not_picked":["Rebound","Aggregate"],"picked":"Conserve Battery","floor":31}],"player_experience":444834,"relics_obtained":[{"floor":6,"key":"Bottled Lightning"},{"floor":8,"key":"Turnip"},{"floor":9,"key":"Incense Burner"},{"floor":26,"key":"Strawberry"}],"event_choices":[{"damage_healed":0,"gold_gain":0,"player_choice":"Donut","damage_taken":0,"max_hp_gain":5,"max_hp_loss":0,"event_name":"Big Fish","floor":5,"gold_loss":0},{"damage_healed":0,"gold_gain":0,"player_choice":"Searched \u00271\u0027 times","damage_taken":0,"relics_obtained":["Pocketwatch"],"max_hp_gain":0,"max_hp_loss":0,"event_name":"Dead Adventurer","floor":12,"gold_loss":0},{"damage_healed":0,"gold_gain":0,"player_choice":"Stole Relic","damage_taken":0,"relics_obtained":["Bag of Marbles"],"max_hp_gain":0,"max_hp_loss":0,"event_name":"Addict","floor":19,"gold_loss":0,"cards_obtained":["Shame"]},{"damage_healed":0,"gold_gain":0,"player_choice":"Shed Blood","damage_taken":20,"max_hp_gain":5,"max_hp_loss":0,"event_name":"Forgotten Altar","floor":21,"gold_loss":0}],"is_beta":true,"boss_relics":[{"not_picked":["Busted Crown","Philosopher\u0027s Stone"],"picked":"Nuclear Battery"}],"items_purged_floors":[20],"is_endless":false,"potions_floor_spawned":[3,10,14,16,18,27,30],"killed_by":"Champ","ascension_level":3}