{"gold_per_floor":[109,123,103,28,28,28,5,5,59,59,84,84,84,100,100,175,175,144,144,44,44,54,54,67,83,83,83],"floor_reached":27,"playtime":1311,"items_purged":["Strike_B","Strike_B"],"score":366,"play_id":"6b979ad2-4982-49cf-b180-6b9919b48fc8","local_time":"20180907111718","is_ascension_mode":true,"campfire_choices":[{"data":"Dualcast","floor":6,"key":"SMITH"},{"data":"Compile Driver","floor":8,"key":"SMITH"},{"data":"Glacier","floor":12,"key":"SMITH"},{"floor":15,"key":"REST"},{"data":"Fission","floor":23,"key":"SMITH"}],"neow_cost":"NONE","seed_source_timestamp":1508326578547852,"circlet_count":0,"master_deck":["Strike_B","Defend_B","Defend_B","Defend_B","Defend_B","Zap+1","Dualcast+1","AscendersBane","Go for the Eyes","Glacier+1","Compile Driver+1","Decay","Genetic Algorithm","Defragment+1","Fission+1","Glacier","Barrage","Rebound","Coolheaded","Compile Driver","Sweeping Beam+1","Defragment+1","Decay","Streamline","Defragment+1","Regret"],"relics":["Cursed Key","Boot","Cables","Frozen Egg 2","Orrery","Shuriken"],"potions_floor_usage":[16,27],"damage_taken":[{"damage":0,"enemies":"Small Slimes","floor":1,"turns":3},{"damage":0,"enemies":"Cultist","floor":2,"turns":3},{"damage":6,"enemies":"Lagavulin","floor":11,"turns":8},{"damage":0,"enemies":"Jaw Worm","floor":14,"turns":4},{"damage":10,"enemies":"The Guardian","floor":16,"turns":14},{"damage":15,"enemies":"2 Thieves","floor":18,"turns":5},{"damage":5,"enemies":"Chosen","floor":22,"turns":6},{"damage":25,"enemies":"Sentry and Sphere","floor":24,"turns":7},{"damage":26,"enemies":"Shelled Parasite and Fungi","floor":25,"turns":8},{"damage":7,"enemies":"Snake Plant","floor":27,"turns":2}],"seed_played":"4676713307087966178","potions_obtained":[{"floor":3,"key":"FairyPotion"},{"floor":11,"key":"FearPotion"},{"floor":25,"key":"SkillPotion"}],"is_trial":false,"path_per_floor":["M","M","?","$","?","R","$","R","T","?","E","R","?","M","R","B",null,"M","?","$","?","M","R","M","M","T"],"character_chosen":"DEFECT","items_purchased":["Compile Driver"],"campfire_rested":1,"item_purchase_floors":[7],"current_hp_per_floor":[64,64,64,64,64,64,64,64,64,64,58,58,51,51,71,61,69,54,54,54,54,49,49,24,7,7,0],"gold":83,"neow_bonus":"BOSS_RELIC","is_prod":false,"is_daily":false,"chose_seed":false,"campfire_upgraded":4,"win_rate":0,"timestamp":1536333438,"path_taken":["M","M","?","$","?","R","?","R","T","?","E","R","?","M","R","BOSS","M","?","$","?","M","R","?","M","T","M"],"build_version":"2018-09-06","purchased_purges":2,"victory":false,"max_hp_per_floor":[71,71,71,71,71,71,71,71,71,71,71,71,71,71,71,71,71,71,71,71,71,71,71,71,71,71,71],"card_choices":[{"not_picked":["Hologram","BootSequence"],"picked":"Go for the Eyes","floor":1},{"not_picked":["Go for the Eyes","Compile Driver"],"picked":"Glacier","floor":2},{"not_picked":["Blizzard","Double Energy"],"picked":"Genetic Algorithm","floor":11},{"not_picked":["Go for the Eyes","Lockon"],"picked":"Defragment+1","floor":14},{"not_picked":["Thunder Strike","Rainbow"],"picked":"Fission","floor":16},{"not_picked":["Barrage","Streamline"],"picked":"Glacier","floor":17},{"not_picked":["Leap","Rip and Tear"],"picked":"Barrage","floor":17},{"not_picked":["Steam","Biased Cognition+1"],"picked":"Rebound","floor":17},{"not_picked":["Cold Snap","Ball Lightning"],"picked":"Coolheaded","floor":17},{"not_picked":["Steam Power","Undo"],"picked":"Compile Driver","floor":17},{"not_picked":["Storm+1","Leap"],"picked":"Sweeping Beam+1","floor":18},{"not_picked":["Go for the Eyes","Static Discharge+1"],"picked":"Streamline","floor":22},{"not_picked":["Self Repair+1","Streamline"],"picked":"Defragment+1","floor":24},{"not_picked":["Storm+1","Amplify","Streamline"],"picked":"SKIP","floor":25}],"player_experience":1522075,"relics_obtained":[{"floor":9,"key":"Boot"},{"floor":11,"key":"Frozen Egg 2"},{"floor":26,"key":"Shuriken"}],"event_choices":[{"event_name":"The Woman in Blue","player_choice":"Bought 1 Potion","floor":3,"damage_taken":0},{"event_name":"Living Wall","player_choice":"Grow","floor":5,"damage_taken":0},{"event_name":"Dead Adventurer","player_choice":"Searched \u00271\u0027 times","floor":10,"damage_taken":0},{"event_name":"Golden Wing","player_choice":"Card Removal","floor":13,"damage_taken":0},{"event_name":"Duplicator","player_choice":"One dupe","floor":19,"damage_taken":0},{"event_name":"Forgotten Altar","player_choice":"Smashed Altar","floor":21,"damage_taken":0}],"is_beta":false,"boss_relics":[{"not_picked":["Philosopher\u0027s Stone","Velvet Choker"],"picked":"Orrery"}],"items_purged_floors":[4,20],"is_endless":false,"potions_floor_spawned":[11,14,25],"killed_by":"Snake Plant","ascension_level":15}