{"gold_per_floor":[114,129,144,159,174,204,204,219,219,219,234,234,35,50,50,150,150,165,88,88,88,88,118,133,148,148,148,163,163,38,68,68,168,168,183,209,224,55,70,100,115,130,130,49,49,79,94,47,47,47],"floor_reached":51,"playtime":2213,"items_purged":[],"score":1076,"play_id":"a5a9962b-0388-4794-a2e6-84fcde9946c9","local_time":"20181008120814","daily_mods":["Chimera","Vintage","Careless"],"is_ascension_mode":false,"campfire_choices":[{"data":"Bash","floor":7,"key":"SMITH"},{"data":"Creative AI","floor":15,"key":"SMITH"},{"floor":27,"key":"REST"},{"floor":29,"key":"REST"},{"data":"Self Repair","floor":32,"key":"SMITH"},{"data":"Buffer","floor":45,"key":"SMITH"},{"data":"1","floor":49,"key":"LIFT"}],"neow_cost":"","seed_source_timestamp":0,"circlet_count":0,"master_deck":["Bash+1","Survivor","Zap+1","Strike_G","Strike_B","Defend_R","Defend_G","Defend_B","Sunder+1","Creative AI+1","FTL+1","Barrage+1","Reboot","FTL+1","All For One+1","Glacier+1","Self Repair+1","Go for the Eyes+1","Meteor Strike+1","Buffer+1","Ball Lightning+1","Conserve Battery","Hello World","Hologram","Undo+1","Defragment","Cold Snap+1"],"special_seed":17812,"relics":["Cracked Core","Gambling Chip","Smiling Mask","Molten Egg 2","Ornamental Fan","Strawberry","Darkstone Periapt","Lantern","Dodecahedron","Mummified Hand","Omamori","Pocketwatch","Sundial","Runic Dome","Bronze Scales","Necronomicon","DataDisk","Mercury Hourglass","Dead Branch","Singing Bowl","Blood Vial","Letter Opener","Regal Pillow","Inserter","Art of War","Turnip","Cables","Bottled Flame","Bag of Marbles","WingedGreaves","Girya","Du-Vu Doll","Bag of Preparation","Boot"],"potions_floor_usage":[50,50],"damage_taken":[{"damage":10,"enemies":"Small Slimes","floor":1,"turns":3},{"damage":3,"enemies":"Jaw Worm","floor":2,"turns":3},{"damage":0,"enemies":"Cultist","floor":3,"turns":3},{"damage":10,"enemies":"3 Louse","floor":4,"turns":4},{"damage":0,"enemies":"Blue Slaver","floor":5,"turns":4},{"damage":16,"enemies":"Gremlin Nob","floor":6,"turns":4},{"damage":0,"enemies":"Gremlin Gang","floor":8,"turns":3},{"damage":0,"enemies":"Looter","floor":11,"turns":2},{"damage":0,"enemies":"Large Slime","floor":14,"turns":3},{"damage":0,"enemies":"Slime Boss","floor":16,"turns":4},{"damage":1,"enemies":"Shell Parasite","floor":18,"turns":2},{"damage":0,"enemies":"Gremlin Leader","floor":23,"turns":3},{"damage":0,"enemies":"Spheric Guardian","floor":24,"turns":1},{"damage":11,"enemies":"Shelled Parasite and Fungi","floor":25,"turns":4},{"damage":0,"enemies":"Cultist and Chosen","floor":28,"turns":2},{"damage":0,"enemies":"Slavers","floor":31,"turns":3},{"damage":0,"enemies":"Automaton","floor":33,"turns":6},{"damage":0,"enemies":"3 Darklings","floor":35,"turns":4},{"damage":0,"enemies":"Mysterious Sphere","floor":36,"turns":2},{"damage":0,"enemies":"3 Shapes","floor":37,"turns":2},{"damage":10,"enemies":"Spire Growth","floor":39,"turns":3},{"damage":0,"enemies":"2 Orb Walkers","floor":40,"turns":2},{"damage":0,"enemies":"Transient","floor":41,"turns":5},{"damage":0,"enemies":"Reptomancer","floor":42,"turns":2},{"damage":9,"enemies":"Giant Head","floor":46,"turns":4},{"damage":0,"enemies":"Maw","floor":47,"turns":2},{"damage":0,"enemies":"Time Eater","floor":50,"turns":4}],"seed_played":"7730725528943051246","potions_obtained":[{"floor":1,"key":"Ancient Potion"},{"floor":4,"key":"FocusPotion"},{"floor":5,"key":"Block Potion"},{"floor":31,"key":"PowerPotion"}],"is_trial":false,"path_per_floor":["M","M","M","M","M","E","R","M","T","?","M","?","$","M","R","B",null,"M","$","?","?","?","E","M","M","T","R","M","R","$","E","R","B",null,"M","?","M","$","M","E","M","M","T","$","R","E","M","$","R","B"],"character_chosen":"DEFECT","items_purchased":["Creative AI","FTL+1","Barrage+1","FTL+1","Self Repair","Go for the Eyes+1","Conserve Battery","Hello World","Hologram","Defragment","Cold Snap+1"],"campfire_rested":2,"item_purchase_floors":[13,13,13,19,30,30,38,38,38,44,48],"current_hp_per_floor":[65,62,62,52,59,43,43,43,43,36,36,36,36,36,36,36,82,81,81,65,65,65,65,65,54,54,78,78,82,82,82,82,82,82,82,82,82,82,82,82,82,82,82,82,82,84,84,84,84,84],"gold":47,"neow_bonus":"","is_prod":false,"is_daily":true,"chose_seed":false,"campfire_upgraded":4,"win_rate":0,"timestamp":1538993294,"path_taken":["M","M","M","M","M","E","R","M","T","?","M","?","$","M","R","BOSS","M","$","?","?","?","E","M","M","T","R","M","R","$","E","R","BOSS","M","?","M","$","M","E","?","M","T","$","R","E","?","$","R","BOSS"],"build_version":"2018-10-04v2","purchased_purges":0,"victory":true,"max_hp_per_floor":[75,75,75,75,82,82,82,82,82,82,82,82,82,82,82,82,82,82,82,82,82,82,82,82,82,82,82,82,82,82,82,82,82,82,82,82,82,82,82,82,82,82,82,82,82,84,84,84,84,84],"card_choices":[{"not_picked":["Recycle","Steam"],"picked":"Sunder+1","floor":6},{"not_picked":["Machine Learning","All For One+1"],"picked":"Reboot","floor":16},{"not_picked":["Lockon+1","Go for the Eyes+1"],"picked":"Glacier+1","floor":23},{"not_picked":["Ball Lightning+1","Capacitor"],"picked":"Meteor Strike+1","floor":31},{"not_picked":["Reboot","Core Surge+1"],"picked":"Buffer","floor":33},{"not_picked":["Rebound+1","Force Field"],"picked":"Ball Lightning+1","floor":36},{"not_picked":["Heatsinks","Creative AI"],"picked":"Undo+1","floor":40},{"not_picked":["Leap","Conserve Battery","Hologram+1"],"picked":"Singing Bowl","floor":46}],"player_experience":1517401,"relics_obtained":[{"floor":1,"key":"Gambling Chip"},{"floor":2,"key":"Smiling Mask"},{"floor":3,"key":"Molten Egg 2"},{"floor":4,"key":"Ornamental Fan"},{"floor":5,"key":"Strawberry"},{"floor":6,"key":"Darkstone Periapt"},{"floor":8,"key":"Lantern"},{"floor":9,"key":"Dodecahedron"},{"floor":11,"key":"Omamori"},{"floor":14,"key":"Pocketwatch"},{"floor":16,"key":"Sundial"},{"floor":18,"key":"Bronze Scales"},{"floor":20,"key":"Necronomicon"},{"floor":23,"key":"DataDisk"},{"floor":24,"key":"Mercury Hourglass"},{"floor":25,"key":"Dead Branch"},{"floor":26,"key":"Singing Bowl"},{"floor":28,"key":"Blood Vial"},{"floor":31,"key":"Letter Opener"},{"floor":33,"key":"Regal Pillow"},{"floor":35,"key":"Art of War"},{"floor":36,"key":"Turnip"},{"floor":37,"key":"Cables"},{"floor":39,"key":"Bottled Flame"},{"floor":40,"key":"Bag of Marbles"},{"floor":41,"key":"WingedGreaves"},{"floor":42,"key":"Girya"},{"floor":43,"key":"Du-Vu Doll"},{"floor":46,"key":"Bag of Preparation"},{"floor":47,"key":"Boot"}],"event_choices":[{"event_name":"Scrap Ooze","player_choice":"success","floor":10,"damage_taken":7},{"event_name":"Living Wall","player_choice":"Grow","floor":12,"damage_taken":0},{"event_name":"Cursed Tome","player_choice":"Obtained Book","floor":20,"damage_taken":0},{"event_name":"Transmorgrifier","player_choice":"Transform","floor":21,"damage_taken":0},{"event_name":"Match and Keep!","player_choice":"0 cards matched","floor":22,"damage_taken":0},{"event_name":"Mysterious Sphere","player_choice":"Fight","floor":36,"damage_taken":0}],"is_beta":false,"boss_relics":[{"not_picked":["Lizard Tail","Runic Pyramid"],"picked":"Runic Dome"},{"not_picked":["Snecko Eye","Pandora\u0027s Box"],"picked":"Inserter"}],"items_purged_floors":[],"is_endless":false,"potions_floor_spawned":[1,4,5,8,16,18,23,31,33,39,40,41,42],"ascension_level":0}