{"gold_per_floor":[112,123,10,26,26,26,42,42,67,93,93,117,117,42,42,119,119,136,136,37,37,0,0,0,0,0,0,0,17,17,17,17,17],"floor_reached":33,"playtime":1407,"items_purged":["Strike_B"],"score":474,"play_id":"eff5d6ec-7fce-467f-a694-7379eaab0cd3","local_time":"20190210165356","is_ascension_mode":true,"campfire_choices":[{"floor":6,"key":"REST"},{"floor":11,"key":"REST"},{"floor":15,"key":"REST"},{"data":"Echo Form","floor":23,"key":"SMITH"},{"floor":25,"key":"REST"},{"data":"Rip and Tear","floor":28,"key":"SMITH"},{"floor":30,"key":"REST"},{"data":"Reinforced Body","floor":32,"key":"SMITH"}],"neow_cost":"NONE","seed_source_timestamp":613169609711242,"circlet_count":0,"master_deck":["AscendersBane","Strike_B","Strike_B","Defend_B","Defend_B","Defend_B","Defend_B","Zap","Dualcast","Auto Shields","Cold Snap","Loop","Sweeping Beam","Rip and Tear+1","Reinforced Body+1","Auto Shields","Ball Lightning","Melter","Steam","Echo Form+1","Go for the Eyes","Leap","White Noise","Rip and Tear","White Noise","Conserve Battery"],"special_seed":0,"relics":["Sozu","Dream Catcher","Pen Nib","Blood Vial","Philosopher\u0027s Stone","Bag of Preparation","Pear"],"potions_floor_usage":[],"damage_taken":[{"damage":0,"enemies":"2 Louse","floor":1,"turns":2},{"damage":14,"enemies":"Small Slimes","floor":2,"turns":5},{"damage":2,"enemies":"Jaw Worm","floor":4,"turns":4},{"damage":10,"enemies":"2 Fungi Beasts","floor":7,"turns":2},{"damage":54,"enemies":"Gremlin Nob","floor":10,"turns":5},{"damage":10,"enemies":"The Guardian","floor":16,"turns":12},{"damage":18,"enemies":"Shell Parasite","floor":18,"turns":5},{"damage":9,"enemies":"2 Thieves","floor":22,"turns":5},{"damage":28,"enemies":"Colosseum Slavers","floor":24,"turns":5},{"damage":10,"enemies":"Snake Plant","floor":29,"turns":5},{"damage":78,"enemies":"Automaton","floor":33,"turns":8}],"seed_played":"-8634766782251401269","potions_obtained":[],"is_trial":false,"path_per_floor":["M","M","$","M","?","R","M","?","T","E","R","T","?","$","R","B",null,"M","?","$","?","M","R","?","R","T","?","R","M","R","T","R","B"],"character_chosen":"DEFECT","items_purchased":["Loop","Sweeping Beam","Melter","Leap"],"campfire_rested":5,"item_purchase_floors":[3,3,14,20],"current_hp_per_floor":[64,50,50,48,41,62,52,57,57,3,25,25,25,25,47,39,67,51,51,51,51,44,44,18,40,40,40,40,32,54,64,64,0],"gold":17,"neow_bonus":"BOSS_RELIC","is_prod":false,"is_daily":false,"chose_seed":false,"campfire_upgraded":3,"win_rate":0,"timestamp":1549835636,"path_taken":["M","M","$","M","?","R","M","?","T","E","R","?","?","?","R","BOSS","M","?","$","?","M","R","?","R","T","?","R","?","R","?","R","BOSS"],"build_version":"2019-01-23","purchased_purges":1,"victory":false,"max_hp_per_floor":[71,71,71,71,71,71,71,76,76,76,76,76,76,76,76,76,76,76,76,76,76,76,76,76,76,76,76,76,76,76,86,86,86],"card_choices":[{"not_picked":["Streamline","Turbo"],"picked":"Auto Shields","floor":1},{"not_picked":["Conserve Battery","Turbo"],"picked":"Cold Snap","floor":2},{"not_picked":["Go for the Eyes","Fusion"],"picked":"Rip and Tear","floor":4},{"not_picked":["Sweeping Beam","Skim"],"picked":"Reinforced Body","floor":7},{"not_picked":["Steam","Amplify"],"picked":"Auto Shields","floor":10},{"not_picked":["Go for the Eyes","Barrage"],"picked":"Ball Lightning","floor":11},{"not_picked":["Gash","Self Repair"],"picked":"Steam","floor":15},{"not_picked":["Core Surge","Buffer"],"picked":"Echo Form","floor":16},{"not_picked":["Chaos","Undo"],"picked":"Go for the Eyes","floor":18},{"not_picked":["Coolheaded","Sweeping Beam"],"picked":"White Noise","floor":22},{"not_picked":["Barrage+1","Rebound"],"picked":"Rip and Tear","floor":25},{"not_picked":["Cold Snap","Rebound"],"picked":"White Noise","floor":29},{"not_picked":["Reprogram","Compile Driver+1"],"picked":"Conserve Battery","floor":30}],"player_experience":2385182,"relics_obtained":[{"floor":9,"key":"Dream Catcher"},{"floor":10,"key":"Pen Nib"},{"floor":12,"key":"Blood Vial"},{"floor":26,"key":"Bag of Preparation"},{"floor":31,"key":"Pear"}],"event_choices":[{"cards_removed":["Strike_B"],"damage_healed":0,"gold_gain":0,"player_choice":"Card Removal","damage_taken":7,"max_hp_gain":0,"max_hp_loss":0,"event_name":"Golden Wing","floor":5,"gold_loss":0},{"damage_healed":0,"gold_gain":0,"player_choice":"Donut","damage_taken":0,"max_hp_gain":5,"max_hp_loss":0,"event_name":"Big Fish","floor":8,"gold_loss":0},{"damage_healed":0,"gold_gain":0,"player_choice":"Ignored","damage_taken":0,"max_hp_gain":0,"max_hp_loss":0,"event_name":"Shining Light","floor":13,"gold_loss":0},{"damage_healed":0,"gold_gain":0,"player_choice":"Ignored","damage_taken":0,"max_hp_gain":0,"max_hp_loss":0,"event_name":"The Mausoleum","floor":21,"gold_loss":0},{"damage_healed":0,"gold_gain":0,"player_choice":"Fight","damage_taken":0,"max_hp_gain":0,"max_hp_loss":0,"event_name":"Colosseum","floor":24,"gold_loss":0},{"damage_healed":0,"gold_gain":0,"player_choice":"Fled From Nobs","damage_taken":0,"max_hp_gain":0,"max_hp_loss":0,"event_name":"Colosseum","floor":24,"gold_loss":0}],"is_beta":false,"boss_relics":[{"not_picked":["Pandora\u0027s Box","Tiny House"],"picked":"Philosopher\u0027s Stone"}],"items_purged_floors":[20],"is_endless":false,"potions_floor_spawned":[4,10,24,29],"killed_by":"Automaton","ascension_level":20}