{"path_per_floor":["M","M","M","?","$","?","E","?","T","?","E","R","M","M","R","B",null,"M","$","?","M","M","R","M","T","T","?","?","R","M","M","R"],"character_chosen":"IRONCLAD","items_purchased":["Twin Strike","Madness","Whetstone","Dropkick"],"gold_per_floor":[112,124,143,143,2,0,34,34,34,34,64,64,78,91,91,192,192,204,14,14,33,46,46,59,83,162,194,194,194,209,221,221,221],"floor_reached":33,"campfire_rested":5,"playtime":2247,"current_hp_per_floor":[80,80,80,80,80,80,52,36,36,36,20,44,48,53,77,67,80,64,64,64,43,34,58,42,49,49,27,27,53,42,30,56,0],"items_purged":[],"gold":221,"score":282,"play_id":"7fa3b373-4ccb-42ec-954d-64c10b3a30c9","local_time":"20180521223058","is_prod":false,"is_daily":false,"chose_seed":false,"is_ascension_mode":false,"campfire_upgraded":0,"timestamp":1526956258,"campfire_choices":[{"floor":12,"key":"REST"},{"floor":15,"key":"REST"},{"floor":23,"key":"REST"},{"floor":29,"key":"REST"},{"floor":32,"key":"REST"}],"path_taken":["M","M","M","?","$","?","E","?","T","?","E","R","M","M","R","BOSS","M","$","?","M","?","R","M","?","T","?","?","R","?","M","R","BOSS"],"build_version":"2018-05-17","seed_source_timestamp":66927116976085,"purchased_purges":0,"victory":false,"master_deck":["Strike_R+1","Strike_R+1","Strike_R+1","Strike_R+1","Strike_R+1","Defend_R+1","Defend_R+1","Defend_R+1","Defend_R+1","Bash","Flex","Combust+1","Rampage+1","Twin Strike","Madness","Anger+1","Decay","Uppercut","Headbutt","Carnage","Impervious","Anger","Thunderclap","Shockwave","Armaments","Inflame","Anger","Dropkick","Clothesline","Warcry+1","Iron Wave","Thunderclap","Rage","Anger"],"max_hp_per_floor":[80,80,80,80,80,80,80,80,80,80,80,80,80,80,80,80,80,80,80,80,80,80,80,80,87,87,87,87,87,87,87,87,87],"relics":["Burning Blood","NeowsBlessing","Mercury Hourglass","Orichalcum","Bronze Scales","Orrery","Whetstone","Strawberry","Bottled Tornado","Red Mask"],"card_choices":[{"not_picked":["Clash","Second Wind"],"picked":"Flex","floor":1},{"not_picked":["Seeing Red","Sentinel"],"picked":"Combust","floor":2},{"not_picked":["Sword Boomerang","Seeing Red"],"picked":"Rampage","floor":3},{"not_picked":["Warcry","Sentinel"],"picked":"Anger","floor":7},{"not_picked":["Exhume","Body Slam"],"picked":"Uppercut","floor":11},{"not_picked":["Pommel Strike","Sword Boomerang"],"picked":"Headbutt","floor":13},{"not_picked":["Flex","Fire Breathing"],"picked":"Carnage","floor":14},{"not_picked":["Fiend Fire","Exhume"],"picked":"Impervious","floor":16},{"not_picked":["Inflame","Sword Boomerang"],"picked":"Anger","floor":17},{"not_picked":["Clothesline","Dropkick"],"picked":"Thunderclap","floor":17},{"not_picked":["Iron Wave","Thunderclap"],"picked":"Shockwave","floor":17},{"not_picked":["Power Through","True Grit"],"picked":"Armaments","floor":17},{"not_picked":["Pommel Strike","Intimidate"],"picked":"Inflame","floor":17},{"not_picked":["Wild Strike+1","Havoc+1"],"picked":"Anger","floor":18},{"not_picked":["Sentinel","Battle Trance"],"picked":"Clothesline","floor":21},{"not_picked":["Fiend Fire","Shrug It Off"],"picked":"Warcry+1","floor":22},{"not_picked":["Pommel Strike","Pummel"],"picked":"Iron Wave","floor":24},{"not_picked":["Pommel Strike","Hemokinesis"],"picked":"Thunderclap","floor":27},{"not_picked":["Pommel Strike+1","Dropkick+1"],"picked":"Rage","floor":30},{"not_picked":["Pummel","Sword Boomerang"],"picked":"Anger","floor":31}],"player_experience":51545,"potions_floor_usage":[7,31,31,31,33],"damage_taken":[{"damage":0,"enemies":"Small Slimes","floor":1,"turns":1},{"damage":0,"enemies":"Cultist","floor":2,"turns":1},{"damage":0,"enemies":"Jaw Worm","floor":3,"turns":1},{"damage":34,"enemies":"Lagavulin","floor":7,"turns":4},{"damage":22,"enemies":"Gremlin Nob","floor":11,"turns":4},{"damage":2,"enemies":"Looter","floor":13,"turns":2},{"damage":1,"enemies":"2 Fungi Beasts","floor":14,"turns":2},{"damage":16,"enemies":"Slime Boss","floor":16,"turns":6},{"damage":22,"enemies":"Shell Parasite","floor":18,"turns":4},{"damage":27,"enemies":"Chosen","floor":21,"turns":3},{"damage":15,"enemies":"Snake Plant","floor":22,"turns":3},{"damage":22,"enemies":"Slaver and Parasite","floor":24,"turns":5},{"damage":28,"enemies":"Masked Bandits","floor":27,"turns":4},{"damage":17,"enemies":"Chosen and Byrds","floor":30,"turns":5},{"damage":23,"enemies":"Centurion and Healer","floor":31,"turns":5},{"damage":56,"enemies":"Collector","floor":33,"turns":7}],"relics_obtained":[{"floor":7,"key":"Mercury Hourglass"},{"floor":9,"key":"Orichalcum"},{"floor":11,"key":"Bronze Scales"},{"floor":25,"key":"Strawberry"},{"floor":26,"key":"Bottled Tornado"},{"floor":27,"key":"Red Mask"}],"event_choices":[{"event_name":"Accursed Blacksmith","player_choice":"Forge","floor":4,"damage_taken":0},{"event_name":"World of Goop","player_choice":"Left","floor":6,"damage_taken":0},{"event_name":"Shining Light","player_choice":"Entered Light","floor":8,"damage_taken":0},{"event_name":"Wheel of Change","player_choice":"Curse","floor":10,"damage_taken":0},{"event_name":"Back to Basics","player_choice":"Simplicity","floor":20,"damage_taken":0},{"event_name":"Masked Bandits","player_choice":"Fought over 162 gold","floor":27,"damage_taken":0},{"event_name":"Vampires","player_choice":"Ignored","floor":28,"damage_taken":0}],"boss_relics":[{"not_picked":["Snecko Eye","Philosopher\u0027s Stone"],"picked":"Orrery"}],"potions_floor_spawned":[2,11,16,24,27,30,31],"seed_played":"5649244631024811506","killed_by":"Collector","ascension_level":0,"potions_obtained":[{"floor":2,"key":"Poison Potion"},{"floor":11,"key":"PowerPotion"},{"floor":16,"key":"Poison Potion"},{"floor":24,"key":"Regen Potion"},{"floor":31,"key":"Fire Potion"}],"is_trial":false}