{"gold_per_floor":[109,120,45,45,59,59,70,98,98,129,29,46,58,58,58,161,161,180,197,25,25,38,68,68,88,88,37,37,37],"floor_reached":29,"playtime":2517,"items_purged":["Strike_B","Strike_B"],"score":318,"play_id":"c85338e6-7223-41cd-aa5f-1da912f3109c","local_time":"20190212203346","is_ascension_mode":true,"campfire_choices":[{"data":"Chill","floor":6,"key":"SMITH"},{"floor":15,"key":"DIG"},{"data":"Apotheosis","floor":24,"key":"SMITH"},{"floor":28,"key":"REST"}],"neow_cost":"NONE","seed_source_timestamp":25048528212877,"circlet_count":0,"master_deck":["Strike_B","Strike_B","Defend_B","Defend_B","Defend_B","Zap+1","Dualcast","Cold Snap","Chill+1","Compile Driver","FTL","Reboot","Reprogram","Apotheosis+1","Capacitor+1","Chaos+1","Coolheaded"],"relics":["Cracked Core","Pantograph","Mango","Shovel","Bag of Preparation","Art of War","Nuclear Battery","Gremlin Horn"],"potions_floor_usage":[8,10,16,23,23,29],"damage_taken":[{"damage":0,"enemies":"2 Louse","floor":1,"turns":2},{"damage":0,"enemies":"Cultist","floor":2,"turns":3},{"damage":5,"enemies":"Jaw Worm","floor":5,"turns":4},{"damage":4,"enemies":"Exordium Thugs","floor":7,"turns":5},{"damage":2,"enemies":"3 Sentries","floor":8,"turns":9},{"damage":12,"enemies":"Gremlin Nob","floor":10,"turns":4},{"damage":0,"enemies":"Exordium Wildlife","floor":12,"turns":2},{"damage":0,"enemies":"Large Slime","floor":13,"turns":3},{"damage":25,"enemies":"Slime Boss","floor":16,"turns":12},{"damage":33,"enemies":"Shell Parasite","floor":18,"turns":7},{"damage":0,"enemies":"Chosen","floor":19,"turns":4},{"damage":1,"enemies":"3 Cultists","floor":22,"turns":6},{"damage":31,"enemies":"Book of Stabbing","floor":23,"turns":6},{"damage":16,"enemies":"Shelled Parasite and Fungi","floor":25,"turns":4},{"damage":44,"enemies":"Slavers","floor":29,"turns":5}],"seed_played":"-3221257743159781187","potions_obtained":[{"floor":1,"key":"SpeedPotion"},{"floor":8,"key":"PowerPotion"},{"floor":13,"key":"Explosive Potion"},{"floor":16,"key":"FocusPotion"},{"floor":19,"key":"Swift Potion"}],"is_trial":false,"path_per_floor":["M","M","$","?","M","R","M","E","T","E","$","M","M","T","R","B",null,"M","M","$","?","M","E","R","M","T","$","R","E"],"character_chosen":"DEFECT","items_purchased":["Apotheosis","Swift Potion"],"campfire_rested":1,"item_purchase_floors":[20,27],"current_hp_per_floor":[82,82,82,82,77,77,73,71,85,73,73,73,73,73,73,71,96,63,63,63,63,62,31,31,15,15,15,43,0],"gold":37,"neow_bonus":"TEN_PERCENT_HP_BONUS","is_prod":false,"is_daily":false,"chose_seed":false,"campfire_upgraded":2,"win_rate":0,"timestamp":1550000026,"path_taken":["M","M","$","?","M","R","M","E","T","E","?","?","M","?","R","BOSS","M","M","$","?","M","E","R","M","T","?","R","E"],"build_version":"2019-01-23","purchased_purges":2,"victory":false,"max_hp_per_floor":[82,82,82,82,82,82,82,82,96,96,96,96,96,96,96,96,96,96,96,96,96,96,96,96,96,96,96,96,96],"card_choices":[{"not_picked":["Self Repair","Hologram"],"picked":"Cold Snap","floor":1},{"not_picked":["Storm","Streamline"],"picked":"Chill","floor":2},{"not_picked":["Hologram","Loop"],"picked":"Compile Driver","floor":5},{"not_picked":["Conserve Battery","Leap"],"picked":"FTL","floor":7},{"not_picked":["Scrape","Barrage"],"picked":"Reboot","floor":8},{"not_picked":["Redo","Beam Cell","Doom and Gloom"],"picked":"SKIP","floor":10},{"not_picked":["Leap","Skim","Ball Lightning"],"picked":"SKIP","floor":12},{"not_picked":["Static Discharge","Consume"],"picked":"Reprogram","floor":13},{"not_picked":["Stack","Chill","Reinforced Body"],"picked":"SKIP","floor":18},{"not_picked":["Stack","Rebound","Leap"],"picked":"SKIP","floor":19},{"not_picked":["Storm","Recycle"],"picked":"Capacitor+1","floor":22},{"not_picked":["Leap","Conserve Battery"],"picked":"Chaos+1","floor":23},{"not_picked":["Hologram","Doom and Gloom"],"picked":"Coolheaded","floor":25}],"player_experience":71614,"relics_obtained":[{"floor":8,"key":"Pantograph"},{"floor":9,"key":"Mango"},{"floor":10,"key":"Shovel"},{"floor":14,"key":"Bag of Preparation"},{"floor":15,"key":"Art of War"},{"floor":23,"key":"Gremlin Horn"}],"event_choices":[{"damage_healed":0,"gold_gain":0,"player_choice":"Upgraded","damage_taken":0,"max_hp_gain":0,"max_hp_loss":0,"event_name":"Upgrade Shrine","floor":4,"gold_loss":0,"cards_upgraded":["Zap"]},{"cards_removed":["Defend_B"],"damage_healed":0,"gold_gain":0,"player_choice":"Offered Basic","damage_taken":0,"max_hp_gain":0,"max_hp_loss":0,"event_name":"Bonfire Elementals","floor":21,"gold_loss":0}],"is_beta":false,"boss_relics":[{"not_picked":["Philosopher\u0027s Stone","Lizard Tail"],"picked":"Nuclear Battery"}],"items_purged_floors":[3,11],"is_endless":false,"potions_floor_spawned":[1,8,13,16,19],"killed_by":"Slavers","ascension_level":3}