{"gold_per_floor":[115,22,22,35,46,62,32,42,66,66,78,10,27,46,46,146,196,210,227,227,299,0,0,0,11,11,11,11,22,22,53,53,155,155,174,189,189,203,203,232,248,348,348,348,379,247,247,247,247,247],"floor_reached":50,"playtime":3216,"items_purged":["Fission"],"score":537,"play_id":"dd4f7ab4-f4b8-407a-9e6c-a26ed87ecf5a","local_time":"20190122014730","is_ascension_mode":false,"campfire_choices":[{"data":"Capacitor","floor":10,"key":"SMITH"},{"data":"Storm","floor":15,"key":"SMITH"},{"data":"Storm","floor":23,"key":"SMITH"},{"data":"Defragment","floor":27,"key":"SMITH"},{"data":"Amplify","floor":32,"key":"SMITH"},{"floor":49,"key":"RECALL"}],"neow_cost":"NONE","seed_source_timestamp":183092320435557,"circlet_count":0,"master_deck":["Zap","Dualcast","BootSequence","Loop+1","Cold Snap","Hologram","Storm+1","Capacitor+1","Redo","Coolheaded","Self Repair","Static Discharge","Storm+1","Amplify+1","Defragment+1","Loop+1","Loop","Glacier","Coolheaded","Conserve Battery","Biased Cognition","Scrape","Fusion","Chaos","Double Energy","Sweeping Beam","BootSequence","Conserve Battery","Chrysalis","White Noise+1","Hello World+1","Hello World","Defragment","Panacea"],"relics":["Velvet Choker","Tiny House","Nilry\u0027s Codex","Pantograph","Oddly Smooth Stone","Letter Opener","Matryoshka","Potion Belt","Pandora\u0027s Box","Juzu Bracelet","StoneCalendar","Dream Catcher","Meat on the Bone","Smiling Mask"],"potions_floor_usage":[8,16,16,25,33,44,44,50,50,50],"damage_taken":[{"damage":4,"enemies":"Cultist","floor":1,"turns":4},{"damage":0,"enemies":"Small Slimes","floor":4,"turns":4},{"damage":1,"enemies":"Jaw Worm","floor":5,"turns":3},{"damage":17,"enemies":"Gremlin Gang","floor":6,"turns":5},{"damage":8,"enemies":"Exordium Thugs","floor":8,"turns":4},{"damage":2,"enemies":"Exordium Wildlife","floor":11,"turns":5},{"damage":0,"enemies":"Blue Slaver","floor":13,"turns":4},{"damage":0,"enemies":"2 Fungi Beasts","floor":14,"turns":4},{"damage":7,"enemies":"Hexaghost","floor":16,"turns":9},{"damage":15,"enemies":"Shell Parasite","floor":18,"turns":5},{"damage":0,"enemies":"Chosen","floor":19,"turns":4},{"damage":21,"enemies":"Centurion and Healer","floor":25,"turns":4},{"damage":0,"enemies":"Cultist and Chosen","floor":29,"turns":4},{"damage":16,"enemies":"Gremlin Leader","floor":31,"turns":4},{"damage":26,"enemies":"Collector","floor":33,"turns":5},{"damage":21,"enemies":"3 Darklings","floor":35,"turns":3},{"damage":8,"enemies":"3 Shapes","floor":36,"turns":4},{"damage":21,"enemies":"Transient","floor":38,"turns":5},{"damage":21,"enemies":"Giant Head","floor":40,"turns":7},{"damage":7,"enemies":"Spire Growth","floor":41,"turns":4},{"damage":0,"enemies":"Mind Bloom Boss Battle","floor":42,"turns":4},{"damage":43,"enemies":"2 Orb Walkers","floor":44,"turns":4},{"damage":27,"enemies":"Reptomancer","floor":45,"turns":5},{"damage":41,"enemies":"Time Eater","floor":50,"turns":5}],"seed_played":"-7966194072879662589","potions_obtained":[{"floor":1,"key":"Ancient Potion"},{"floor":7,"key":"SkillPotion"},{"floor":7,"key":"EssenceOfSteel"},{"floor":8,"key":"Block Potion"},{"floor":17,"key":"SmokeBomb"},{"floor":18,"key":"Ancient Potion"},{"floor":19,"key":"Regen Potion"},{"floor":31,"key":"SpeedPotion"},{"floor":36,"key":"FearPotion"},{"floor":42,"key":"Energy Potion"},{"floor":45,"key":"Strength Potion"}],"is_trial":false,"path_per_floor":["M","$","?","M","M","M","?","M","T","R","M","$","M","M","R","B",null,"M","M","?","T","$","R","$","M","T","R","T","M","?","E","R","B",null,"M","M","?","M","?","E","M","?","T","?","E","$","?","?","R","B"],"character_chosen":"DEFECT","items_purchased":["Loop","Cold Snap","Self Repair","Loop","Glacier","Oddly Smooth Stone","Coolheaded","Hello World"],"campfire_rested":0,"item_purchase_floors":[2,2,12,22,22,22,22,46],"current_hp_per_floor":[71,71,71,71,70,53,53,45,45,45,43,43,50,57,57,57,80,79,80,64,64,64,64,64,69,69,69,69,76,76,67,67,61,80,59,51,51,44,44,30,23,62,62,31,16,16,16,16,16,0],"gold":247,"neow_bonus":"BOSS_RELIC","is_prod":false,"is_daily":false,"chose_seed":false,"campfire_upgraded":5,"win_rate":0,"timestamp":1548083850,"path_taken":["M","?","?","M","M","M","?","?","T","R","M","?","M","M","R","BOSS","M","M","?","?","$","R","?","M","T","R","?","?","?","E","R","BOSS","M","M","?","M","?","E","M","?","T","?","E","?","?","?","R","BOSS"],"build_version":"2019-01-17v2","purchased_purges":1,"victory":false,"max_hp_per_floor":[75,75,75,75,75,75,75,75,75,75,75,75,75,75,75,75,80,80,80,80,80,80,80,80,80,80,80,80,80,80,80,80,80,80,80,80,80,80,80,80,80,80,80,80,80,80,80,80,80,80],"card_choices":[{"not_picked":["Blizzard","Lockon"],"picked":"BootSequence","floor":1},{"not_picked":["Compile Driver","Go for the Eyes"],"picked":"Hologram","floor":4},{"not_picked":["Leap","Rebound"],"picked":"Storm","floor":5},{"not_picked":["Turbo","Cold Snap"],"picked":"Capacitor","floor":6},{"not_picked":["Gash","Stack"],"picked":"Redo","floor":8},{"not_picked":["Cold Snap","Go for the Eyes"],"picked":"Coolheaded","floor":11},{"not_picked":["Lockon","Tempest"],"picked":"Static Discharge","floor":13},{"not_picked":["Recycle","Barrage"],"picked":"Storm","floor":14},{"not_picked":["All For One","Reboot"],"picked":"Amplify","floor":16},{"not_picked":["Ball Lightning","Capacitor"],"picked":"Defragment","floor":18},{"not_picked":["Beam Cell","Recycle+1"],"picked":"Loop+1","floor":19},{"not_picked":["Compile Driver","Go for the Eyes"],"picked":"Conserve Battery","floor":25},{"not_picked":["Rip and Tear","Streamline+1","Ball Lightning"],"picked":"SKIP","floor":29},{"not_picked":["Coolheaded","Cold Snap+1","Compile Driver"],"picked":"SKIP","floor":31},{"not_picked":["All For One","Core Surge"],"picked":"Biased Cognition","floor":33},{"not_picked":["Cold Snap","Glacier+1"],"picked":"Conserve Battery","floor":35},{"not_picked":["Barrage","Steam","Aggregate"],"picked":"SKIP","floor":36},{"not_picked":["Impatience","Madness"],"picked":"Chrysalis","floor":37},{"not_picked":["Ball Lightning+1","Beam Cell","Turbo"],"picked":"SKIP","floor":38},{"not_picked":["BootSequence","Ball Lightning+1"],"picked":"White Noise+1","floor":40},{"not_picked":["Rebound","Redo"],"picked":"Hello World+1","floor":41},{"not_picked":["Sweeping Beam","Aggregate+1","Lockon+1"],"picked":"SKIP","floor":45}],"player_experience":483713,"relics_obtained":[{"floor":20,"key":"Nilry\u0027s Codex"},{"floor":21,"key":"Pantograph"},{"floor":26,"key":"Letter Opener"},{"floor":28,"key":"Matryoshka"},{"floor":31,"key":"Potion Belt"},{"floor":40,"key":"Juzu Bracelet"},{"floor":42,"key":"StoneCalendar"},{"floor":43,"key":"Dream Catcher"},{"floor":43,"key":"Meat on the Bone"},{"floor":45,"key":"Smiling Mask"}],"event_choices":[{"damage_healed":0,"gold_gain":0,"player_choice":"Grow","damage_taken":0,"max_hp_gain":0,"max_hp_loss":0,"event_name":"Living Wall","floor":3,"gold_loss":0,"cards_upgraded":["Loop"]},{"damage_healed":0,"gold_gain":0,"player_choice":"Bought 2 Potions","damage_taken":0,"max_hp_gain":0,"max_hp_loss":0,"event_name":"The Woman in Blue","floor":7,"gold_loss":0},{"damage_healed":0,"gold_gain":0,"player_choice":"Obtained Book","damage_taken":16,"max_hp_gain":0,"max_hp_loss":0,"event_name":"Cursed Tome","floor":20,"gold_loss":0},{"damage_healed":0,"gold_gain":0,"player_choice":"Ignored","damage_taken":0,"max_hp_gain":0,"max_hp_loss":0,"event_name":"Beggar","floor":30,"gold_loss":0},{"damage_healed":0,"gold_gain":0,"player_choice":"Memory 1","damage_taken":0,"max_hp_gain":0,"max_hp_loss":0,"event_name":"SensoryStone","floor":37,"gold_loss":0},{"damage_healed":0,"gold_gain":0,"player_choice":"Ignored","damage_taken":0,"max_hp_gain":0,"max_hp_loss":0,"event_name":"NoteForYourself","floor":39,"gold_loss":0},{"damage_healed":0,"gold_gain":0,"player_choice":"Fight","damage_taken":0,"max_hp_gain":0,"max_hp_loss":0,"event_name":"MindBloom","floor":42,"gold_loss":0},{"damage_healed":0,"gold_gain":0,"player_choice":"Fight","damage_taken":0,"max_hp_gain":0,"max_hp_loss":0,"event_name":"Mysterious Sphere","floor":44,"gold_loss":0},{"cards_removed":["Melter"],"damage_healed":0,"gold_gain":0,"player_choice":"Removed Attack","damage_taken":0,"max_hp_gain":0,"max_hp_loss":0,"event_name":"Falling","floor":47,"gold_loss":0},{"damage_healed":0,"gold_gain":0,"player_choice":"2 cards matched","damage_taken":0,"max_hp_gain":0,"max_hp_loss":0,"event_name":"Match and Keep!","floor":48,"gold_loss":0,"cards_obtained":["Defragment","Panacea"]}],"is_beta":false,"boss_relics":[{"not_picked":["Philosopher\u0027s Stone","Ectoplasm"],"picked":"Tiny House"},{"not_picked":["Runic Dome","Coffee Dripper"],"picked":"Pandora\u0027s Box"}],"items_purged_floors":[46],"is_endless":false,"potions_floor_spawned":[1,8,13,14,18,19,31,36,42,44,45],"killed_by":"Time Eater","ascension_level":0}