{"gold_per_floor":[17,37,56,56,11,40,40,58,58,58,87,87,87,97,97,193,223,233,72,82,102,116,116,145,145],"floor_reached":25,"playtime":1938,"items_purged":[],"score":310,"play_id":"169fbd8b-44ab-4aad-9b2e-f4bdbd148754","local_time":"20180714140110","is_ascension_mode":true,"campfire_choices":[{"data":"Reflex","floor":7,"key":"SMITH"},{"data":"Corpse Explosion","floor":10,"key":"SMITH"},{"data":"Caltrops","floor":13,"key":"SMITH"},{"floor":15,"key":"REST"},{"floor":23,"key":"REST"}],"neow_cost":"NO_GOLD","seed_source_timestamp":229305343336731,"circlet_count":0,"master_deck":["Defend_G","Defend_G","Defend_G","Defend_G+1","Strike_G","Strike_G+1","Strike_G","Strike_G","Survivor+1","Neutralize+1","Caltrops+1","Prepared+1","Escape Plan","Deadly Poison","Reflex+1","Corpse Explosion+1","PiercingWail","Regret","PiercingWail+1","Burst","Escape Plan+1","Acrobatics+1","Burst","PiercingWail","Terror","Terror","Noxious Fumes+1"],"relics":["Ring of the Snake","Paper Crane","Pantograph","Whetstone","Gambling Chip","Tiny House","War Paint"],"potions_floor_usage":[6,6,11,16,16,16,18,24,25],"damage_taken":[{"damage":0,"enemies":"Small Slimes","floor":1,"turns":5},{"damage":0,"enemies":"2 Louse","floor":2,"turns":4},{"damage":0,"enemies":"Cultist","floor":3,"turns":5},{"damage":11,"enemies":"Gremlin Nob","floor":6,"turns":4},{"damage":3,"enemies":"Looter","floor":8,"turns":3},{"damage":10,"enemies":"Lagavulin","floor":11,"turns":6},{"damage":0,"enemies":"Exordium Wildlife","floor":14,"turns":2},{"damage":21,"enemies":"Slime Boss","floor":16,"turns":12},{"damage":6,"enemies":"Spheric Guardian","floor":18,"turns":4},{"damage":2,"enemies":"2 Thieves","floor":20,"turns":4},{"damage":25,"enemies":"Centurion and Healer","floor":21,"turns":5},{"damage":25,"enemies":"Slaver and Parasite","floor":22,"turns":5},{"damage":30,"enemies":"Slavers","floor":24,"turns":4},{"damage":36,"enemies":"Cultist and Chosen","floor":25,"turns":4}],"seed_played":"-7600690325851022864","potions_obtained":[{"floor":1,"key":"Poison Potion"},{"floor":2,"key":"LiquidBronze"},{"floor":8,"key":"EntropicBrew"},{"floor":17,"key":"Energy Potion"},{"floor":18,"key":"FearPotion"},{"floor":24,"key":"Regen Potion"}],"is_trial":false,"path_per_floor":["M","M","M","?","$","E","R","M","T","R","E","?","R","M","R","B",null,"M","$","M","M","M","R","E"],"character_chosen":"THE_SILENT","items_purchased":["Deadly Poison","Burst"],"campfire_rested":2,"item_purchase_floors":[5,19],"current_hp_per_floor":[70,70,70,56,56,45,45,42,42,42,32,32,32,32,53,49,75,69,69,67,42,17,39,9,0],"gold":145,"neow_bonus":"REMOVE_TWO","is_prod":false,"is_daily":false,"chose_seed":false,"campfire_upgraded":3,"win_rate":0,"timestamp":1531542670,"path_taken":["M","M","M","?","$","E","R","M","T","R","E","?","R","M","R","BOSS","M","$","M","M","M","R","E","M"],"build_version":"2018-07-12","purchased_purges":0,"victory":false,"max_hp_per_floor":[70,70,70,70,70,70,70,70,70,70,70,70,70,70,70,70,75,75,75,75,75,75,75,75,75],"card_choices":[{"not_picked":["Outmaneuver","Backstab"],"picked":"Caltrops","floor":1},{"not_picked":["Skewer","Cloak And Dagger"],"picked":"Prepared","floor":2},{"not_picked":["Slice","Flying Knee"],"picked":"Escape Plan","floor":3},{"not_picked":["Setup","Skewer"],"picked":"Reflex","floor":6},{"not_picked":["Poisoned Stab","Bouncing Flask"],"picked":"Corpse Explosion","floor":8},{"not_picked":["Blade Dance","Dash"],"picked":"PiercingWail","floor":11},{"not_picked":["Malaise","Outmaneuver"],"picked":"PiercingWail","floor":14},{"not_picked":["Grand Finale","Storm of Steel"],"picked":"Burst","floor":16},{"not_picked":["All Out Attack","Slice"],"picked":"Escape Plan","floor":17},{"not_picked":["Setup","Underhanded Strike"],"picked":"Acrobatics+1","floor":18},{"not_picked":["Heel Hook","Choke"],"picked":"PiercingWail","floor":20},{"not_picked":["Riddle With Holes","Flechettes+1"],"picked":"Terror","floor":21},{"not_picked":["Underhanded Strike","Quick Slash"],"picked":"Terror","floor":22},{"not_picked":["Quick Slash+1","Accuracy+1"],"picked":"Noxious Fumes+1","floor":24}],"player_experience":130228,"relics_obtained":[{"floor":6,"key":"Paper Crane"},{"floor":9,"key":"Pantograph"},{"floor":11,"key":"Whetstone"},{"floor":24,"key":"War Paint"}],"event_choices":[{"event_name":"Shining Light","player_choice":"Entered Light","floor":4,"damage_taken":0},{"event_name":"Big Fish","player_choice":"Box","floor":12,"damage_taken":0}],"boss_relics":[{"not_picked":["Orrery","Velvet Choker"],"picked":"Tiny House"}],"items_purged_floors":[],"is_endless":false,"potions_floor_spawned":[1,2,8,14,18,24],"killed_by":"Cultist and Chosen","ascension_level":4}