{"gold_per_floor":[99,99,99,99,99,99,99,99,99,99,99,99,99,99,99,99,99,99,99,14,14,14],"floor_reached":22,"playtime":1067,"items_purged":[],"score":335,"play_id":"86bed0a1-975b-4cf3-8e1a-747fcee786f8","local_time":"20181112100625","is_ascension_mode":true,"campfire_choices":[{"data":"Neutralize","floor":6,"key":"SMITH"},{"floor":8,"key":"REST"},{"floor":11,"key":"REST"},{"floor":15,"key":"REST"}],"neow_cost":"NONE","seed_source_timestamp":564317799043446,"circlet_count":0,"master_deck":["AscendersBane","Defend_G","Defend_G","Defend_G","Defend_G","Defend_G","Strike_G","Strike_G","Strike_G","Strike_G","Strike_G","Survivor","Neutralize+1","Dodge and Roll","Backflip","Cloak And Dagger","Envenom","Flying Knee","Cloak And Dagger","Cloak And Dagger","Unload","Dash","Cloak And Dagger"],"relics":["Ectoplasm","Ginger","Shuriken","Dodecahedron","Golden Idol","Sozu","Molten Egg 2"],"potions_floor_usage":[4,10,16,16],"damage_taken":[{"damage":0,"enemies":"2 Louse","floor":1,"turns":3},{"damage":0,"enemies":"Jaw Worm","floor":2,"turns":4},{"damage":4,"enemies":"Small Slimes","floor":4,"turns":5},{"damage":43,"enemies":"Lagavulin","floor":7,"turns":10},{"damage":28,"enemies":"Gremlin Nob","floor":10,"turns":5},{"damage":8,"enemies":"Blue Slaver","floor":12,"turns":4},{"damage":7,"enemies":"Large Slime","floor":13,"turns":6},{"damage":14,"enemies":"Slime Boss","floor":16,"turns":10},{"damage":15,"enemies":"3 Byrds","floor":18,"turns":6},{"damage":14,"enemies":"Colosseum Slavers","floor":19,"turns":5},{"damage":0,"enemies":"Chosen","floor":21,"turns":4},{"damage":34,"enemies":"Sentry and Sphere","floor":22,"turns":5}],"seed_played":"6224398080166074400","potions_obtained":[{"floor":1,"key":"Regen Potion"},{"floor":7,"key":"Fire Potion"},{"floor":10,"key":"Strength Potion"},{"floor":13,"key":"Explosive Potion"}],"is_trial":false,"path_per_floor":["M","M","?","M","?","R","E","R","T","E","R","M","M","?","R","B",null,"M","?","?","M","M"],"character_chosen":"THE_SILENT","items_purchased":[],"campfire_rested":3,"item_purchase_floors":[],"current_hp_per_floor":[63,63,52,62,62,62,19,40,40,12,33,25,18,18,37,23,55,40,26,26,26,0],"gold":14,"neow_bonus":"BOSS_RELIC","is_prod":false,"is_daily":false,"chose_seed":false,"campfire_upgraded":1,"win_rate":0,"timestamp":1542035185,"path_taken":["M","M","?","M","?","R","E","R","T","E","R","M","M","?","R","BOSS","M","?","?","M","?"],"build_version":"2018-11-08","purchased_purges":0,"victory":false,"max_hp_per_floor":[70,70,70,70,70,70,70,70,70,70,70,70,70,65,65,65,65,65,65,65,65,65],"card_choices":[{"not_picked":["Concentrate","Slice"],"picked":"Dodge and Roll","floor":1},{"not_picked":["Slice","Accuracy"],"picked":"Backflip","floor":2},{"not_picked":["Calculated Gamble","Deadly Poison"],"picked":"Cloak And Dagger","floor":4},{"not_picked":["Quick Slash","Prepared"],"picked":"Envenom","floor":7},{"not_picked":["Bane","Outmaneuver"],"picked":"Flying Knee","floor":10},{"not_picked":["Predator","Skewer"],"picked":"Cloak And Dagger","floor":12},{"not_picked":["Deadly Poison","Flying Knee"],"picked":"Cloak And Dagger","floor":13},{"not_picked":["Phantasmal Killer","Doppelganger"],"picked":"Unload","floor":16},{"not_picked":["Poisoned Stab","Predator"],"picked":"Dash","floor":18},{"not_picked":["Dodge and Roll","Acrobatics"],"picked":"Cloak And Dagger","floor":21}],"player_experience":1679253,"relics_obtained":[{"floor":7,"key":"Ginger"},{"floor":9,"key":"Shuriken"},{"floor":10,"key":"Dodecahedron"}],"event_choices":[{"damage_healed":0,"gold_gain":75,"player_choice":"Gather Gold","damage_taken":11,"max_hp_gain":0,"max_hp_loss":0,"event_name":"World of Goop","floor":3,"gold_loss":0},{"damage_healed":0,"gold_gain":0,"player_choice":"Ignored","damage_taken":0,"max_hp_gain":0,"max_hp_loss":0,"event_name":"Shining Light","floor":5,"gold_loss":0},{"damage_healed":0,"gold_gain":0,"player_choice":"Lose Max HP","damage_taken":0,"relics_obtained":["Golden Idol"],"max_hp_gain":0,"max_hp_loss":5,"event_name":"Golden Idol","floor":14,"gold_loss":0},{"damage_healed":0,"gold_gain":0,"player_choice":"Fight","damage_taken":0,"max_hp_gain":0,"max_hp_loss":0,"event_name":"Colosseum","floor":19,"gold_loss":0},{"damage_healed":0,"gold_gain":0,"player_choice":"Fled From Nobs","damage_taken":0,"max_hp_gain":0,"max_hp_loss":0,"event_name":"Colosseum","floor":19,"gold_loss":0},{"damage_healed":0,"gold_gain":0,"player_choice":"Obtained Relic","damage_taken":0,"relics_obtained":["Molten Egg 2"],"max_hp_gain":0,"max_hp_loss":0,"event_name":"Addict","floor":20,"gold_loss":85}],"is_beta":false,"boss_relics":[{"not_picked":["Calling Bell","Runic Pyramid"],"picked":"Sozu"}],"items_purged_floors":[],"is_endless":false,"potions_floor_spawned":[1,7,10,13,18],"killed_by":"Sentry and Sphere","ascension_level":12}