{"gold_per_floor":[117,117,133,32,52,52,52,63,89,14,39,70,87,99,99,170,170,182,182,192,202,53,84,84],"floor_reached":24,"playtime":1296,"items_purged":["Pain","Strike_G"],"score":399,"play_id":"a5e65468-7cc0-4541-9903-b3c8f48832b3","local_time":"20190204185557","is_ascension_mode":true,"campfire_choices":[{"data":"Cloak And Dagger","floor":6,"key":"SMITH"},{"floor":15,"key":"REST"}],"neow_cost":"NONE","seed_source_timestamp":102665014428952,"circlet_count":0,"master_deck":["AscendersBane","Defend_G","Defend_G","Defend_G","Defend_G","Defend_G","Strike_G","Strike_G","Strike_G","Survivor","Neutralize","Riddle With Holes","Blur","Blade Dance","Cloak And Dagger+1","Skewer","Crippling Poison","Caltrops","Deadly Poison","Heel Hook","Corpse Explosion","PiercingWail","Infinite Blades","Backflip","Bane"],"relics":["Ring of the Snake","NeowsBlessing","WarpedTongs","Dream Catcher","Strawberry","PreservedInsect","Sozu","Regal Pillow"],"potions_floor_usage":[7,16],"damage_taken":[{"damage":0,"enemies":"2 Louse","floor":1,"turns":1},{"damage":1,"enemies":"Cultist","floor":3,"turns":1},{"damage":0,"enemies":"Small Slimes","floor":5,"turns":1},{"damage":0,"enemies":"Gremlin Nob","floor":7,"turns":1},{"damage":7,"enemies":"Blue Slaver","floor":8,"turns":4},{"damage":18,"enemies":"3 Sentries","floor":12,"turns":8},{"damage":1,"enemies":"Large Slime","floor":13,"turns":6},{"damage":13,"enemies":"Lots of Slimes","floor":14,"turns":3},{"damage":41,"enemies":"Slime Boss","floor":16,"turns":10},{"damage":0,"enemies":"Chosen","floor":18,"turns":4},{"damage":16,"enemies":"2 Thieves","floor":20,"turns":3},{"damage":11,"enemies":"3 Cultists","floor":21,"turns":4},{"damage":19,"enemies":"Slavers","floor":23,"turns":3},{"damage":19,"enemies":"Snecko","floor":24,"turns":3}],"seed_played":"-3734131235200391411","potions_obtained":[{"floor":5,"key":"SmokeBomb"},{"floor":8,"key":"Ancient Potion"}],"is_trial":false,"path_per_floor":["M","?","M","$","M","R","E","M","T","?","T","E","M","M","R","B",null,"M","?","M","M","$","E","M"],"character_chosen":"THE_SILENT","items_purchased":["Blade Dance","Backflip"],"campfire_rested":1,"item_purchase_floors":[4,22],"current_hp_per_floor":[59,59,58,58,58,58,58,51,51,51,58,40,39,26,47,6,56,56,56,40,29,29,10,0],"gold":84,"neow_bonus":"THREE_ENEMY_KILL","is_prod":false,"is_daily":false,"chose_seed":false,"campfire_upgraded":1,"win_rate":0,"timestamp":1549324557,"path_taken":["M","?","M","?","M","R","E","M","T","?","?","E","M","M","R","BOSS","M","?","?","?","$","E","M"],"build_version":"2019-01-23","purchased_purges":2,"victory":false,"max_hp_per_floor":[66,66,66,66,66,66,66,66,66,66,73,73,73,73,73,73,73,73,73,73,73,73,73,73],"card_choices":[{"not_picked":["Underhanded Strike","Expertise"],"picked":"Riddle With Holes","floor":1},{"not_picked":["Riddle With Holes","Catalyst"],"picked":"Blur","floor":3},{"not_picked":["Outmaneuver","Reflex"],"picked":"Cloak And Dagger","floor":5},{"not_picked":["Underhanded Strike","Outmaneuver"],"picked":"Skewer","floor":8},{"not_picked":["Endless Agony","Quick Slash"],"picked":"Crippling Poison","floor":12},{"not_picked":["Choke","Flechettes"],"picked":"Caltrops","floor":13},{"not_picked":["Expertise","Quick Slash"],"picked":"Deadly Poison","floor":14},{"not_picked":["Distraction","Sucker Punch"],"picked":"Heel Hook","floor":15},{"not_picked":["Night Terror","Bullet Time"],"picked":"Corpse Explosion","floor":16},{"not_picked":["Crippling Poison","Masterful Stab"],"picked":"PiercingWail","floor":18},{"not_picked":["Poisoned Stab","Choke"],"picked":"Infinite Blades","floor":20},{"not_picked":["Flying Knee","Tactician","Acrobatics"],"picked":"SKIP","floor":21},{"not_picked":["Catalyst","Acrobatics"],"picked":"Bane","floor":23}],"player_experience":2320192,"relics_obtained":[{"floor":9,"key":"Dream Catcher"},{"floor":11,"key":"Strawberry"},{"floor":12,"key":"PreservedInsect"},{"floor":23,"key":"Regal Pillow"}],"event_choices":[{"damage_healed":0,"gold_gain":0,"player_choice":"Rummage","damage_taken":0,"relics_obtained":["WarpedTongs"],"max_hp_gain":0,"max_hp_loss":0,"event_name":"Accursed Blacksmith","floor":2,"gold_loss":0,"cards_obtained":["Pain"]},{"cards_removed":["Strike_G"],"damage_healed":0,"gold_gain":0,"player_choice":"Card Removal","damage_taken":0,"max_hp_gain":0,"max_hp_loss":0,"event_name":"The Cleric","floor":10,"gold_loss":75},{"damage_healed":0,"gold_gain":0,"player_choice":"Got Potions","damage_taken":0,"max_hp_gain":0,"max_hp_loss":0,"event_name":"Lab","floor":19,"gold_loss":0}],"is_beta":false,"boss_relics":[{"not_picked":["Astrolabe","Calling Bell"],"picked":"Sozu"}],"items_purged_floors":[4,22],"is_endless":false,"potions_floor_spawned":[5,7,8,21,23],"killed_by":"Snecko","ascension_level":15}