{"gold_per_floor":[119,119,129,149,163,189,189,220,268,268,268,233,233,253,253,330,330,342,342,356,41,58,58,75,94,94,108,39,39,39,53,53,53],"floor_reached":33,"playtime":2066,"items_purged":["Turbo"],"score":453,"play_id":"9d480fa7-9f5d-423c-8163-10dd18db66e1","local_time":"20181022213512","is_ascension_mode":true,"campfire_choices":[{"floor":7,"key":"REST"},{"data":"Scrape","floor":13,"key":"SMITH"},{"floor":15,"key":"REST"},{"floor":23,"key":"REST"},{"floor":29,"key":"REST"},{"floor":32,"key":"REST"}],"neow_cost":"NONE","seed_source_timestamp":1100425827315463,"circlet_count":0,"master_deck":["Defend_B","Defend_B","Defend_B","Defend_B","Zap+1","Dualcast","AscendersBane","FTL+1","Redo+1","Hello World+1","Scrape+1","Loop","Coolheaded","Beam Cell","Conserve Battery","Go for the Eyes","Redo","All For One","Leap","Go for the Eyes","Capacitor+1","Doubt","Glacier+1","Scrape","Hologram+1","White Noise"],"relics":["Astrolabe","Ancient Tea Set","Darkstone Periapt","Dream Catcher","Cursed Key","Cables","Gremlin Horn"],"potions_floor_usage":[6,22,27,33],"damage_taken":[{"damage":7,"enemies":"Jaw Worm","floor":1,"turns":2},{"damage":0,"enemies":"Cultist","floor":3,"turns":3},{"damage":6,"enemies":"2 Louse","floor":4,"turns":3},{"damage":9,"enemies":"Exordium Wildlife","floor":5,"turns":3},{"damage":11,"enemies":"3 Sentries","floor":6,"turns":7},{"damage":16,"enemies":"Lagavulin","floor":8,"turns":6},{"damage":10,"enemies":"Red Slaver","floor":14,"turns":3},{"damage":7,"enemies":"The Guardian","floor":16,"turns":17},{"damage":3,"enemies":"Shell Parasite","floor":18,"turns":4},{"damage":12,"enemies":"Chosen","floor":20,"turns":4},{"damage":16,"enemies":"3 Cultists","floor":22,"turns":6},{"damage":23,"enemies":"Sentry and Sphere","floor":24,"turns":4},{"damage":13,"enemies":"Centurion and Healer","floor":25,"turns":7},{"damage":15,"enemies":"Snake Plant","floor":27,"turns":5},{"damage":18,"enemies":"Snecko","floor":31,"turns":5},{"damage":44,"enemies":"Automaton","floor":33,"turns":8}],"seed_played":"-3396933568132608616","potions_obtained":[{"floor":1,"key":"LiquidBronze"},{"floor":4,"key":"GamblersBrew"},{"floor":18,"key":"LiquidBronze"},{"floor":25,"key":"SpeedPotion"},{"floor":31,"key":"Block Potion"}],"is_trial":false,"path_per_floor":["M","?","M","M","M","E","R","E","T","?","?","?","R","M","R","B",null,"M","?","M","$","M","R","M","M","T","M","$","R","?","M","R"],"character_chosen":"DEFECT","items_purchased":["Cables","Scrape"],"campfire_rested":5,"item_purchase_floors":[21,28],"current_hp_per_floor":[57,57,57,51,42,31,52,36,36,36,36,53,53,43,64,57,68,65,61,49,49,33,54,31,18,24,9,9,32,32,14,37,0],"gold":53,"neow_bonus":"BOSS_RELIC","is_prod":false,"is_daily":false,"chose_seed":false,"campfire_upgraded":1,"win_rate":0,"timestamp":1540258512,"path_taken":["M","?","M","M","M","E","R","E","T","?","?","?","R","M","R","BOSS","M","?","M","$","M","R","M","M","T","?","$","R","?","M","R","BOSS"],"build_version":"2018-10-18","purchased_purges":1,"victory":false,"max_hp_per_floor":[71,71,71,71,71,71,71,71,71,71,71,71,71,71,71,71,71,71,71,71,71,71,71,71,71,77,77,77,77,77,77,77,77],"card_choices":[{"not_picked":["Static Discharge","Rebound"],"picked":"Scrape","floor":1},{"not_picked":["Redo","Steam"],"picked":"Loop","floor":3},{"not_picked":["Steam Power","Rip and Tear"],"picked":"Coolheaded","floor":4},{"not_picked":["Cold Snap","Self Repair"],"picked":"Beam Cell","floor":5},{"not_picked":["Chill","Stack"],"picked":"Conserve Battery","floor":6},{"not_picked":["Amplify","Melter"],"picked":"Go for the Eyes","floor":8},{"not_picked":["Hologram","Steam Power"],"picked":"Turbo","floor":14},{"not_picked":["Compile Driver","Coolheaded"],"picked":"Redo","floor":15},{"not_picked":["Amplify","Electrodynamics"],"picked":"All For One","floor":16},{"not_picked":["Reinforced Body","Redo"],"picked":"Leap","floor":18},{"not_picked":["Fusion","Ball Lightning","Barrage"],"picked":"SKIP","floor":20},{"not_picked":["Double Energy","Compile Driver","Turbo"],"picked":"SKIP","floor":22},{"not_picked":["Amplify","Sweeping Beam"],"picked":"Go for the Eyes","floor":23},{"not_picked":["Recycle","Glacier"],"picked":"Capacitor+1","floor":24},{"not_picked":["Sweeping Beam","Rebound","Auto Shields"],"picked":"SKIP","floor":25},{"not_picked":["Steam","Conserve Battery"],"picked":"Glacier+1","floor":27},{"not_picked":["Cold Snap","Coolheaded"],"picked":"Hologram+1","floor":29},{"not_picked":["Chaos+1","Darkness","Fusion"],"picked":"SKIP","floor":31},{"not_picked":["Stack","Capacitor"],"picked":"White Noise","floor":32}],"player_experience":1565973,"relics_obtained":[{"floor":6,"key":"Ancient Tea Set"},{"floor":8,"key":"Darkstone Periapt"},{"floor":9,"key":"Dream Catcher"},{"floor":26,"key":"Gremlin Horn"}],"event_choices":[{"damage_healed":0,"gold_gain":0,"player_choice":"Forge","damage_taken":0,"max_hp_gain":0,"max_hp_loss":0,"event_name":"Accursed Blacksmith","floor":2,"gold_loss":0,"cards_upgraded":["Zap"]},{"cards_removed":["Strike_B"],"damage_healed":0,"gold_gain":0,"player_choice":"Offered Basic","damage_taken":0,"max_hp_gain":0,"max_hp_loss":0,"event_name":"Bonfire Elementals","floor":10,"gold_loss":0},{"damage_healed":0,"gold_gain":30,"player_choice":"Searched \u00271\u0027 times","damage_taken":0,"max_hp_gain":0,"max_hp_loss":0,"event_name":"Dead Adventurer","floor":11,"gold_loss":0},{"damage_healed":17,"gold_gain":0,"player_choice":"Healed","damage_taken":0,"max_hp_gain":0,"max_hp_loss":0,"event_name":"The Cleric","floor":12,"gold_loss":35},{"damage_healed":0,"gold_gain":0,"player_choice":"Bought 0 Potions","damage_taken":0,"max_hp_gain":0,"max_hp_loss":0,"event_name":"The Woman in Blue","floor":19,"gold_loss":0},{"damage_healed":0,"gold_gain":0,"player_choice":"Ignored","damage_taken":0,"max_hp_gain":0,"max_hp_loss":0,"event_name":"The Mausoleum","floor":30,"gold_loss":0}],"is_beta":false,"boss_relics":[{"not_picked":["Velvet Choker","Tiny House"],"picked":"Cursed Key"}],"items_purged_floors":[21],"is_endless":false,"potions_floor_spawned":[1,4,5,18,25,31],"killed_by":"Automaton","ascension_level":15}