{"gold_per_floor":[109,124,70,85,105,105,115,115,115,132,86,46,78,92,92,187,187,197,32,32,36,36,36,48,63,87,2,2,2,14,14,14,14],"floor_reached":33,"playtime":1421,"items_purged":["Defend_B"],"score":474,"play_id":"d46c9fa3-8d6b-49ab-abff-979f980f4cd0","local_time":"20190105112514","is_ascension_mode":true,"campfire_choices":[{"data":"Zap","floor":6,"key":"SMITH"},{"data":"Reinforced Body","floor":8,"key":"SMITH"},{"data":"Defragment","floor":15,"key":"SMITH"},{"data":"Conserve Battery","floor":23,"key":"SMITH"},{"data":"Thunder Strike","floor":28,"key":"SMITH"},{"floor":32,"key":"REST"}],"neow_cost":"NONE","seed_source_timestamp":37416075202081,"circlet_count":0,"master_deck":["AscendersBane","Strike_B","Strike_B","Strike_B","Defend_B","Defend_B","Defend_B","Zap+1","Dualcast","Rainbow+1","Streamline","Hologram","Sweeping Beam","Defragment+1","Go for the Eyes","Reinforced Body+1","Barrage","Cold Snap","Leap","Thunder Strike+1","Self Repair","Conserve Battery+1","Defragment","Steam+1","Compile Driver+1","Tempest"],"relics":["Cracked Core","Bottled Tornado","Ginger","Eternal Feather","Pen Nib","Pear"],"potions_floor_usage":[10,13,13,13,33,33,33],"damage_taken":[{"damage":1,"enemies":"2 Louse","floor":1,"turns":2},{"damage":10,"enemies":"Small Slimes","floor":2,"turns":3},{"damage":0,"enemies":"Cultist","floor":4,"turns":3},{"damage":9,"enemies":"Looter","floor":5,"turns":3},{"damage":0,"enemies":"2 Fungi Beasts","floor":7,"turns":3},{"damage":14,"enemies":"Gremlin Gang","floor":10,"turns":4},{"damage":5,"enemies":"3 Sentries","floor":13,"turns":4},{"damage":1,"enemies":"Large Slime","floor":14,"turns":5},{"damage":0,"enemies":"Hexaghost","floor":16,"turns":9},{"damage":7,"enemies":"Chosen","floor":18,"turns":6},{"damage":33,"enemies":"2 Thieves","floor":21,"turns":5},{"damage":11,"enemies":"Snecko","floor":24,"turns":5},{"damage":30,"enemies":"Snake Plant","floor":25,"turns":6},{"damage":12,"enemies":"Shelled Parasite and Fungi","floor":30,"turns":6},{"damage":73,"enemies":"Champ","floor":33,"turns":11}],"seed_played":"4124535812367788291","potions_obtained":[{"floor":4,"key":"Weak Potion"},{"floor":10,"key":"Fire Potion"},{"floor":12,"key":"Block Potion"},{"floor":12,"key":"Block Potion"},{"floor":12,"key":"FocusPotion"},{"floor":16,"key":"Ancient Potion"},{"floor":21,"key":"Energy Potion"},{"floor":25,"key":"Energy Potion"}],"is_trial":false,"path_per_floor":["M","M","$","M","M","R","M","R","T","M","?","?","E","M","R","B",null,"M","$","?","M","?","R","M","M","T","?","R","$","M","?","R","B"],"character_chosen":"DEFECT","items_purchased":["Sweeping Beam","Conserve Battery","Defragment"],"campfire_rested":1,"item_purchase_floors":[3,19,19],"current_hp_per_floor":[67,57,57,57,48,48,48,48,48,34,34,34,29,28,28,28,63,56,56,56,30,30,42,38,15,15,25,40,40,35,19,61,0],"gold":14,"neow_bonus":"TRANSFORM_CARD","is_prod":false,"is_daily":false,"chose_seed":false,"campfire_upgraded":5,"win_rate":0,"timestamp":1546655114,"path_taken":["M","M","$","M","M","R","M","R","T","M","?","?","E","?","R","BOSS","M","$","?","M","?","R","?","M","T","?","R","$","M","?","R","BOSS"],"build_version":"2019-01-03v4","purchased_purges":1,"victory":false,"max_hp_per_floor":[75,75,75,75,75,75,75,75,75,75,75,75,75,75,75,75,75,75,75,75,75,75,75,75,75,75,85,85,85,85,90,90,90],"card_choices":[{"not_picked":["Sweeping Beam","Barrage"],"picked":"Streamline","floor":1},{"not_picked":["Undo","Scrape"],"picked":"Hologram","floor":2},{"not_picked":["Beam Cell","Compile Driver"],"picked":"Defragment","floor":4},{"not_picked":["Stack","Rip and Tear"],"picked":"Go for the Eyes","floor":5},{"not_picked":["Amplify","Coolheaded"],"picked":"Reinforced Body","floor":7},{"not_picked":["Static Discharge","Rebound"],"picked":"Barrage","floor":10},{"not_picked":["Reinforced Body","Buffer"],"picked":"Cold Snap","floor":13},{"not_picked":["Chaos","Darkness"],"picked":"Leap","floor":14},{"not_picked":["Biased Cognition","Machine Learning"],"picked":"Thunder Strike","floor":16},{"not_picked":["Turbo+1","Lockon"],"picked":"Self Repair","floor":18},{"not_picked":["Barrage","Beam Cell+1","Cold Snap"],"picked":"SKIP","floor":21},{"not_picked":["Gash+1","Hologram"],"picked":"Steam+1","floor":24},{"not_picked":["Coolheaded","Genetic Algorithm+1"],"picked":"Compile Driver+1","floor":25},{"not_picked":["Undo","Coolheaded"],"picked":"Tempest","floor":30}],"player_experience":337966,"relics_obtained":[{"floor":9,"key":"Bottled Tornado"},{"floor":13,"key":"Ginger"},{"floor":26,"key":"Pen Nib"}],"event_choices":[{"damage_healed":0,"gold_gain":0,"player_choice":"Left Gold","damage_taken":0,"max_hp_gain":0,"max_hp_loss":0,"event_name":"World of Goop","floor":11,"gold_loss":46},{"damage_healed":0,"gold_gain":0,"player_choice":"Bought 3 Potions","damage_taken":0,"max_hp_gain":0,"max_hp_loss":0,"event_name":"The Woman in Blue","floor":12,"gold_loss":0},{"damage_healed":0,"gold_gain":0,"player_choice":"Ignored","damage_taken":0,"max_hp_gain":0,"max_hp_loss":0,"event_name":"Beggar","floor":20,"gold_loss":0},{"damage_healed":0,"gold_gain":0,"player_choice":"Upgraded","damage_taken":0,"max_hp_gain":0,"max_hp_loss":0,"event_name":"Upgrade Shrine","floor":22,"gold_loss":0,"cards_upgraded":["Rainbow"]},{"damage_healed":0,"gold_gain":0,"player_choice":"Obtained Relic","damage_taken":0,"relics_obtained":["Pear"],"max_hp_gain":0,"max_hp_loss":0,"event_name":"Addict","floor":27,"gold_loss":85},{"damage_healed":0,"gold_gain":0,"player_choice":"Shed Blood","damage_taken":21,"max_hp_gain":5,"max_hp_loss":0,"event_name":"Forgotten Altar","floor":31,"gold_loss":0}],"is_beta":false,"boss_relics":[{"not_picked":["Ectoplasm","FrozenCore"],"picked":"Eternal Feather"}],"items_purged_floors":[19],"is_endless":false,"potions_floor_spawned":[4,10,16,21,25],"killed_by":"Champ","ascension_level":10}