{"gold_per_floor":[118,118,131,149,170,208,233,233,259,311,323,335,377,420,432,444],"floor_reached":16,"playtime":834,"items_purged":[],"score":132,"play_id":"a402cd30-19a9-48f1-a62c-33b4d6288b82","local_time":"20190211122307","is_ascension_mode":true,"campfire_choices":[{"floor":8,"key":"REST"},{"data":"Chill","floor":12,"key":"SMITH"},{"data":"Dualcast","floor":15,"key":"SMITH"}],"neow_cost":"TEN_PERCENT_HP_LOSS","seed_source_timestamp":52098574902930,"circlet_count":0,"master_deck":["Strike_B","Strike_B","Strike_B","Defend_B","Defend_B","Defend_B","Zap","Dualcast+1","Leap","Chill+1","Ball Lightning","Leap","Consume","Go for the Eyes"],"relics":["Cracked Core","Golden Idol","Pen Nib","MawBank","Vajra","Boot"],"potions_floor_usage":[6,16],"damage_taken":[{"damage":1,"enemies":"2 Louse","floor":1,"turns":2},{"damage":7,"enemies":"Small Slimes","floor":3,"turns":3},{"damage":0,"enemies":"Cultist","floor":4,"turns":3},{"damage":4,"enemies":"Red Slaver","floor":5,"turns":4},{"damage":32,"enemies":"Gremlin Nob","floor":6,"turns":4},{"damage":1,"enemies":"Gremlin Gang","floor":7,"turns":3},{"damage":18,"enemies":"Lagavulin","floor":10,"turns":5},{"damage":11,"enemies":"3 Sentries","floor":14,"turns":7},{"damage":40,"enemies":"Slime Boss","floor":16,"turns":9}],"seed_played":"530801332100852136","potions_obtained":[{"floor":1,"key":"FearPotion"},{"floor":3,"key":"Swift Potion"},{"floor":14,"key":"LiquidBronze"}],"is_trial":false,"path_per_floor":["M","?","M","M","M","E","M","R","T","E","?","R","?","E","R","B"],"character_chosen":"DEFECT","items_purchased":[],"campfire_rested":1,"item_purchase_floors":[],"current_hp_per_floor":[67,63,56,56,52,20,19,37,37,19,40,40,40,29,29,0],"gold":444,"neow_bonus":"REMOVE_TWO","is_prod":false,"is_daily":false,"chose_seed":false,"campfire_upgraded":2,"win_rate":0,"timestamp":1549916587,"path_taken":["M","?","M","M","M","E","M","R","T","E","?","R","?","E","R","BOSS"],"build_version":"2019-01-23","purchased_purges":0,"victory":false,"max_hp_per_floor":[68,63,63,63,63,63,63,63,63,63,63,63,63,63,63,63],"card_choices":[{"not_picked":["Melter","Go for the Eyes"],"picked":"Leap","floor":1},{"not_picked":["Compile Driver","Hyperbeam"],"picked":"Chill","floor":3},{"not_picked":["Steam","Streamline"],"picked":"Ball Lightning","floor":4},{"not_picked":["Recycle","Stack","Beam Cell"],"picked":"SKIP","floor":5},{"not_picked":["Tempest","Hello World"],"picked":"Leap","floor":6},{"not_picked":["Stack","Sunder"],"picked":"Consume","floor":7},{"not_picked":["Barrage","Stack"],"picked":"Go for the Eyes","floor":10},{"not_picked":["Sweeping Beam","Recycle","Streamline"],"picked":"SKIP","floor":14}],"player_experience":334074,"relics_obtained":[{"floor":6,"key":"Pen Nib"},{"floor":9,"key":"MawBank"},{"floor":10,"key":"Vajra"},{"floor":14,"key":"Boot"}],"event_choices":[{"damage_healed":0,"gold_gain":0,"player_choice":"Lose Max HP","damage_taken":0,"relics_obtained":["Golden Idol"],"max_hp_gain":0,"max_hp_loss":5,"event_name":"Golden Idol","floor":2,"gold_loss":0},{"damage_healed":21,"gold_gain":0,"player_choice":"Banana","damage_taken":0,"max_hp_gain":0,"max_hp_loss":0,"event_name":"Big Fish","floor":11,"gold_loss":0},{"damage_healed":0,"gold_gain":30,"player_choice":"Searched \u00271\u0027 times","damage_taken":0,"max_hp_gain":0,"max_hp_loss":0,"event_name":"Dead Adventurer","floor":13,"gold_loss":0}],"is_beta":false,"boss_relics":[],"items_purged_floors":[],"is_endless":false,"potions_floor_spawned":[1,3,14],"killed_by":"Slime Boss","ascension_level":2}