{"gold_per_floor":[119,137,153,51,65,95,106,106,106,106,106,117,117,117,117,217,217,237,247,18,32,32],"floor_reached":22,"playtime":1129,"items_purged":["Strike_R"],"score":213,"play_id":"89c7caaf-7883-46e9-875b-eb9d100ea23b","local_time":"20190105092220","is_ascension_mode":false,"campfire_choices":[{"floor":10,"key":"REST"},{"floor":13,"key":"REST"},{"data":"1","floor":15,"key":"LIFT"}],"neow_cost":"NONE","seed_source_timestamp":95121445565277,"circlet_count":0,"master_deck":["Strike_R","Strike_R+1","Strike_R","Defend_R","Defend_R","Defend_R","Defend_R","Bash+1","Spot Weakness","True Grit","Heavy Blade","Thunderclap","Body Slam+1","Armaments","Headbutt","Dark Embrace","Whirlwind","Pommel Strike"],"relics":["Burning Blood","Girya","The Courier","Mark of Pain","Juzu Bracelet","Whetstone"],"potions_floor_usage":[6,21],"damage_taken":[{"damage":0,"enemies":"Small Slimes","floor":1,"turns":3},{"damage":0,"enemies":"2 Louse","floor":2,"turns":3},{"damage":6,"enemies":"Cultist","floor":3,"turns":3},{"damage":19,"enemies":"3 Louse","floor":5,"turns":3},{"damage":34,"enemies":"Gremlin Nob","floor":6,"turns":5},{"damage":24,"enemies":"Exordium Thugs","floor":7,"turns":5},{"damage":33,"enemies":"Gremlin Gang","floor":12,"turns":5},{"damage":29,"enemies":"The Guardian","floor":16,"turns":12},{"damage":19,"enemies":"Chosen","floor":18,"turns":6},{"damage":36,"enemies":"3 Byrds","floor":19,"turns":7},{"damage":28,"enemies":"Snake Plant","floor":21,"turns":3},{"damage":22,"enemies":"Chosen and Byrds","floor":22,"turns":4}],"seed_played":"6655763079574261719","potions_obtained":[{"floor":2,"key":"Poison Potion"},{"floor":16,"key":"EssenceOfSteel"},{"floor":21,"key":"LiquidBronze"}],"is_trial":false,"path_per_floor":["M","M","M","$","M","E","M","?","T","R","?","M","R","?","R","B",null,"M","M","$","M","M"],"character_chosen":"IRONCLAD","items_purchased":["Thunderclap","Juzu Bracelet","Whetstone"],"campfire_rested":2,"item_purchase_floors":[4,20,20],"current_hp_per_floor":[80,80,80,80,67,39,21,21,21,45,38,11,35,61,61,38,80,67,37,37,15,0],"gold":32,"neow_bonus":"UPGRADE_CARD","is_prod":false,"is_daily":false,"chose_seed":false,"campfire_upgraded":0,"win_rate":0,"timestamp":1546698140,"path_taken":["M","M","M","$","M","E","M","?","T","R","?","M","R","?","R","BOSS","M","M","$","M","M"],"build_version":"2019-01-03v4","purchased_purges":1,"victory":false,"max_hp_per_floor":[80,80,80,80,80,80,80,80,80,80,80,80,80,80,80,80,80,80,80,80,80,80],"card_choices":[{"not_picked":["Shrug It Off","Clash"],"picked":"Spot Weakness","floor":1},{"not_picked":["Pummel","Flex"],"picked":"True Grit","floor":2},{"not_picked":["Havoc","Iron Wave"],"picked":"Heavy Blade","floor":3},{"not_picked":["Clash","Sever Soul"],"picked":"Body Slam","floor":5},{"not_picked":["Flex","Perfected Strike"],"picked":"Armaments","floor":6},{"not_picked":["Blood for Blood","Flex"],"picked":"Headbutt","floor":7},{"not_picked":["Infernal Blade","Bloodletting","Flex"],"picked":"SKIP","floor":12},{"not_picked":["Bludgeon","Exhume"],"picked":"Dark Embrace","floor":16},{"not_picked":["Thunderclap+1","Perfected Strike","Headbutt"],"picked":"SKIP","floor":18},{"not_picked":["Clash","Reckless Charge"],"picked":"Whirlwind","floor":19},{"not_picked":["Uppercut+1","Warcry+1"],"picked":"Pommel Strike","floor":21}],"player_experience":2016195,"relics_obtained":[{"floor":6,"key":"Girya"},{"floor":9,"key":"The Courier"}],"event_choices":[{"damage_healed":0,"gold_gain":0,"player_choice":"Ignored","damage_taken":0,"max_hp_gain":0,"max_hp_loss":0,"event_name":"Liars Game","floor":8,"gold_loss":0},{"cards_removed":["Strike_R"],"damage_healed":0,"gold_gain":0,"player_choice":"Card Removal","damage_taken":7,"max_hp_gain":0,"max_hp_loss":0,"event_name":"Golden Wing","floor":11,"gold_loss":0},{"damage_healed":26,"gold_gain":0,"player_choice":"Banana","damage_taken":0,"max_hp_gain":0,"max_hp_loss":0,"event_name":"Big Fish","floor":14,"gold_loss":0}],"is_beta":false,"boss_relics":[{"not_picked":["Velvet Choker","Coffee Dripper"],"picked":"Mark of Pain"}],"items_purged_floors":[4],"is_endless":false,"potions_floor_spawned":[2,16,21],"killed_by":"Chosen and Byrds","ascension_level":0}