{"path_per_floor":["M","M","M","M","M","R","E","M","T","R","$","M","R","M","R","B",null,"M","M"],"character_chosen":"IRONCLAD","items_purchased":["Swift Strike","Headbutt","Inflame","Armaments"],"gold_per_floor":[116,128,146,164,182,182,216,234,234,234,0,14,14,24,24,127,157,168,178,178],"floor_reached":20,"campfire_rested":4,"playtime":2424,"current_hp_per_floor":[77,78,77,67,54,78,30,18,18,42,42,40,64,56,80,33,85,61,27,0],"items_purged":[],"gold":178,"score":180,"play_id":"23e4c884-6d9c-4c6d-8da2-e584a954e022","local_time":"20180521101420","is_prod":false,"is_daily":false,"chose_seed":false,"is_ascension_mode":false,"campfire_upgraded":0,"timestamp":1526912060,"campfire_choices":[{"floor":6,"key":"REST"},{"floor":10,"key":"REST"},{"floor":13,"key":"REST"},{"floor":15,"key":"REST"}],"path_taken":["M","M","M","M","M","R","E","M","T","R","$","M","R","M","R","BOSS","M","M","M"],"build_version":"2018-05-17","seed_source_timestamp":22555609003441,"purchased_purges":0,"victory":false,"master_deck":["Strike_R","Strike_R","Strike_R","Strike_R","Strike_R","Defend_R","Defend_R","Defend_R","Defend_R+1","Bash","Clothesline","Warcry","Thunderclap","Reaper","Whirlwind","Body Slam","Iron Wave","Swift Strike","Headbutt","Inflame","Armaments","Blood for Blood","Power Through","Berserk","Body Slam","Headbutt","Perfected Strike"],"max_hp_per_floor":[80,80,80,80,80,80,80,80,80,80,80,80,80,80,80,80,85,85,85,85],"relics":["Burning Blood","Bag of Preparation","Pantograph","Tiny House"],"card_choices":[{"not_picked":["Flex","Armaments"],"picked":"Clothesline","floor":1},{"not_picked":["True Grit","Sword Boomerang"],"picked":"Warcry","floor":2},{"not_picked":["Heavy Blade","Warcry"],"picked":"Thunderclap","floor":3},{"not_picked":["Disarm","Whirlwind"],"picked":"Reaper","floor":4},{"not_picked":["Flex","Clash"],"picked":"Whirlwind","floor":5},{"not_picked":["Second Wind","Power Through"],"picked":"Body Slam","floor":7},{"not_picked":["Headbutt","Clothesline"],"picked":"Iron Wave","floor":8},{"not_picked":["Body Slam","Bloodletting"],"picked":"Blood for Blood","floor":12},{"not_picked":["Clothesline","Offering"],"picked":"Power Through","floor":14},{"not_picked":["Barricade","Limit Break"],"picked":"Berserk","floor":16},{"not_picked":["Corruption","Thunderclap"],"picked":"Body Slam","floor":17},{"not_picked":["Hemokinesis+1","Combust"],"picked":"Headbutt","floor":18},{"not_picked":["Intimidate","Feel No Pain"],"picked":"Perfected Strike","floor":19}],"player_experience":18382,"potions_floor_usage":[7,16,16,20,20],"damage_taken":[{"damage":9,"enemies":"Cultist","floor":1,"turns":4},{"damage":5,"enemies":"Jaw Worm","floor":2,"turns":5},{"damage":7,"enemies":"2 Louse","floor":3,"turns":3},{"damage":16,"enemies":"Exordium Wildlife","floor":4,"turns":5},{"damage":23,"enemies":"Red Slaver","floor":5,"turns":4},{"damage":56,"enemies":"Lagavulin","floor":7,"turns":10},{"damage":22,"enemies":"Large Slime","floor":8,"turns":12},{"damage":20,"enemies":"3 Louse","floor":12,"turns":5},{"damage":22,"enemies":"Exordium Wildlife","floor":14,"turns":4},{"damage":65,"enemies":"Hexaghost","floor":16,"turns":9},{"damage":30,"enemies":"Shell Parasite","floor":18,"turns":7},{"damage":48,"enemies":"3 Byrds","floor":19,"turns":9},{"damage":55,"enemies":"Centurion and Healer","floor":20,"turns":6}],"relics_obtained":[{"floor":7,"key":"Bag of Preparation"},{"floor":9,"key":"Pantograph"}],"event_choices":[],"boss_relics":[{"not_picked":["Black Star","Snecko Eye"],"picked":"Tiny House"}],"potions_floor_spawned":[3,5,8,14,18,19],"seed_played":"-1281075809390217321","killed_by":"Centurion and Healer","ascension_level":0,"potions_obtained":[{"floor":3,"key":"LiquidBronze"},{"floor":5,"key":"EssenceOfSteel"},{"floor":8,"key":"SmokeBomb"},{"floor":14,"key":"Regen Potion"},{"floor":17,"key":"Poison Potion"},{"floor":18,"key":"Regen Potion"},{"floor":19,"key":"Weak Potion"}],"is_trial":false}