{"gold_per_floor":[117,134,144,144,161,161,196,196,219,219,219,230,87,87,87,191,191,210,51,66,66,82,181,198,198,221,221],"floor_reached":27,"playtime":1233,"items_purged":["Strike_G"],"score":366,"play_id":"2f251169-f22c-4bb1-8a72-dd389fe8967e","local_time":"20180914083052","is_ascension_mode":true,"campfire_choices":[{"data":"Cloak And Dagger","floor":6,"key":"SMITH"},{"floor":10,"key":"REST"},{"floor":15,"key":"REST"}],"neow_cost":"","seed_source_timestamp":190220228010642,"circlet_count":0,"master_deck":["Defend_G","Defend_G","Defend_G","Defend_G+1","Defend_G","Strike_G","Strike_G","Strike_G","Survivor","Neutralize","AscendersBane","Cloak And Dagger+1","Noxious Fumes","Deadly Poison+1","Backflip","Backflip","After Image","Deadly Poison","Noxious Fumes","Die Die Die","Caltrops","Burst","After Image","Cloak And Dagger","Backflip","Backflip+1"],"relics":["Ring of the Snake","Bronze Scales","Happy Flower","War Paint","Eternal Feather","Calipers","Pen Nib"],"potions_floor_usage":[7,7,22],"damage_taken":[{"damage":9,"enemies":"Small Slimes","floor":1,"turns":5},{"damage":3,"enemies":"Jaw Worm","floor":2,"turns":6},{"damage":5,"enemies":"Cultist","floor":3,"turns":5},{"damage":3,"enemies":"3 Louse","floor":5,"turns":5},{"damage":9,"enemies":"Lagavulin","floor":7,"turns":6},{"damage":9,"enemies":"2 Fungi Beasts","floor":12,"turns":3},{"damage":20,"enemies":"Hexaghost","floor":16,"turns":8},{"damage":21,"enemies":"2 Thieves","floor":18,"turns":4},{"damage":8,"enemies":"3 Byrds","floor":20,"turns":2},{"damage":16,"enemies":"Snake Plant","floor":22,"turns":5},{"damage":8,"enemies":"Centurion and Healer","floor":24,"turns":9},{"damage":13,"enemies":"Snecko","floor":27,"turns":3}],"seed_played":"-8281345925745979300","potions_obtained":[{"floor":3,"key":"Weak Potion"},{"floor":5,"key":"Poison Potion"},{"floor":12,"key":"Ancient Potion"}],"is_trial":false,"path_per_floor":["M","M","M","?","M","R","E","?","T","R","?","M","$","?","R","B",null,"M","$","M","?","M","?","M","T","T"],"character_chosen":"THE_SILENT","items_purchased":["Caltrops","After Image"],"campfire_rested":2,"item_purchase_floors":[13,19],"current_hp_per_floor":[54,51,46,46,43,43,34,34,34,55,55,46,46,34,55,35,61,40,40,32,32,16,16,8,8,8,0],"gold":221,"neow_bonus":"","is_prod":false,"is_daily":false,"chose_seed":false,"campfire_upgraded":1,"win_rate":0,"timestamp":1536928252,"path_taken":["M","M","M","?","M","R","E","?","T","R","?","M","$","?","R","BOSS","M","$","M","?","M","?","M","?","T","M"],"build_version":"2018-09-06","purchased_purges":1,"victory":false,"max_hp_per_floor":[70,70,70,70,70,70,70,70,70,70,70,70,70,70,70,70,70,70,70,70,70,70,70,70,70,70,70],"card_choices":[{"not_picked":["Slice","Bouncing Flask"],"picked":"Cloak And Dagger","floor":1},{"not_picked":["Choke","Blade Dance"],"picked":"Noxious Fumes","floor":2},{"not_picked":["Sucker Punch","PiercingWail"],"picked":"Deadly Poison","floor":3},{"not_picked":["Calculated Gamble","Distraction"],"picked":"Backflip","floor":5},{"not_picked":["Underhanded Strike","Quick Slash"],"picked":"Backflip","floor":7},{"not_picked":["Quick Slash","Blade Dance"],"picked":"Die Die Die","floor":12},{"not_picked":["Venomology","Phantasmal Killer"],"picked":"Burst","floor":16},{"not_picked":["Underhanded Strike","Endless Agony","Reflex"],"picked":"SKIP","floor":18},{"not_picked":["Backflip","Reflex"],"picked":"Cloak And Dagger","floor":20},{"not_picked":["Finisher","Quick Slash"],"picked":"Backflip","floor":22},{"not_picked":["Underhanded Strike","Prepared"],"picked":"Backflip+1","floor":24}],"player_experience":1533551,"relics_obtained":[{"floor":7,"key":"Bronze Scales"},{"floor":9,"key":"Happy Flower"},{"floor":25,"key":"Calipers"},{"floor":26,"key":"Pen Nib"}],"event_choices":[{"event_name":"Liars Game","player_choice":"disagreed","floor":4,"damage_taken":0},{"event_name":"Match and Keep!","player_choice":"2 cards matched","floor":8,"damage_taken":0},{"event_name":"Transmorgrifier","player_choice":"Transform","floor":11,"damage_taken":0},{"event_name":"Scrap Ooze","player_choice":"success","floor":14,"damage_taken":12},{"event_name":"Cursed Tome","player_choice":"Ignored","floor":21,"damage_taken":0},{"event_name":"Nest","player_choice":"Stole From Cult","floor":23,"damage_taken":0}],"is_beta":false,"boss_relics":[{"not_picked":["Calling Bell","Velvet Choker"],"picked":"Eternal Feather"}],"items_purged_floors":[13],"is_endless":false,"potions_floor_spawned":[3,5,12],"killed_by":"Snecko","ascension_level":12}