{"gold_per_floor":[18,18,38,58,13,13,72,83,107,207,235,43,56,76,76,76],"floor_reached":16,"playtime":542,"items_purged":[],"score":226,"play_id":"127b3f90-5af4-4eed-bba7-1e307d2a2264","local_time":"20190115213300","is_ascension_mode":true,"campfire_choices":[{"data":"Bludgeon","floor":6,"key":"SMITH"},{"floor":15,"key":"REST"}],"neow_cost":"NO_GOLD","seed_source_timestamp":583437995487466,"circlet_count":0,"master_deck":["AscendersBane","Strike_R","Strike_R","Strike_R","Defend_R","Defend_R","Defend_R","Defend_R","Bash","Shrug It Off","Bludgeon+1","Armaments","Sword Boomerang","Cleave","The Bomb","Flame Barrier","Pommel Strike"],"relics":["Burning Blood","Bag of Marbles","Tiny Chest","Art of War","Dead Branch"],"potions_floor_usage":[8,11,11],"damage_taken":[{"damage":0,"enemies":"Small Slimes","floor":1,"turns":3},{"damage":6,"enemies":"Cultist","floor":3,"turns":3},{"damage":9,"enemies":"2 Louse","floor":4,"turns":3},{"damage":35,"enemies":"Lagavulin","floor":7,"turns":4},{"damage":19,"enemies":"Gremlin Gang","floor":8,"turns":4},{"damage":0,"enemies":"Gremlin Nob","floor":11,"turns":2},{"damage":9,"enemies":"2 Fungi Beasts","floor":13,"turns":2},{"damage":22,"enemies":"Exordium Thugs","floor":14,"turns":4},{"damage":46,"enemies":"The Guardian","floor":16,"turns":6}],"seed_played":"234499442643483730","potions_obtained":[{"floor":4,"key":"EssenceOfSteel"},{"floor":7,"key":"AttackPotion"},{"floor":8,"key":"Explosive Potion"}],"is_trial":false,"path_per_floor":["M","?","M","M","$","R","E","M","T","?","E","$","M","M","R","B"],"character_chosen":"IRONCLAD","items_purchased":["Armaments","The Bomb"],"campfire_rested":1,"item_purchase_floors":[5,12],"current_hp_per_floor":[78,78,78,75,75,75,46,33,33,33,39,39,36,20,44,0],"gold":76,"neow_bonus":"REMOVE_TWO","is_prod":false,"is_daily":false,"chose_seed":false,"campfire_upgraded":1,"win_rate":0,"timestamp":1547605980,"path_taken":["M","?","M","M","$","R","E","?","T","?","E","$","?","M","R","BOSS"],"build_version":"2019-01-10","purchased_purges":0,"victory":false,"max_hp_per_floor":[80,80,80,80,80,80,80,80,80,80,80,80,80,80,80,80],"card_choices":[{"not_picked":["Warcry","Carnage"],"picked":"Thunderclap","floor":1},{"not_picked":["Dual Wield","Anger"],"picked":"Shrug It Off","floor":3},{"not_picked":["Fire Breathing","Armaments"],"picked":"Bludgeon","floor":4},{"not_picked":["Warcry","Power Through"],"picked":"Sword Boomerang","floor":7},{"not_picked":["Clothesline","Flex"],"picked":"Cleave","floor":8},{"not_picked":["Havoc","Wild Strike","Rupture"],"picked":"SKIP","floor":11},{"not_picked":["Sword Boomerang","Pommel Strike"],"picked":"Flame Barrier","floor":13},{"not_picked":["Warcry","Flex"],"picked":"Pommel Strike","floor":14}],"player_experience":2130303,"relics_obtained":[{"floor":7,"key":"Tiny Chest"},{"floor":9,"key":"Art of War"},{"floor":11,"key":"Dead Branch"}],"event_choices":[{"cards_removed":["Thunderclap"],"damage_healed":0,"gold_gain":0,"player_choice":"Gave Card","damage_taken":0,"relics_obtained":["Bag of Marbles"],"max_hp_gain":0,"max_hp_loss":0,"event_name":"WeMeetAgain","floor":2,"gold_loss":0},{"damage_healed":0,"gold_gain":100,"player_choice":"Pray","damage_taken":0,"max_hp_gain":0,"max_hp_loss":0,"event_name":"Golden Shrine","floor":10,"gold_loss":0}],"is_beta":false,"boss_relics":[],"items_purged_floors":[],"is_endless":false,"potions_floor_spawned":[4,7,8],"killed_by":"The Guardian","ascension_level":13}