{"gold_per_floor":[117,131,131,131,2,2,21,21,71,71,21,21,35,35,35,135,135,151,27,27,43,142,142,28,28,28,38,38,38,38,52,52,154,154,167,167,184,200,217,217,217,227,227,245,256,256,269,285,285,285],"floor_reached":51,"playtime":2741,"items_purged":["Strike_B"],"score":1222,"play_id":"2677a69c-fa0a-4029-9f8f-8f204e48c43c","local_time":"20180709220109","is_ascension_mode":true,"campfire_choices":[{"floor":6,"key":"REST"},{"data":"Zap","floor":8,"key":"SMITH"},{"data":"Capacitor","floor":12,"key":"SMITH"},{"data":"Redo","floor":15,"key":"SMITH"},{"data":"Glacier","floor":23,"key":"SMITH"},{"data":"Dualcast","floor":25,"key":"SMITH"},{"data":"Self Repair","floor":28,"key":"SMITH"},{"data":"White Noise","floor":32,"key":"SMITH"},{"data":"Redo","floor":40,"key":"SMITH"},{"data":"Amplify","floor":46,"key":"SMITH"},{"data":"Undo","floor":49,"key":"SMITH"}],"neow_cost":"NONE","seed_source_timestamp":519872309948823,"circlet_count":0,"master_deck":["Defend_B","Defend_B","Defend_B","Defend_B","Zap+1","Dualcast+1","Chaos","Capacitor+1","Defragment+1","Redo+1","Hologram","Ball Lightning","Electrodynamics","Conserve Battery","Self Repair+1","Cold Snap","Glacier+1","Hologram+1","Undo+1","Cold Snap+1","White Noise+1","Amplify+1","Static Discharge","Barrage+1","Coolheaded","Conserve Battery","Cold Snap+1","Go for the Eyes+1","Enlightenment","Lockon+1","Glacier+1","Redo+1","Static Discharge","Heatsinks+1","Glacier+1","Leap+1","Loop+1","Static Discharge+1","Cold Snap+1"],"relics":["Cracked Core","DataDisk","Bird Faced Urn","Ancient Tea Set","Inserter","Molten Egg 2","Orrery","Prayer Wheel","Pantograph"],"potions_floor_usage":[16,16,30,33,33,35,38,38,50],"damage_taken":[{"damage":0,"enemies":"2 Louse","floor":1,"turns":2},{"damage":7,"enemies":"Jaw Worm","floor":2,"turns":2},{"damage":10,"enemies":"Small Slimes","floor":7,"turns":4},{"damage":11,"enemies":"Looter","floor":13,"turns":2},{"damage":4,"enemies":"The Guardian","floor":16,"turns":7},{"damage":27,"enemies":"Spheric Guardian","floor":18,"turns":4},{"damage":0,"enemies":"3 Byrds","floor":21,"turns":2},{"damage":0,"enemies":"Centurion and Healer","floor":27,"turns":6},{"damage":0,"enemies":"Snake Plant","floor":30,"turns":1},{"damage":11,"enemies":"Sentry and Sphere","floor":31,"turns":6},{"damage":20,"enemies":"Collector","floor":33,"turns":8},{"damage":55,"enemies":"3 Darklings","floor":35,"turns":5},{"damage":28,"enemies":"Orb Walker","floor":37,"turns":3},{"damage":16,"enemies":"3 Darklings","floor":38,"turns":4},{"damage":7,"enemies":"Maw","floor":39,"turns":10},{"damage":1,"floor":41,"turns":8},{"damage":25,"enemies":"4 Shapes","floor":42,"turns":4},{"damage":17,"enemies":"Sphere and 2 Shapes","floor":44,"turns":7},{"damage":20,"enemies":"Maw","floor":45,"turns":8},{"damage":4,"enemies":"4 Shapes","floor":47,"turns":7},{"damage":27,"enemies":"Sphere and 2 Shapes","floor":48,"turns":4},{"damage":45,"enemies":"Time Eater","floor":50,"turns":13}],"seed_played":"-5063807715215586306","potions_obtained":[{"floor":1,"key":"Explosive Potion"},{"floor":7,"key":"Weak Potion"},{"floor":16,"key":"FocusPotion"},{"floor":29,"key":"PowerPotion"},{"floor":29,"key":"SmokeBomb"},{"floor":33,"key":"Weak Potion"},{"floor":35,"key":"Energy Potion"},{"floor":37,"key":"Explosive Potion"},{"floor":41,"key":"FairyPotion"},{"floor":45,"key":"Block Potion"},{"floor":47,"key":"Dexterity Potion"}],"is_trial":false,"path_per_floor":["M","M","?","?","$","R","M","R","T","?","?","R","M","?","R","B",null,"M","$","?","M","?","R","$","R","T","M","R","?","M","M","R","B",null,"M","?","M","M","M","R","?","M","T","M","M","R","M","M","R","B"],"character_chosen":"DEFECT","items_purchased":["Defragment","Redo","Self Repair","Cold Snap","Undo"],"campfire_rested":1,"item_purchase_floors":[5,5,19,19,24],"current_hp_per_floor":[68,61,66,59,59,80,74,74,74,74,74,74,63,63,63,63,76,55,55,55,57,57,57,57,57,57,72,72,72,72,79,79,80,80,45,45,39,38,53,53,72,53,53,60,75,75,80,73,73,61],"gold":285,"neow_bonus":"RANDOM_COMMON_RELIC","is_prod":false,"is_daily":false,"chose_seed":false,"campfire_upgraded":10,"win_rate":0,"timestamp":1531188069,"path_taken":["M","M","?","?","$","R","M","R","T","?","?","R","M","?","R","BOSS","M","?","?","?","?","R","$","R","T","M","R","?","M","M","R","BOSS","M","?","M","M","?","R","?","M","T","?","M","R","M","M","R","BOSS"],"build_version":"2018-07-05","purchased_purges":1,"victory":true,"max_hp_per_floor":[75,75,80,80,80,80,80,80,80,80,80,80,80,80,80,80,80,80,80,80,80,80,80,80,80,80,80,80,80,80,80,80,80,80,80,80,80,80,80,80,80,80,80,80,80,80,80,80,80,80],"card_choices":[{"not_picked":["Aggregate","Auto Shields"],"picked":"Chaos","floor":1},{"not_picked":["Coolheaded","Gash"],"picked":"Capacitor","floor":2},{"not_picked":["Stack","Ball Lightning"],"picked":"Hologram","floor":7},{"not_picked":["Turbo","Reprogram"],"picked":"Ball Lightning","floor":13},{"not_picked":["Reboot","Biased Cognition"],"picked":"Electrodynamics","floor":16},{"not_picked":["FTL","Steam"],"picked":"Conserve Battery","floor":18},{"not_picked":["Ball Lightning","Streamline"],"picked":"Hologram+1","floor":21},{"not_picked":["Electrodynamics","Leap"],"picked":"Cold Snap+1","floor":27},{"not_picked":["Reprogram+1","Steam"],"picked":"White Noise","floor":31},{"not_picked":["Multi-Cast","Biased Cognition"],"picked":"Amplify","floor":33},{"not_picked":["Streamline+1","Hologram+1"],"picked":"Static Discharge","floor":34},{"not_picked":["Leap","Rebound+1"],"picked":"Barrage+1","floor":34},{"not_picked":["Rebound+1","Melter+1"],"picked":"Coolheaded","floor":34},{"not_picked":["Steam Power","Hello World+1"],"picked":"Conserve Battery","floor":34},{"not_picked":["Gash+1","Hologram"],"picked":"Cold Snap+1","floor":34},{"not_picked":["Gash+1","Reprogram"],"picked":"Go for the Eyes+1","floor":35},{"not_picked":["Jack Of All Trades","Blind"],"picked":"Enlightenment","floor":36},{"not_picked":["Stack+1","Streamline+1"],"picked":"Lockon+1","floor":37},{"not_picked":["Redo","Core Surge+1"],"picked":"Glacier+1","floor":38},{"not_picked":["Gash+1","Chaos"],"picked":"Redo","floor":39},{"not_picked":["Steam","Coolheaded"],"picked":"Static Discharge","floor":42},{"not_picked":["Hologram","Undo+1"],"picked":"Heatsinks+1","floor":42},{"not_picked":["Gash+1","Go for the Eyes+1"],"picked":"Glacier+1","floor":44},{"not_picked":["Lockon+1","Turbo+1"],"picked":"Leap+1","floor":44},{"not_picked":["Streamline+1","Static Discharge"],"picked":"Loop+1","floor":45},{"not_picked":["Beam Cell+1","Darkness+1"],"picked":"Static Discharge+1","floor":45},{"not_picked":["Amplify","Go for the Eyes+1","Conserve Battery+1"],"picked":"SKIP","floor":47},{"not_picked":["Leap","Conserve Battery+1","Amplify"],"picked":"SKIP","floor":47},{"not_picked":["Steam+1","Aggregate"],"picked":"Cold Snap+1","floor":48},{"not_picked":["Sweeping Beam+1","Compile Driver+1","Turbo+1"],"picked":"SKIP","floor":48}],"player_experience":1022864,"relics_obtained":[{"floor":9,"key":"Ancient Tea Set"},{"floor":26,"key":"Molten Egg 2"},{"floor":41,"key":"Prayer Wheel"},{"floor":43,"key":"Pantograph"}],"event_choices":[{"event_name":"Big Fish","player_choice":"Donut","floor":3,"damage_taken":0},{"event_name":"Scrap Ooze","player_choice":"success","floor":4,"damage_taken":7},{"event_name":"Accursed Blacksmith","player_choice":"Forge","floor":10,"damage_taken":0},{"event_name":"The Cleric","player_choice":"Card Removal","floor":11,"damage_taken":0},{"event_name":"Purifier","player_choice":"One Purge","floor":14,"damage_taken":0},{"event_name":"Transmorgrifier","player_choice":"Transform","floor":20,"damage_taken":0},{"event_name":"Nest","player_choice":"Stole From Cult","floor":22,"damage_taken":0},{"event_name":"The Lab","player_choice":"Got Potions","floor":29,"damage_taken":0},{"event_name":"SensoryStone","player_choice":"Memory 1","floor":36,"damage_taken":0},{"event_name":"MindBloom","player_choice":"Fight","floor":41,"damage_taken":0}],"boss_relics":[{"not_picked":["Coffee Dripper","Ectoplasm"],"picked":"Inserter"},{"not_picked":["Empty Cage","Busted Crown"],"picked":"Orrery"}],"items_purged_floors":[24],"is_endless":false,"potions_floor_spawned":[1,7,16,30,33,35,37,41,45,47],"ascension_level":9}