{"gold_per_floor":[110,126,144,158,158,158,158,158,158,158,171,186,206,235,235,340,340,355,369,369,382,44,44,58,58,58,68,95,115,115,115,115,220,220,232,250,220,44,57,57],"floor_reached":40,"playtime":1767,"items_purged":["Writhe"],"score":540,"play_id":"c855a44e-830b-42da-aaa6-79d6ba2e347b","local_time":"20181125213652","is_ascension_mode":true,"campfire_choices":[{"data":"Go for the Eyes","floor":6,"key":"SMITH"},{"data":"Cold Snap","floor":8,"key":"SMITH"},{"data":"Streamline","floor":15,"key":"SMITH"},{"floor":23,"key":"REST"},{"data":"Defragment","floor":25,"key":"SMITH"},{"floor":32,"key":"REST"}],"neow_cost":"NONE","seed_source_timestamp":2386240783194,"circlet_count":0,"master_deck":["Strike_B","Strike_B","Strike_B","Strike_B","Defend_B","Defend_B","Defend_B","Defend_B","Zap+1","Dualcast","Leap","Go for the Eyes+1","Cold Snap+1","Capacitor","Glacier","Streamline+1","Melter","Electrodynamics","Ball Lightning+1","Steam","Defragment+1","Reinforced Body","Loop","BootSequence+1","Machine Learning","Stack","Compile Driver+1","BootSequence"],"relics":["FrozenCore","Strawberry","Lantern","Sundial","Pear","Regal Pillow","Turnip","Chemical X","Cables","The Courier","Darkstone Periapt","Nuclear Battery","Oddly Smooth Stone"],"potions_floor_usage":[2,2,12,13,14,14,24,28,28,33,39,39,40],"damage_taken":[{"damage":7,"enemies":"Jaw Worm","floor":1,"turns":3},{"damage":0,"enemies":"2 Louse","floor":2,"turns":2},{"damage":0,"enemies":"Cultist","floor":3,"turns":3},{"damage":0,"enemies":"2 Fungi Beasts","floor":4,"turns":3},{"damage":0,"enemies":"Red Slaver","floor":11,"turns":3},{"damage":1,"enemies":"Exordium Thugs","floor":12,"turns":4},{"damage":0,"enemies":"Large Slime","floor":13,"turns":7},{"damage":5,"enemies":"Lagavulin","floor":14,"turns":8},{"damage":2,"enemies":"The Guardian","floor":16,"turns":10},{"damage":15,"enemies":"2 Thieves","floor":18,"turns":4},{"damage":12,"enemies":"Chosen","floor":19,"turns":5},{"damage":6,"enemies":"Snake Plant","floor":21,"turns":6},{"damage":26,"enemies":"3 Cultists","floor":24,"turns":5},{"damage":0,"enemies":"Cultist and Chosen","floor":27,"turns":6},{"damage":39,"enemies":"Slavers","floor":28,"turns":4},{"damage":0,"enemies":"Snake Plant","floor":29,"turns":8},{"damage":47,"enemies":"Automaton","floor":33,"turns":16},{"damage":5,"enemies":"Orb Walker","floor":35,"turns":4},{"damage":30,"enemies":"3 Darklings","floor":36,"turns":6},{"damage":5,"enemies":"Spire Growth","floor":39,"turns":9},{"damage":50,"enemies":"Giant Head","floor":40,"turns":12}],"seed_played":"4603688091645416904","potions_obtained":[{"floor":1,"key":"EntropicBrew"},{"floor":11,"key":"SkillPotion"},{"floor":12,"key":"GamblersBrew"},{"floor":13,"key":"Dexterity Potion"},{"floor":14,"key":"GamblersBrew"},{"floor":18,"key":"Ancient Potion"},{"floor":29,"key":"Dexterity Potion"},{"floor":36,"key":"Fire Potion"},{"floor":37,"key":"Weak Potion"},{"floor":37,"key":"EssenceOfSteel"}],"is_trial":false,"path_per_floor":["M","M","M","M","?","R","?","R","T","T","M","M","M","E","R","B",null,"M","M","?","M","$","R","M","R","T","M","E","M","?","T","R","B",null,"M","M","?","$","M","E"],"character_chosen":"DEFECT","items_purchased":["Defragment","Reinforced Body","Chemical X","Oddly Smooth Stone"],"campfire_rested":2,"item_purchase_floors":[22,22,22,38],"current_hp_per_floor":[75,75,75,75,75,75,75,75,75,85,85,84,84,79,79,77,88,73,61,61,55,55,92,66,66,66,66,27,27,27,27,69,22,75,70,40,40,40,35,0],"gold":57,"neow_bonus":"RANDOM_COMMON_RELIC","is_prod":false,"is_daily":false,"chose_seed":false,"campfire_upgraded":4,"win_rate":0,"timestamp":1543203412,"path_taken":["M","M","M","M","?","R","?","R","T","?","M","M","M","E","R","BOSS","M","M","?","M","$","R","M","R","T","M","E","M","?","?","R","BOSS","M","M","?","$","?","E"],"build_version":"2018-11-15","purchased_purges":1,"victory":false,"max_hp_per_floor":[82,82,82,82,82,82,82,82,82,92,92,92,92,92,92,92,92,92,92,92,92,92,92,92,92,92,92,92,92,92,92,92,92,92,92,92,92,92,92,92],"card_choices":[{"not_picked":["Force Field","Steam Power"],"picked":"Leap","floor":1},{"not_picked":["Beam Cell","Auto Shields"],"picked":"Go for the Eyes","floor":2},{"not_picked":["Lockon","Beam Cell"],"picked":"Cold Snap","floor":3},{"not_picked":["Beam Cell","Undo"],"picked":"Capacitor","floor":4},{"not_picked":["Biased Cognition","Cold Snap"],"picked":"Glacier","floor":11},{"not_picked":["Turbo","Redo"],"picked":"Streamline","floor":12},{"not_picked":["Conserve Battery","Hologram","Lockon"],"picked":"SKIP","floor":13},{"not_picked":["Leap","Force Field"],"picked":"Melter","floor":14},{"not_picked":["Reboot","Seek"],"picked":"Electrodynamics","floor":16},{"not_picked":["Conserve Battery","Redo"],"picked":"Ball Lightning+1","floor":18},{"not_picked":["Leap","Storm+1"],"picked":"Steam","floor":19},{"not_picked":["Beam Cell","Multi-Cast","Compile Driver"],"picked":"SKIP","floor":21},{"not_picked":["Streamline","Beam Cell"],"picked":"Loop","floor":24},{"not_picked":["Heatsinks","Leap","Gash"],"picked":"SKIP","floor":27},{"not_picked":["Gash","Barrage"],"picked":"BootSequence+1","floor":28},{"not_picked":["Sunder","Double Energy","Cold Snap"],"picked":"SKIP","floor":29},{"not_picked":["Meteor Strike","Hyperbeam"],"picked":"Machine Learning","floor":33},{"not_picked":["Go for the Eyes+1","Ball Lightning"],"picked":"Stack","floor":35},{"not_picked":["Ball Lightning","Sunder"],"picked":"Compile Driver+1","floor":36},{"not_picked":["Go for the Eyes+1","Consume+1"],"picked":"BootSequence","floor":39}],"player_experience":541037,"relics_obtained":[{"floor":9,"key":"Sundial"},{"floor":10,"key":"Pear"},{"floor":14,"key":"Regal Pillow"},{"floor":26,"key":"Cables"},{"floor":28,"key":"The Courier"},{"floor":31,"key":"Darkstone Periapt"}],"event_choices":[{"damage_healed":0,"gold_gain":0,"player_choice":"Grow","damage_taken":0,"max_hp_gain":0,"max_hp_loss":0,"event_name":"Living Wall","floor":5,"gold_loss":0,"cards_upgraded":["Zap"]},{"damage_healed":0,"gold_gain":0,"player_choice":"Searched \u00271\u0027 times","damage_taken":0,"relics_obtained":["Lantern"],"max_hp_gain":0,"max_hp_loss":0,"event_name":"Dead Adventurer","floor":7,"gold_loss":0},{"damage_healed":0,"gold_gain":0,"player_choice":"Opened","damage_taken":0,"relics_obtained":["Turnip"],"max_hp_gain":0,"max_hp_loss":0,"event_name":"The Mausoleum","floor":20,"gold_loss":0,"cards_obtained":["Writhe"]},{"damage_healed":0,"gold_gain":0,"player_choice":"Ignored","damage_taken":0,"max_hp_gain":0,"max_hp_loss":0,"event_name":"Ghosts","floor":30,"gold_loss":0},{"damage_healed":0,"gold_gain":0,"player_choice":"Bought 2 Potions","damage_taken":0,"max_hp_gain":0,"max_hp_loss":0,"event_name":"The Woman in Blue","floor":37,"gold_loss":0}],"is_beta":true,"boss_relics":[{"not_picked":["Runic Dome","White Beast Statue"],"picked":"FrozenCore"},{"not_picked":["Astrolabe","Lizard Tail"],"picked":"Nuclear Battery"}],"items_purged_floors":[38],"is_endless":false,"potions_floor_spawned":[1,11,12,13,14,18,29,36],"killed_by":"Giant Head","ascension_level":5}