{"gold_per_floor":[118,134,134,134,150,179,194,194,194,194],"floor_reached":10,"playtime":382,"items_purged":[],"score":122,"play_id":"14987bca-2150-4bf6-9676-5af4b38291ce","local_time":"20181214082816","is_ascension_mode":true,"campfire_choices":[{"floor":8,"key":"REST"}],"neow_cost":"NONE","seed_source_timestamp":132814000705137,"circlet_count":0,"master_deck":["AscendersBane","Strike_B","Strike_B","Strike_B","Strike_B","Defend_B","Defend_B","Defend_B","Defend_B","Zap+1","Dualcast","Coolheaded","Recycle","Sweeping Beam","Auto Shields","Echo Form"],"relics":["Cracked Core","Kunai","Darkstone Periapt","Gremlin Horn"],"potions_floor_usage":[6,6,10],"damage_taken":[{"damage":1,"enemies":"Cultist","floor":1,"turns":3},{"damage":0,"enemies":"Jaw Worm","floor":2,"turns":3},{"damage":12,"enemies":"2 Louse","floor":5,"turns":2},{"damage":39,"enemies":"Lagavulin","floor":6,"turns":5},{"damage":7,"enemies":"Large Slime","floor":7,"turns":6},{"damage":28,"enemies":"3 Sentries","floor":10,"turns":4}],"seed_played":"3628965919750798527","potions_obtained":[{"floor":1,"key":"GamblersBrew"},{"floor":2,"key":"Swift Potion"},{"floor":7,"key":"PowerPotion"}],"is_trial":false,"path_per_floor":["M","M","T","?","M","E","M","R","T","E"],"character_chosen":"DEFECT","items_purchased":[],"campfire_rested":1,"item_purchase_floors":[],"current_hp_per_floor":[63,63,63,63,51,12,5,26,26,0],"gold":194,"neow_bonus":"UPGRADE_CARD","is_prod":false,"is_daily":false,"chose_seed":false,"campfire_upgraded":0,"win_rate":0,"timestamp":1544794096,"path_taken":["M","M","?","?","M","E","M","R","T","E"],"build_version":"2018-12-13","purchased_purges":0,"victory":false,"max_hp_per_floor":[71,71,71,71,71,71,71,71,71,71],"card_choices":[{"not_picked":["Stack","Force Field"],"picked":"Coolheaded","floor":1},{"not_picked":["Compile Driver","Skim"],"picked":"Recycle","floor":2},{"not_picked":["Leap","Compile Driver"],"picked":"Sweeping Beam","floor":5},{"not_picked":["Redo","Beam Cell"],"picked":"Auto Shields","floor":6},{"not_picked":["Gash","Stack"],"picked":"Echo Form","floor":7}],"player_experience":1906609,"relics_obtained":[{"floor":3,"key":"Kunai"},{"floor":6,"key":"Darkstone Periapt"},{"floor":9,"key":"Gremlin Horn"}],"event_choices":[{"damage_healed":0,"gold_gain":0,"player_choice":"Ignored","damage_taken":0,"max_hp_gain":0,"max_hp_loss":0,"event_name":"Golden Idol","floor":4,"gold_loss":0}],"is_beta":false,"boss_relics":[],"items_purged_floors":[],"is_endless":false,"potions_floor_spawned":[1,2,5,7],"killed_by":"3 Sentries","ascension_level":16}