{"gold_per_floor":[217,217,229,242,261,261,280,314,314,314,120,120,137,16,16,16],"floor_reached":16,"playtime":410,"items_purged":["Strike_G"],"score":102,"play_id":"6346e74a-ccf7-4be6-87e3-030464e45bf5","local_time":"20190215160715","is_ascension_mode":false,"campfire_choices":[{"data":"Neutralize","floor":6,"key":"SMITH"},{"data":"Bouncing Flask","floor":10,"key":"SMITH"},{"data":"Crippling Poison","floor":12,"key":"SMITH"},{"data":"Footwork","floor":15,"key":"SMITH"}],"neow_cost":"NONE","seed_source_timestamp":15891031419295,"circlet_count":0,"master_deck":["Defend_G","Defend_G","Defend_G","Defend_G","Defend_G","Strike_G","Strike_G","Strike_G","Strike_G","Survivor","Neutralize+1","Bouncing Flask+1","Backflip","Backflip","Corpse Explosion","Deflect","Crippling Poison+1","Dagger Spray+1","Footwork+1","Backstab+1","Dodge and Roll"],"relics":["Ring of the Snake","Strawberry","Molten Egg 2"],"potions_floor_usage":[8],"damage_taken":[{"damage":0,"enemies":"2 Louse","floor":1,"turns":4},{"damage":0,"enemies":"Cultist","floor":3,"turns":4},{"damage":0,"enemies":"Small Slimes","floor":4,"turns":4},{"damage":17,"enemies":"Exordium Thugs","floor":5,"turns":6},{"damage":2,"enemies":"Looter","floor":7,"turns":4},{"damage":13,"enemies":"Lagavulin","floor":8,"turns":5},{"damage":0,"enemies":"2 Fungi Beasts","floor":13,"turns":2},{"damage":49,"enemies":"Slime Boss","floor":16,"turns":8}],"seed_played":"-8036636327809637293","potions_obtained":[{"floor":1,"key":"Ancient Potion"},{"floor":5,"key":"Strength Potion"},{"floor":7,"key":"Fire Potion"}],"is_trial":false,"path_per_floor":["M","?","M","M","M","R","M","E","T","R","$","R","M","$","R","B"],"character_chosen":"THE_SILENT","items_purchased":["Crippling Poison","Dagger Spray+1","Backstab+1","Dodge and Roll"],"campfire_rested":0,"item_purchase_floors":[11,11,14,14],"current_hp_per_floor":[70,70,70,70,53,53,51,45,45,45,45,45,45,45,45,0],"gold":16,"neow_bonus":"HUNDRED_GOLD","is_prod":false,"is_daily":false,"chose_seed":false,"campfire_upgraded":4,"win_rate":0,"timestamp":1550268435,"path_taken":["M","?","M","M","?","R","M","E","T","R","$","R","M","?","R","BOSS"],"build_version":"2019-01-23","purchased_purges":1,"victory":false,"max_hp_per_floor":[70,70,70,70,70,70,70,77,77,77,77,77,77,77,77,77],"card_choices":[{"not_picked":["Prepared","Bane"],"picked":"Bouncing Flask","floor":1},{"not_picked":["Heel Hook","PiercingWail"],"picked":"Backflip","floor":3},{"not_picked":["All Out Attack","Outmaneuver"],"picked":"Backflip","floor":4},{"not_picked":["Dodge and Roll","Predator"],"picked":"Corpse Explosion","floor":5},{"not_picked":["Setup","Expertise","Reflex"],"picked":"SKIP","floor":7},{"not_picked":["Escape Plan","Flying Knee"],"picked":"Deflect","floor":8},{"not_picked":["Flying Knee+1","Bane+1"],"picked":"Footwork","floor":13}],"player_experience":831083,"relics_obtained":[{"floor":8,"key":"Strawberry"},{"floor":9,"key":"Molten Egg 2"}],"event_choices":[{"damage_healed":0,"gold_gain":0,"player_choice":"Ignored","damage_taken":0,"max_hp_gain":0,"max_hp_loss":0,"event_name":"NoteForYourself","floor":2,"gold_loss":0}],"is_beta":false,"boss_relics":[],"items_purged_floors":[11],"is_endless":false,"potions_floor_spawned":[1,5,7],"killed_by":"Slime Boss","ascension_level":0}