{"gold_per_floor":[114,39,39,39,55,55,89,89,171,192,192,367,1,15,15,15],"floor_reached":16,"playtime":671,"items_purged":["Defend_B","Doubt"],"score":96,"play_id":"0555c6c2-aac6-41eb-8d5a-35438cad280e","local_time":"20181126225832","is_ascension_mode":false,"campfire_choices":[{"data":"Zap","floor":6,"key":"SMITH"},{"data":"Go for the Eyes","floor":8,"key":"SMITH"},{"data":"Double Energy","floor":11,"key":"SMITH"},{"floor":15,"key":"REST"}],"neow_cost":"NONE","seed_source_timestamp":1317322426287423,"circlet_count":0,"master_deck":["Strike_B","Strike_B","Strike_B","Strike_B","Defend_B","Defend_B","Defend_B","Zap+1","Dualcast+1","Conserve Battery","Coolheaded","Go for the Eyes+1","Double Energy+1","Self Repair","Conserve Battery"],"relics":["Cracked Core","Bronze Scales","Gremlin Horn","Smiling Mask","Matryoshka","Odd Mushroom","Mummified Hand"],"potions_floor_usage":[7],"damage_taken":[{"damage":0,"enemies":"2 Louse","floor":1,"turns":2},{"damage":0,"enemies":"Jaw Worm","floor":5,"turns":3},{"damage":13,"enemies":"3 Sentries","floor":7,"turns":8},{"damage":14,"enemies":"The Mushroom Lair","floor":10,"turns":3},{"damage":7,"enemies":"Small Slimes","floor":14,"turns":3},{"damage":51,"enemies":"Slime Boss","floor":16,"turns":10}],"seed_played":"4484294821174346978","potions_obtained":[{"floor":5,"key":"SkillPotion"},{"floor":14,"key":"SpeedPotion"}],"is_trial":false,"path_per_floor":["M","$","?","?","M","R","E","R","T","?","R","?","$","M","R","B"],"character_chosen":"DEFECT","items_purchased":["Self Repair","Mummified Hand"],"campfire_rested":1,"item_purchase_floors":[13,13],"current_hp_per_floor":[75,75,50,50,50,50,37,37,37,23,23,23,23,23,45,0],"gold":15,"neow_bonus":"RANDOM_COMMON_RELIC","is_prod":false,"is_daily":false,"chose_seed":false,"campfire_upgraded":3,"win_rate":0,"timestamp":1543240712,"path_taken":["M","$","?","?","M","R","E","R","T","?","R","?","$","M","R","BOSS"],"build_version":"2018-11-15","purchased_purges":2,"victory":false,"max_hp_per_floor":[75,75,75,75,75,75,75,75,75,75,75,75,75,75,75,75],"card_choices":[{"not_picked":["Steam","Compile Driver"],"picked":"Conserve Battery","floor":1},{"not_picked":["Tempest","Sunder"],"picked":"Coolheaded","floor":5},{"not_picked":["Doom and Gloom","FTL"],"picked":"Go for the Eyes","floor":7},{"not_picked":["Darkness","Creative AI"],"picked":"Double Energy","floor":10},{"not_picked":["Go for the Eyes","Rebound"],"picked":"Conserve Battery","floor":14}],"player_experience":64567,"relics_obtained":[{"floor":7,"key":"Smiling Mask"},{"floor":9,"key":"Matryoshka"},{"floor":10,"key":"Odd Mushroom"}],"event_choices":[{"damage_healed":0,"gold_gain":0,"player_choice":"Success","damage_taken":25,"relics_obtained":["Gremlin Horn"],"max_hp_gain":0,"max_hp_loss":0,"event_name":"Scrap Ooze","floor":3,"gold_loss":0},{"damage_healed":0,"gold_gain":0,"player_choice":"Grow","damage_taken":0,"max_hp_gain":0,"max_hp_loss":0,"event_name":"Living Wall","floor":4,"gold_loss":0,"cards_upgraded":["Dualcast"]},{"damage_healed":0,"gold_gain":0,"player_choice":"Fought Mushrooms","damage_taken":0,"max_hp_gain":0,"max_hp_loss":0,"event_name":"Mushrooms","floor":10,"gold_loss":0},{"damage_healed":0,"gold_gain":175,"player_choice":"AGREE","damage_taken":0,"max_hp_gain":0,"max_hp_loss":0,"event_name":"Liars Game","floor":12,"gold_loss":0,"cards_obtained":["Doubt"]}],"is_beta":false,"boss_relics":[],"items_purged_floors":[2,13],"is_endless":false,"potions_floor_spawned":[5,14],"killed_by":"Slime Boss","ascension_level":0}