{"gold_per_floor":[217,217,231,156,166,166,116,191,221,238,257,10,30,46,46,146,146,163,38,38,51,51,51,251,251,275,275,287,137,157,172,172,275,275,291,310,310,310,323,340,142,152,179,179,198,198,225,239,239,239],"floor_reached":50,"playtime":2078,"items_purged":["Defend_R","Defend_R","Strike_R","Strike_R","Writhe"],"score":493,"play_id":"a98a99a2-62d1-46af-9ab3-95f8acbe35be","local_time":"20180812231010","is_ascension_mode":false,"campfire_choices":[{"data":"Clothesline","floor":6,"key":"SMITH"},{"data":"Heavy Blade","floor":15,"key":"SMITH"},{"floor":23,"key":"REST"},{"floor":27,"key":"REST"},{"floor":32,"key":"REST"},{"floor":44,"key":"REST"},{"floor":46,"key":"REST"},{"floor":49,"key":"REST"}],"neow_cost":"NONE","seed_source_timestamp":18148055089855,"circlet_count":0,"master_deck":["Strike_R","Strike_R","Bash","Clash","Thunderclap","Clothesline+1","Heavy Blade+1","Thunderclap","Pommel Strike","Cleave","Twin Strike+1","Flex","Clash+1","Cleave+1","Flex","Twin Strike+1","Pommel Strike+1"],"relics":["Burning Blood","Tiny Chest","Juzu Bracelet","Fusion Hammer","CultistMask","Ancient Tea Set","Velvet Choker","Bag of Preparation","Boot"],"potions_floor_usage":[16,50,50],"damage_taken":[{"damage":7,"enemies":"2 Louse","floor":1,"turns":2},{"damage":8,"enemies":"Jaw Worm","floor":3,"turns":3},{"damage":0,"enemies":"Small Slimes","floor":5,"turns":2},{"damage":10,"enemies":"2 Fungi Beasts","floor":10,"turns":3},{"damage":11,"enemies":"Lots of Slimes","floor":11,"turns":4},{"damage":0,"enemies":"Exordium Wildlife","floor":13,"turns":2},{"damage":14,"enemies":"Large Slime","floor":14,"turns":4},{"damage":16,"enemies":"Slime Boss","floor":16,"turns":7},{"damage":10,"enemies":"Spheric Guardian","floor":18,"turns":3},{"damage":6,"enemies":"3 Byrds","floor":21,"turns":3},{"damage":17,"enemies":"Centurion and Healer","floor":28,"turns":3},{"damage":4,"enemies":"3 Cultists","floor":30,"turns":3},{"damage":10,"enemies":"Chosen and Byrds","floor":31,"turns":3},{"damage":56,"enemies":"Collector","floor":33,"turns":9},{"damage":5,"enemies":"3 Darklings","floor":35,"turns":3},{"damage":27,"enemies":"3 Shapes","floor":36,"turns":3},{"damage":28,"enemies":"Spire Growth","floor":39,"turns":3},{"damage":19,"enemies":"Transient","floor":40,"turns":5},{"damage":27,"enemies":"4 Shapes","floor":42,"turns":2},{"damage":0,"enemies":"3 Darklings","floor":45,"turns":2},{"damage":25,"enemies":"2 Orb Walkers","floor":47,"turns":3},{"damage":25,"enemies":"Sphere and 2 Shapes","floor":48,"turns":3},{"damage":75,"enemies":"Time Eater","floor":50,"turns":5}],"seed_played":"1447544272812050679","potions_obtained":[{"floor":11,"key":"SkillPotion"},{"floor":13,"key":"Dexterity Potion"},{"floor":18,"key":"Fire Potion"},{"floor":21,"key":"Fire Potion"},{"floor":35,"key":"AttackPotion"},{"floor":40,"key":"FairyPotion"}],"is_trial":false,"path_per_floor":["M","?","M","$","M","R","?","?","T","M","M","$","M","M","R","B",null,"M","$","?","M","?","R","?","?","T","R","M","$","M","M","R","B",null,"M","M","?","?","M","M","$","M","T","R","M","R","E","M","R"],"character_chosen":"IRONCLAD","items_purchased":["Juzu Bracelet","Flex"],"campfire_rested":6,"item_purchase_floors":[12,41],"current_hp_per_floor":[79,72,70,70,76,76,76,65,65,61,56,56,62,54,54,44,80,76,76,76,76,76,80,80,80,80,80,69,69,71,67,80,30,80,80,59,59,79,57,44,44,23,23,47,53,77,58,39,63,0],"gold":239,"neow_bonus":"HUNDRED_GOLD","is_prod":false,"is_daily":false,"chose_seed":false,"campfire_upgraded":2,"win_rate":0,"timestamp":1534081210,"path_taken":["M","?","?","$","M","R","?","?","T","M","?","$","M","M","R","BOSS","M","$","?","M","?","R","?","?","T","R","M","$","M","M","R","BOSS","M","M","?","?","M","M","$","M","T","R","M","R","E","M","R","BOSS"],"build_version":"2018-08-09","purchased_purges":5,"victory":false,"max_hp_per_floor":[80,80,80,80,80,80,80,80,80,80,80,80,80,80,80,80,80,80,80,80,80,80,80,80,80,80,80,80,80,80,80,80,80,80,80,80,80,80,80,80,80,80,80,80,80,80,80,80,80,80],"card_choices":[{"not_picked":["Thunderclap","Flex"],"picked":"Clash","floor":1},{"not_picked":["Heavy Blade","Corruption"],"picked":"Thunderclap","floor":3},{"not_picked":["Wild Strike","Anger"],"picked":"Clothesline","floor":5},{"not_picked":["Combust","Infernal Blade","Sword Boomerang"],"picked":"SKIP","floor":10},{"not_picked":["Combust","Sever Soul"],"picked":"Heavy Blade","floor":11},{"not_picked":["Wild Strike","Battle Trance"],"picked":"Thunderclap","floor":13},{"not_picked":["Perfected Strike","Demon Form","Dual Wield"],"picked":"SKIP","floor":14},{"not_picked":["True Grit","Corruption"],"picked":"Pommel Strike","floor":18},{"not_picked":["Perfected Strike","Warcry"],"picked":"Cleave","floor":21},{"not_picked":["Heavy Blade","Hemokinesis","Entrench"],"picked":"SKIP","floor":28},{"not_picked":["Headbutt","Armaments","Ghostly Armor+1"],"picked":"SKIP","floor":30},{"not_picked":["Anger","Sword Boomerang"],"picked":"Cleave","floor":31},{"not_picked":["Fire Breathing+1","Spot Weakness+1"],"picked":"Twin Strike+1","floor":35},{"not_picked":["Heavy Blade+1","Armaments+1"],"picked":"Flex","floor":36},{"not_picked":["Shrug It Off","Iron Wave"],"picked":"Clash+1","floor":39},{"not_picked":["Thunderclap+1","Rage"],"picked":"Cleave+1","floor":40},{"not_picked":["Exhume","Wild Strike+1","True Grit+1"],"picked":"SKIP","floor":42},{"not_picked":["True Grit","Infernal Blade+1"],"picked":"Twin Strike+1","floor":45},{"not_picked":["Burning Pact+1","Uppercut","Headbutt"],"picked":"SKIP","floor":47},{"not_picked":["Twin Strike+1","Entrench"],"picked":"Pommel Strike+1","floor":48}],"player_experience":331606,"relics_obtained":[{"floor":9,"key":"Tiny Chest"},{"floor":26,"key":"Ancient Tea Set"},{"floor":43,"key":"Bag of Preparation"},{"floor":47,"key":"Boot"}],"event_choices":[{"event_name":"Golden Wing","player_choice":"Card Removal","floor":2,"damage_taken":0},{"event_name":"The Cleric","player_choice":"Card Removal","floor":7,"damage_taken":0},{"event_name":"World of Goop","player_choice":"Gather Gold","floor":8,"damage_taken":0},{"event_name":"FaceTrader","player_choice":"Trade","floor":20,"damage_taken":0},{"event_name":"Beggar","player_choice":"Ignored","floor":22,"damage_taken":0},{"event_name":"The Joust","player_choice":"Bet on Owner","floor":24,"damage_taken":0},{"event_name":"Back to Basics","player_choice":"Elegance","floor":25,"damage_taken":0},{"event_name":"Falling","player_choice":"Removed Attack","floor":37,"damage_taken":0},{"event_name":"Winding Halls","player_choice":"Writhe","floor":38,"damage_taken":0}],"is_beta":false,"boss_relics":[{"not_picked":["Runic Cube","Astrolabe"],"picked":"Fusion Hammer"},{"not_picked":["Pandora\u0027s Box","Runic Dome"],"picked":"Velvet Choker"}],"items_purged_floors":[4,12,19,29,41],"is_endless":false,"potions_floor_spawned":[11,13,18,21,35,40,45,47],"killed_by":"Time Eater","ascension_level":0}