{"gold_per_floor":[110,127,143,44,59,59,90,90,115,115,133,133,133,145,145,222,222,232,232,232,331,331,331,350,368,391,306,306,340,340,353,353,353],"floor_reached":33,"playtime":1293,"items_purged":["Strike_G"],"score":536,"play_id":"5f32080a-45fb-4f80-96fc-6b767902d2e9","local_time":"20181116135733","is_ascension_mode":true,"campfire_choices":[{"floor":6.0,"key":"RECALL"},{"floor":10.0,"key":"REST"},{"data":"Neutralize","floor":13.0,"key":"SMITH"},{"floor":15.0,"key":"REST"},{"floor":23.0,"key":"REST"},{"floor":28,"key":"REST"},{"floor":30,"key":"REST"},{"floor":32,"key":"REST"}],"neow_cost":"NONE","seed_source_timestamp":37036645767310,"circlet_count":0,"master_deck":["AscendersBane","Defend_G","Defend_G","Defend_G","Defend_G","Defend_G","Strike_G","Strike_G","Strike_G","Survivor","Neutralize+1","Cloak And Dagger+1","Blade Dance","Flechettes","Deadly Poison","Terror","Blur","Leg Sweep","Cloak And Dagger","A Thousand Cuts","Blade Dance","Noxious Fumes","Terror+1","Accuracy"],"special_seed":0,"relics":["Sozu","Lantern","Pen Nib","WristBlade","Pantograph","Orichalcum","Art of War","Boot"],"potions_floor_usage":[],"damage_taken":[{"damage":1.0,"enemies":"Cultist","floor":1.0,"turns":4.0},{"damage":0.0,"enemies":"Small Slimes","floor":2.0,"turns":5.0},{"damage":7.0,"enemies":"Jaw Worm","floor":3.0,"turns":4.0},{"damage":1.0,"enemies":"Red Slaver","floor":5.0,"turns":4.0},{"damage":20.0,"enemies":"Gremlin Nob","floor":7.0,"turns":4.0},{"damage":1.0,"enemies":"Looter","floor":11.0,"turns":3.0},{"damage":0.0,"enemies":"Blue Slaver","floor":14.0,"turns":3.0},{"damage":0.0,"enemies":"The Guardian","floor":16.0,"turns":13.0},{"damage":22.0,"enemies":"Spheric Guardian","floor":18.0,"turns":6.0},{"damage":3,"enemies":"2 Thieves","floor":24,"turns":4},{"damage":24,"enemies":"Centurion and Healer","floor":25,"turns":6},{"damage":42,"enemies":"Book of Stabbing","floor":29,"turns":6},{"damage":13,"enemies":"Snake Plant","floor":31,"turns":5},{"damage":74,"enemies":"Champ","floor":33,"turns":10}],"seed_played":"-2609479236192286126","potions_obtained":[],"is_trial":false,"path_per_floor":["M","M","M","$","M","R","E","?","T","R","M","?","R","M","R","B",null,"M","T","?","?","T","R","M","M","T","?","R","E","R","M","R","B"],"character_chosen":"THE_SILENT","items_purchased":["Deadly Poison"],"campfire_rested":6,"item_purchase_floors":[4],"current_hp_per_floor":[58,58,51,51,50,50,30,30,30,49,48,48,48,48,66,66,66,44,44,32,32,32,53,50,26,26,26,47,5,26,13,34,0],"gold":353,"neow_bonus":"BOSS_RELIC","is_prod":false,"is_daily":false,"chose_seed":false,"campfire_upgraded":1,"win_rate":0,"timestamp":1542394653,"path_taken":["M","M","M","$","?","R","E","?","T","R","?","?","R","M","R","BOSS","M","?","?","?","?","R","M","M","T","?","R","E","R","?","R","BOSS"],"build_version":"2018-11-15","purchased_purges":1,"victory":false,"max_hp_per_floor":[66,66,66,66,66,66,66,66,66,66,66,66,66,66,66,66,66,66,66,71,71,71,71,71,71,71,71,71,71,71,71,71,71],"card_choices":[{"not_picked":["Choke","Deflect"],"picked":"Cloak And Dagger","floor":1.0},{"not_picked":["Dodge and Roll","Quick Slash"],"picked":"Blade Dance","floor":2.0},{"not_picked":["Outmaneuver","Prepared"],"picked":"Flechettes","floor":3.0},{"not_picked":["Phantasmal Killer","Dagger Throw"],"picked":"Terror","floor":5.0},{"not_picked":["Deflect","Bouncing Flask"],"picked":"Blur","floor":7.0},{"not_picked":["Quick Slash","Dagger Throw"],"picked":"Leg Sweep","floor":11.0},{"not_picked":["Bouncing Flask","Poisoned Stab"],"picked":"Cloak And Dagger","floor":14.0},{"not_picked":["Glass Knife","Die Die Die"],"picked":"A Thousand Cuts","floor":16.0},{"not_picked":["Dodge and Roll","Flechettes"],"picked":"Blade Dance","floor":18.0},{"not_picked":["Reflex","Underhanded Strike"],"picked":"Noxious Fumes","floor":24},{"not_picked":["Flying Knee","Poisoned Stab"],"picked":"Terror+1","floor":25},{"not_picked":["Poisoned Stab","Prepared","Distraction"],"picked":"SKIP","floor":29},{"not_picked":["Blur","Catalyst"],"picked":"Accuracy","floor":31}],"player_experience":1715913,"relics_obtained":[{"floor":7.0,"key":"Lantern"},{"floor":9.0,"key":"Pen Nib"},{"floor":22.0,"key":"Pantograph"},{"floor":26,"key":"Orichalcum"},{"floor":29,"key":"Boot"}],"event_choices":[{"cards_removed":["Strike_G"],"damage_healed":0.0,"max_hp_gain":0.0,"max_hp_loss":0.0,"gold_gain":0.0,"event_name":"Wheel of Change","player_choice":"Card Removal","floor":8.0,"gold_loss":0.0,"damage_taken":0.0},{"damage_healed":0.0,"max_hp_gain":0.0,"max_hp_loss":0.0,"gold_gain":0.0,"event_name":"Upgrade Shrine","player_choice":"Upgraded","floor":12.0,"gold_loss":0.0,"damage_taken":0.0,"cards_upgraded":["Cloak And Dagger"]},{"damage_healed":0.0,"max_hp_gain":5.0,"max_hp_loss":0.0,"gold_gain":0.0,"event_name":"Forgotten Altar","player_choice":"Shed Blood","floor":20.0,"gold_loss":0.0,"damage_taken":17.0},{"damage_healed":0.0,"max_hp_gain":0.0,"max_hp_loss":0.0,"gold_gain":99.0,"event_name":"Nest","player_choice":"Stole From Cult","floor":21.0,"gold_loss":0.0,"damage_taken":0.0},{"damage_healed":0,"gold_gain":0,"player_choice":"Obtained Relic","damage_taken":0,"relics_obtained":["Art of War"],"max_hp_gain":0,"max_hp_loss":0,"event_name":"Addict","floor":27,"gold_loss":85}],"is_beta":false,"boss_relics":[{"not_picked":["Philosopher\u0027s Stone","Ectoplasm"],"picked":"WristBlade"}],"items_purged_floors":[4],"is_endless":false,"potions_floor_spawned":[3,5,7,16,18,24],"killed_by":"Champ","ascension_level":14}