{"gold_per_floor":[19,19,39,49,64,64,98,98,123,150,150,178,191,206,206,305,305,319,330,330,350,350,350,378,405,405,430,68,85,115,133,133,233,233,247,247,265,275,275,309,354,354,354,354,366,9,21,45,45,45],"floor_reached":51,"playtime":4502,"items_purged":["Strike_R","Strike_R"],"score":1029,"play_id":"70f3b33e-6bad-4b24-9c1c-86f6c469d302","local_time":"20180627155555","is_ascension_mode":true,"campfire_choices":[{"data":"True Grit","floor":6.0,"key":"SMITH"},{"data":"Pommel Strike","floor":8.0,"key":"SMITH"},{"data":"Bash","floor":15.0,"key":"SMITH"},{"data":"Whirlwind","floor":23.0,"key":"SMITH"},{"data":"Bludgeon","floor":32.0,"key":"SMITH"},{"data":"Rage","floor":42,"key":"SMITH"},{"data":"Iron Wave","floor":44,"key":"SMITH"},{"data":"Heavy Blade","floor":49,"key":"SMITH"}],"neow_cost":"","seed_source_timestamp":427708220927286,"circlet_count":0,"master_deck":["Strike_R","Strike_R","Defend_R","Defend_R","Defend_R","Defend_R","Bash+1","Thunderclap","True Grit+1","Pommel Strike+1","Iron Wave+1","Rage+1","Ghostly Armor","Thunderclap","Immolate","Disarm","Whirlwind+1","Iron Wave","Pommel Strike+1","Bludgeon+1","Regret","Pain","Reaper","Intimidate","Shrug It Off+1","Pommel Strike+1","Reaper","Pommel Strike+1","Reaper","Spot Weakness","Twin Strike+1","Decay","Thunderclap","Ghostly Armor","Heavy Blade+1","Shockwave","Parasite"],"special_seed":0,"relics":["Burning Blood","Vajra","Happy Flower","Bronze Scales","Bird Faced Urn","Du-Vu Doll","Cursed Key","Blood Vial","Dream Catcher","Self Forming Clay","Charon\u0027s Ashes","Ginger","Magic Flower","Mark of Pain","Prayer Wheel","Thread and Needle","Pantograph","Bottled Flame","Orichalcum"],"potions_floor_usage":[33,38,50,50,50],"damage_taken":[{"damage":1.0,"enemies":"Cultist","floor":1.0,"turns":3.0},{"damage":14.0,"enemies":"Small Slimes","floor":3.0,"turns":4.0},{"damage":4.0,"enemies":"2 Louse","floor":4.0,"turns":4.0},{"damage":13.0,"enemies":"Exordium Wildlife","floor":5.0,"turns":4.0},{"damage":21.0,"enemies":"3 Sentries","floor":7.0,"turns":8.0},{"damage":21.0,"enemies":"Lagavulin","floor":10.0,"turns":5.0},{"damage":9.0,"enemies":"3 Sentries","floor":12.0,"turns":6.0},{"damage":0.0,"enemies":"Looter","floor":13.0,"turns":3.0},{"damage":9.0,"enemies":"Red Slaver","floor":14.0,"turns":2.0},{"damage":33.0,"enemies":"The Guardian","floor":16.0,"turns":11.0},{"damage":17.0,"enemies":"Shell Parasite","floor":18.0,"turns":5.0},{"damage":5.0,"enemies":"Spheric Guardian","floor":19.0,"turns":3.0},{"damage":6.0,"enemies":"3 Cultists","floor":21.0,"turns":3.0},{"damage":13.0,"enemies":"Book of Stabbing","floor":24.0,"turns":5.0},{"damage":10.0,"enemies":"Gremlin Leader","floor":27.0,"turns":4.0},{"damage":0.0,"enemies":"Snecko","floor":29.0,"turns":3.0},{"damage":18.0,"enemies":"Book of Stabbing","floor":30.0,"turns":4.0},{"damage":9.0,"enemies":"Centurion and Healer","floor":31.0,"turns":3.0},{"damage":52,"enemies":"Automaton","floor":33,"turns":7},{"damage":11,"enemies":"3 Shapes","floor":35,"turns":1},{"damage":2,"enemies":"Orb Walker","floor":37,"turns":3},{"damage":22,"enemies":"Transient","floor":38,"turns":5},{"damage":54,"enemies":"Nemesis","floor":40,"turns":5},{"damage":27,"floor":41,"turns":4},{"damage":23,"enemies":"Spire Growth","floor":45,"turns":4},{"damage":1,"enemies":"3 Darklings","floor":47,"turns":1},{"damage":94,"enemies":"Time Eater","floor":50,"turns":9}],"seed_played":"-6919604902262453661","potions_obtained":[{"floor":1.0,"key":"Regen Potion"},{"floor":3.0,"key":"LiquidBronze"},{"floor":13.0,"key":"LiquidBronze"},{"floor":14.0,"key":"Explosive Potion"},{"floor":18.0,"key":"EssenceOfSteel"},{"floor":24.0,"key":"BloodPotion"},{"floor":27.0,"key":"SkillPotion"},{"floor":29.0,"key":"Ancient Potion"},{"floor":31.0,"key":"Strength Potion"},{"floor":37,"key":"PowerPotion"},{"floor":40,"key":"SkillPotion"},{"floor":45,"key":"Energy Potion"}],"is_trial":false,"path_per_floor":["M","?","M","M","M","R","E","R","T","E","?","E","M","M","R","B",null,"M","M","?","M","?","R","E","T","T","E","$","M","E","M","R","B",null,"M","?","M","M","?","E","?","R","T","R","M","$","M","T","R","B"],"character_chosen":"IRONCLAD","items_purchased":["Ginger","Bottled Flame"],"campfire_rested":0,"item_purchase_floors":[],"current_hp_per_floor":[93,93,85,87,80,80,65,65,65,64,61,58,64,61,61,34,81,70,71,96,96,96,96,89,89,89,87,87,95,84,96,96,65,88,89,89,96,96,96,66,93,93,93,93,94,94,96,96,96,74],"gold":45,"neow_bonus":"","is_prod":false,"is_daily":false,"chose_seed":false,"campfire_upgraded":8,"win_rate":0,"timestamp":1530107755,"path_taken":["M","?","M","M","M","R","E","R","T","E","?","E","M","M","R","BOSS","M","M","?","?","?","R","E","?","T","E","$","M","E","M","R","BOSS","M","?","M","?","?","E","?","R","T","R","M","$","M","?","R","BOSS"],"build_version":"2018-06-26","purchased_purges":2,"victory":true,"max_hp_per_floor":[96,96,96,96,96,96,96,96,96,96,96,96,96,96,96,96,96,96,96,96,96,96,96,96,96,96,96,96,96,96,96,96,96,96,96,96,96,96,96,96,96,96,96,96,96,96,96,96,96,96],"card_choices":[{"not_picked":["Second Wind","Havoc"],"picked":"Thunderclap","floor":1.0},{"not_picked":["Dual Wield","Perfected Strike","Clash"],"picked":"SKIP","floor":3.0},{"not_picked":["Havoc","Armaments"],"picked":"True Grit","floor":4.0},{"not_picked":["Reckless Charge","Burning Pact"],"picked":"Pommel Strike","floor":5.0},{"not_picked":["Ghostly Armor","Burning Pact"],"picked":"Iron Wave","floor":7.0},{"not_picked":["Headbutt","Infernal Blade","Entrench"],"picked":"SKIP","floor":10.0},{"not_picked":["Combust","Hemokinesis"],"picked":"Rage","floor":12.0},{"not_picked":["Body Slam","Fire Breathing"],"picked":"Ghostly Armor","floor":13.0},{"not_picked":["Wild Strike","Reaper"],"picked":"Thunderclap","floor":14.0},{"not_picked":["Demon Form","Bludgeon"],"picked":"Immolate","floor":16.0},{"not_picked":["Wild Strike","Evolve+1"],"picked":"Disarm","floor":18.0},{"not_picked":["Blood for Blood+1","Disarm"],"picked":"Whirlwind","floor":19.0},{"not_picked":["Flex","True Grit"],"picked":"Iron Wave","floor":21.0},{"not_picked":["Carnage","Seeing Red+1"],"picked":"Bludgeon","floor":24.0},{"not_picked":["Searing Blow+1","Evolve"],"picked":"Reaper","floor":27.0},{"not_picked":["Clothesline","Sword Boomerang"],"picked":"Intimidate","floor":29.0},{"not_picked":["Sword Boomerang","Fiend Fire"],"picked":"Shrug It Off+1","floor":30.0},{"not_picked":["Clothesline+1","Disarm"],"picked":"Pommel Strike+1","floor":31.0},{"not_picked":["Double Tap","Demon Form"],"picked":"Reaper","floor":33},{"not_picked":["Perfected Strike","Clash+1"],"picked":"Metallicize+1","floor":35},{"not_picked":["Wild Strike","Seeing Red"],"picked":"Pommel Strike+1","floor":37},{"not_picked":["Corruption","Seeing Red"],"picked":"Reaper","floor":38},{"not_picked":["Rampage","Evolve+1"],"picked":"Spot Weakness","floor":40},{"not_picked":["Heavy Blade","Headbutt+1"],"picked":"Twin Strike+1","floor":41},{"not_picked":["Wild Strike","Fire Breathing"],"picked":"Thunderclap","floor":45},{"not_picked":["Blood for Blood","Feel No Pain"],"picked":"Ghostly Armor","floor":45},{"not_picked":["Body Slam","Armaments"],"picked":"Heavy Blade","floor":47},{"not_picked":["Clash+1","Heavy Blade"],"picked":"Shockwave","floor":47}],"player_experience":179829,"relics_obtained":[{"floor":7.0,"key":"Vajra"},{"floor":9.0,"key":"Happy Flower"},{"floor":10.0,"key":"Bronze Scales"},{"floor":12.0,"key":"Du-Vu Doll"},{"floor":24.0,"key":"Blood Vial"},{"floor":25.0,"key":"Dream Catcher"},{"floor":26.0,"key":"Self Forming Clay"},{"floor":27.0,"key":"Charon\u0027s Ashes"},{"floor":30.0,"key":"Magic Flower"},{"floor":40,"key":"Prayer Wheel"},{"floor":41,"key":"Thread and Needle"},{"floor":43,"key":"Pantograph"},{"floor":48,"key":"Orichalcum"}],"event_choices":[{"event_name":"Purifier","player_choice":"One Purge","floor":2.0,"damage_taken":0.0},{"event_name":"Scrap Ooze","player_choice":"success","floor":11.0,"damage_taken":3.0},{"event_name":"The Library","player_choice":"Heal","floor":20.0,"damage_taken":0.0},{"event_name":"Duplicator","player_choice":"One dupe","floor":22.0,"damage_taken":0.0},{"event_name":"Tomb of Lord Red Mask","player_choice":"Ignored","floor":36,"damage_taken":0},{"event_name":"Falling","player_choice":"Removed Power","floor":39,"damage_taken":0},{"event_name":"Mysterious Sphere","player_choice":"Fight","floor":41,"damage_taken":0}],"boss_relics":[{"not_picked":["Tiny House","Lizard Tail"],"picked":"Cursed Key"},{"not_picked":["Runic Dome","Astrolabe"],"picked":"Mark of Pain"}],"items_purged_floors":[],"is_endless":false,"potions_floor_spawned":[1,3,13,14,18,24,27,29,31,37,40,45,47],"ascension_level":7}