{"path_per_floor":["M","M","M","?","$","M","E","M","T","R","M","M","$","M","R"],"character_chosen":"THE_SILENT","items_purchased":["Underhanded Strike","Swift Strike","Cloak And Dagger","Crippling Poison"],"gold_per_floor":[215,233,250,325,25,43,77,91,114,114,125,140,40,56,56,56],"floor_reached":16,"campfire_rested":2,"playtime":2795,"item_purchase_floors":[5,5,5,5],"current_hp_per_floor":[68,68,61,50,50,49,36,28,28,49,49,47,47,44,65,0],"items_purged":["Strike_G","Strike_G"],"gold":56,"score":106,"play_id":"b2d8382e-4274-4682-b53c-1c9957285d23","local_time":"20180525122822","is_prod":false,"is_daily":false,"chose_seed":false,"is_ascension_mode":false,"campfire_upgraded":0,"win_rate":0.0,"timestamp":1527265702,"campfire_choices":[{"floor":10,"key":"REST"},{"floor":15,"key":"REST"}],"path_taken":["M","M","M","?","$","?","E","M","T","R","M","M","$","M","R","BOSS"],"build_version":"2018-05-24","seed_source_timestamp":375786355774527,"purchased_purges":2,"victory":false,"master_deck":["Defend_G","Defend_G","Defend_G","Defend_G","Defend_G","Strike_G","Strike_G","Strike_G","Survivor","Neutralize","Leg Sweep","Acrobatics","Terror","Underhanded Strike","Swift Strike","Cloak And Dagger","Crippling Poison","Backflip","Backflip","Die Die Die","Endless Agony","Deflect","Acrobatics"],"max_hp_per_floor":[70,70,70,70,70,70,70,70,70,70,70,70,70,70,70,70],"relics":["Ring of the Snake","Tough Bandages","Orichalcum"],"card_choices":[{"not_picked":["Prepared","Finisher"],"picked":"Leg Sweep","floor":1},{"not_picked":["Prepared","Dodge and Roll"],"picked":"Acrobatics","floor":2},{"not_picked":["Flying Knee","Dagger Spray"],"picked":"Terror","floor":3},{"not_picked":["Riddle With Holes","Flechettes"],"picked":"Backflip","floor":6},{"not_picked":["Dodge and Roll","Leg Sweep"],"picked":"Backflip","floor":7},{"not_picked":["Dagger Throw","Prepared"],"picked":"Die Die Die","floor":8},{"not_picked":["Quick Slash","Bouncing Flask"],"picked":"Endless Agony","floor":11},{"not_picked":["Backflip","Blur"],"picked":"Deflect","floor":12},{"not_picked":["Flying Knee","Reflex"],"picked":"Acrobatics","floor":14}],"player_experience":138345,"potions_floor_usage":[3,8,16],"damage_taken":[{"damage":2,"enemies":"Cultist","floor":1,"turns":4},{"damage":0,"enemies":"Small Slimes","floor":2,"turns":5},{"damage":7,"enemies":"Jaw Worm","floor":3,"turns":8},{"damage":1,"enemies":"Red Slaver","floor":6,"turns":5},{"damage":13,"enemies":"3 Sentries","floor":7,"turns":13},{"damage":8,"enemies":"Large Slime","floor":8,"turns":12},{"damage":0,"enemies":"Lots of Slimes","floor":11,"turns":1},{"damage":2,"enemies":"Exordium Wildlife","floor":12,"turns":5},{"damage":3,"enemies":"Exordium Thugs","floor":14,"turns":5},{"damage":81,"enemies":"Hexaghost","floor":16,"turns":18}],"relics_obtained":[{"floor":7,"key":"Tough Bandages"},{"floor":9,"key":"Orichalcum"}],"event_choices":[{"event_name":"World of Goop","player_choice":"Gather Gold","floor":4,"damage_taken":0}],"boss_relics":[],"items_purged_floors":[5,13],"potions_floor_spawned":[1,3,7,12],"seed_played":"344118483057578169","killed_by":"Hexaghost","ascension_level":0,"potions_obtained":[{"floor":1,"key":"PowerPotion"},{"floor":3,"key":"GhostInAJar"},{"floor":7,"key":"Dexterity Potion"},{"floor":12,"key":"FairyPotion"}],"is_trial":false}