{"gold_per_floor":[114,129,129,56,56,86,86,116,116,116,80,80,80,95,95,195,195,210,210,135],"floor_reached":20,"playtime":697,"items_purged":[],"score":178,"play_id":"4b0eb16d-5b79-4485-b325-9e8c679950f6","local_time":"20180930173429","daily_mods":["Draft","Flight","Lethality"],"is_ascension_mode":false,"campfire_choices":[{"data":"Defragment","floor":7,"key":"SMITH"},{"data":"Capacitor","floor":12,"key":"SMITH"},{"data":"Coolheaded","floor":13,"key":"SMITH"},{"data":"Stack","floor":15,"key":"SMITH"}],"neow_cost":"","seed_source_timestamp":0,"circlet_count":0,"master_deck":["Beam Cell","Conserve Battery","Compile Driver","Ball Lightning","Genetic Algorithm","Steam Power","Coolheaded+1","Sweeping Beam","Stack+1","Ball Lightning","FTL","Conserve Battery","Rebound","Cold Snap","Leap","Coolheaded","Reinforced Body","Defragment+1","Defragment+1","Self Repair","Capacitor+1","Rip and Tear","Creative AI","Pain","Clumsy","Clumsy"],"special_seed":17804,"relics":["Cracked Core","Shuriken","Orichalcum","Cables","Ice Cream","Calling Bell","Potion Belt","Darkstone Periapt","Bird Faced Urn"],"potions_floor_usage":[18,18,18],"damage_taken":[{"damage":1,"enemies":"2 Louse","floor":1,"turns":2},{"damage":0,"enemies":"Small Slimes","floor":2,"turns":2},{"damage":10,"enemies":"3 Sentries","floor":6,"turns":5},{"damage":11,"enemies":"Gremlin Nob","floor":8,"turns":3},{"damage":2,"enemies":"Jaw Worm","floor":14,"turns":2},{"damage":31,"enemies":"Hexaghost","floor":16,"turns":6},{"damage":46,"enemies":"3 Byrds","floor":18,"turns":4},{"damage":34,"enemies":"2 Thieves","floor":20,"turns":3}],"seed_played":"3855407655360463062","potions_obtained":[{"floor":6,"key":"FocusPotion"},{"floor":8,"key":"Swift Potion"},{"floor":16,"key":"SpeedPotion"}],"is_trial":false,"path_per_floor":["M","M","?","$","?","E","R","E","T","?","$","R","R","M","R","B",null,"M","$"],"character_chosen":"DEFECT","items_purchased":["Defragment","Capacitor"],"campfire_rested":0,"item_purchase_floors":[4,11],"current_hp_per_floor":[74,74,74,74,74,64,64,53,53,50,50,50,50,48,48,24,75,31,31,0],"gold":135,"neow_bonus":"","is_prod":false,"is_daily":true,"chose_seed":false,"campfire_upgraded":4,"win_rate":0,"timestamp":1538321669,"path_taken":["M","M","?","$","?","E","R","E","T","?","$","R","R","?","R","BOSS","M","$","?"],"build_version":"2018-09-27","purchased_purges":0,"victory":false,"max_hp_per_floor":[75,75,75,75,75,75,75,75,75,75,75,75,75,75,75,75,75,75,75,75],"card_choices":[{"not_picked":["Redo","Static Discharge"],"picked":"Beam Cell","floor":0},{"not_picked":["Turbo","Redo"],"picked":"Conserve Battery","floor":0},{"not_picked":["Chaos","Turbo"],"picked":"Compile Driver","floor":0},{"not_picked":["FTL","Compile Driver"],"picked":"Ball Lightning","floor":0},{"not_picked":["Streamline","Sweeping Beam"],"picked":"Genetic Algorithm","floor":0},{"not_picked":["Lockon","Static Discharge"],"picked":"Steam Power","floor":0},{"not_picked":["Steam","Darkness"],"picked":"Coolheaded","floor":0},{"not_picked":["Barrage","Turbo"],"picked":"Sweeping Beam","floor":0},{"not_picked":["Turbo","Lockon"],"picked":"Stack","floor":0},{"not_picked":["Coolheaded","Darkness"],"picked":"Ball Lightning","floor":0},{"not_picked":["Go for the Eyes","Recycle"],"picked":"FTL","floor":0},{"not_picked":["Gash","Beam Cell"],"picked":"Conserve Battery","floor":0},{"not_picked":["Chaos","Fusion"],"picked":"Rebound","floor":0},{"not_picked":["Gash","Beam Cell"],"picked":"Cold Snap","floor":0},{"not_picked":["Sweeping Beam","Redo"],"picked":"Leap","floor":0},{"not_picked":["Rebound","Static Discharge"],"picked":"Coolheaded","floor":1},{"not_picked":["Turbo","Redo"],"picked":"Reinforced Body","floor":2},{"not_picked":["Hologram","Coolheaded"],"picked":"Defragment","floor":6},{"not_picked":["Amplify","Stack"],"picked":"Self Repair","floor":8},{"not_picked":["Chaos","Beam Cell"],"picked":"Rip and Tear","floor":14},{"not_picked":["Fission","Buffer"],"picked":"Creative AI","floor":16},{"not_picked":["Sunder","Steam","Coolheaded"],"picked":"SKIP","floor":18}],"player_experience":1492233,"relics_obtained":[{"floor":6,"key":"Shuriken"},{"floor":8,"key":"Orichalcum"},{"floor":9,"key":"Cables"},{"floor":17,"key":"Potion Belt"},{"floor":17,"key":"Darkstone Periapt"},{"floor":17,"key":"Bird Faced Urn"}],"event_choices":[{"event_name":"The Cleric","player_choice":"Leave","floor":3,"damage_taken":0},{"event_name":"Living Wall","player_choice":"Grow","floor":5,"damage_taken":0},{"event_name":"Scrap Ooze","player_choice":"success","floor":10,"damage_taken":3}],"is_beta":false,"boss_relics":[{"not_picked":["Black Star","Lizard Tail"],"picked":"Calling Bell"}],"items_purged_floors":[],"is_endless":false,"potions_floor_spawned":[6,8,16],"killed_by":"2 Thieves","ascension_level":0}