{"path_per_floor":["M","M","M","M","$","M","M","?","T","?","R","M","R","M","R","B",null,"M","M","M","$","M","R","E","R","T","?"],"character_chosen":"IRONCLAD","items_purchased":["Clash","Carnage","Molten Egg 2","Rampage","Clash"],"gold_per_floor":[115,129,143,157,41,51,66,143,143,218,218,233,233,251,251,352,352,363,382,399,28,42,42,73,73,73,73,73],"floor_reached":28,"campfire_rested":3,"playtime":2048,"current_hp_per_floor":[80,75,79,80,80,80,80,80,90,79,79,73,73,57,84,11,90,67,46,46,46,13,40,24,51,51,51,0],"items_purged":[],"gold":73,"score":259,"play_id":"bcbd42f2-0939-45cc-96d0-64e498e2a12c","local_time":"20180522234456","is_prod":false,"is_daily":false,"chose_seed":false,"is_ascension_mode":false,"campfire_upgraded":2,"timestamp":1527047096,"campfire_choices":[{"data":"Infernal Blade","floor":11,"key":"SMITH"},{"data":"Anger","floor":13,"key":"SMITH"},{"floor":15,"key":"REST"},{"floor":23,"key":"REST"},{"floor":25,"key":"REST"}],"path_taken":["M","M","M","M","$","?","M","?","T","?","R","M","R","?","R","BOSS","M","M","M","$","M","R","E","R","T","?","M"],"build_version":"2018-05-17","seed_source_timestamp":157949060916499,"purchased_purges":0,"victory":false,"master_deck":["Strike_R","Strike_R","Strike_R","Strike_R","Strike_R","Defend_R","Defend_R","Defend_R","Defend_R","Bash","Thunderclap","Wild Strike","Infernal Blade+1","Warcry","Combust","Clash","Carnage","Cleave","Shockwave","Anger+1","Bludgeon","Double Tap","Anger+1","Thunderclap","Blood for Blood","Iron Wave","Evolve","Cleave","Clash+1","Iron Wave","Rampage+1","Clash+1","Searing Blow+1","Headbutt+1","Injury"],"max_hp_per_floor":[80,80,80,80,80,80,80,80,90,90,90,90,90,90,90,90,90,90,90,90,90,90,90,90,90,90,90,90],"relics":["Burning Blood","Pear","Orrery","Molten Egg 2","Juzu Bracelet","Toolbox"],"card_choices":[{"not_picked":["Armaments","Sentinel"],"picked":"Thunderclap","floor":0},{"not_picked":["Spot Weakness","Inflame"],"picked":"Wild Strike","floor":1},{"not_picked":["Shockwave","Wild Strike"],"picked":"Infernal Blade","floor":2},{"not_picked":["Shrug It Off","Disarm"],"picked":"Warcry","floor":3},{"not_picked":["Havoc","Armaments"],"picked":"Combust","floor":4},{"not_picked":["Intimidate","Corruption"],"picked":"Cleave","floor":6},{"not_picked":["Seeing Red","Cleave"],"picked":"Shockwave","floor":7},{"not_picked":["Hemokinesis","Entrench"],"picked":"Anger","floor":12},{"not_picked":["Heavy Blade","Armaments"],"picked":"Bludgeon","floor":14},{"not_picked":["Offering","Fiend Fire"],"picked":"Double Tap","floor":16},{"not_picked":["Twin Strike","Heavy Blade"],"picked":"Anger","floor":17},{"not_picked":["Clothesline","Heavy Blade"],"picked":"Thunderclap","floor":17},{"not_picked":["Combust","Heavy Blade"],"picked":"Blood for Blood","floor":17},{"not_picked":["Rupture","Corruption"],"picked":"Iron Wave","floor":17},{"not_picked":["Headbutt","Clothesline"],"picked":"Evolve","floor":17},{"not_picked":["Berserk","Corruption"],"picked":"Cleave","floor":18},{"not_picked":["Thunderclap","Spot Weakness+1"],"picked":"Clash+1","floor":19},{"not_picked":["Body Slam","Feel No Pain"],"picked":"Iron Wave","floor":20},{"not_picked":["Heavy Blade+1","Havoc"],"picked":"Searing Blow+1","floor":22},{"not_picked":["Sentinel","True Grit"],"picked":"Headbutt+1","floor":24}],"player_experience":63299,"potions_floor_usage":[16,16,16,20,24,24],"damage_taken":[{"damage":6,"enemies":"Cultist","floor":1,"turns":3},{"damage":11,"enemies":"Jaw Worm","floor":2,"turns":2},{"damage":2,"enemies":"Small Slimes","floor":3,"turns":3},{"damage":1,"enemies":"2 Fungi Beasts","floor":4,"turns":3},{"damage":0,"enemies":"Blue Slaver","floor":6,"turns":1},{"damage":0,"enemies":"Large Slime","floor":7,"turns":3},{"damage":12,"enemies":"Exordium Thugs","floor":12,"turns":4},{"damage":22,"enemies":"Gremlin Gang","floor":14,"turns":4},{"damage":79,"enemies":"The Guardian","floor":16,"turns":8},{"damage":36,"enemies":"3 Byrds","floor":18,"turns":5},{"damage":27,"enemies":"2 Thieves","floor":19,"turns":3},{"damage":6,"enemies":"Cultist and Chosen","floor":20,"turns":6},{"damage":39,"enemies":"Snake Plant","floor":22,"turns":4},{"damage":22,"enemies":"Book of Stabbing","floor":24,"turns":3},{"damage":51,"enemies":"Centurion and Healer","floor":28,"turns":3}],"relics_obtained":[{"floor":9,"key":"Pear"},{"floor":24,"key":"Juzu Bracelet"},{"floor":26,"key":"Toolbox"}],"event_choices":[{"event_name":"Golden Wing","player_choice":"Gained Gold","floor":8,"damage_taken":0},{"event_name":"World of Goop","player_choice":"Gather Gold","floor":10,"damage_taken":0},{"event_name":"Accursed Blacksmith","player_choice":"Forge","floor":27,"damage_taken":0}],"boss_relics":[{"not_picked":["Runic Cube","Cursed Key"],"picked":"Orrery"}],"potions_floor_spawned":[2,4,6,12,14,19,20,22],"seed_played":"-4374288981385822848","killed_by":"Centurion and Healer","ascension_level":0,"potions_obtained":[{"floor":2,"key":"Dexterity Potion"},{"floor":4,"key":"GamblersBrew"},{"floor":6,"key":"EssenceOfSteel"},{"floor":12,"key":"Swift Potion"},{"floor":19,"key":"SkillPotion"},{"floor":20,"key":"SteroidPotion"},{"floor":22,"key":"FearPotion"}],"is_trial":false}