{"gold_per_floor":[112,125,23,23,33,61,72,72,97,97,117,93,110,110,110,210,210,226,240,155,165,176,176,176],"floor_reached":24,"playtime":1768,"items_purged":["Strike_B"],"score":208,"play_id":"c6a6954a-a860-4d40-bd8f-a1ca9478bdea","local_time":"20181125211651","is_ascension_mode":false,"campfire_choices":[{"floor":10,"key":"REST"},{"floor":15,"key":"REST"},{"floor":23,"key":"REST"}],"neow_cost":"NONE","seed_source_timestamp":681744220686336,"circlet_count":0,"master_deck":["Strike_B","Strike_B","Strike_B","Defend_B","Defend_B","Defend_B","Defend_B","Zap","Dualcast","Leap","Coolheaded","Sweeping Beam","Coolheaded","White Noise","White Noise","Go for the Eyes","Leap","Buffer","Gash","Hologram","Ball Lightning","Barrage"],"relics":["Runic Pyramid","Ancient Tea Set","Odd Mushroom","Fusion Hammer","Pen Nib"],"potions_floor_usage":[6,8,8],"damage_taken":[{"damage":4,"enemies":"Small Slimes","floor":1,"turns":4},{"damage":6,"enemies":"Jaw Worm","floor":2,"turns":4},{"damage":4,"enemies":"Cultist","floor":5,"turns":4},{"damage":29,"enemies":"Lagavulin","floor":6,"turns":9},{"damage":14,"enemies":"Looter","floor":7,"turns":4},{"damage":11,"enemies":"3 Sentries","floor":8,"turns":5},{"damage":16,"enemies":"The Mushroom Lair","floor":11,"turns":6},{"damage":10,"enemies":"2 Fungi Beasts","floor":13,"turns":2},{"damage":15,"enemies":"The Guardian","floor":16,"turns":17},{"damage":0,"enemies":"Spheric Guardian","floor":18,"turns":5},{"damage":14,"enemies":"Shell Parasite","floor":19,"turns":7},{"damage":32,"enemies":"Snake Plant","floor":21,"turns":6},{"damage":18,"enemies":"Centurion and Healer","floor":22,"turns":10},{"damage":39,"enemies":"Gremlin Leader","floor":24,"turns":4}],"seed_played":"6254091523433729467","potions_obtained":[{"floor":2,"key":"Ancient Potion"},{"floor":6,"key":"Energy Potion"},{"floor":7,"key":"SmokeBomb"},{"floor":11,"key":"SteroidPotion"},{"floor":21,"key":"Energy Potion"}],"is_trial":false,"path_per_floor":["M","M","$","?","M","E","M","E","T","R","?","?","M","?","R","B",null,"M","M","?","M","M","R","E"],"character_chosen":"DEFECT","items_purchased":["Sweeping Beam"],"campfire_rested":3,"item_purchase_floors":[3],"current_hp_per_floor":[71,65,65,65,61,32,18,7,7,29,13,13,3,3,25,10,75,75,61,61,29,11,33,0],"gold":176,"neow_bonus":"BOSS_RELIC","is_prod":false,"is_daily":false,"chose_seed":false,"campfire_upgraded":0,"win_rate":0,"timestamp":1543198611,"path_taken":["M","M","$","?","M","E","M","E","T","R","?","?","?","?","R","BOSS","M","M","?","M","M","R","E"],"build_version":"2018-11-15","purchased_purges":1,"victory":false,"max_hp_per_floor":[75,75,75,75,75,75,75,75,75,75,75,75,75,75,75,75,75,75,75,75,75,75,75,75],"card_choices":[{"not_picked":["Redo","Hologram"],"picked":"Leap","floor":1},{"not_picked":["Leap","Cold Snap"],"picked":"Coolheaded","floor":2},{"not_picked":["Steam Power","Barrage"],"picked":"Coolheaded","floor":5},{"not_picked":["Force Field","Cold Snap"],"picked":"White Noise","floor":6},{"not_picked":["Conserve Battery","Compile Driver"],"picked":"White Noise","floor":7},{"not_picked":["Undo","Hello World"],"picked":"Go for the Eyes","floor":11},{"not_picked":["Recycle","Reboot"],"picked":"Leap","floor":13},{"not_picked":["Machine Learning","Thunder Strike"],"picked":"Buffer","floor":16},{"not_picked":["Steam+1","Compile Driver+1"],"picked":"Gash","floor":18},{"not_picked":["Ball Lightning","Conserve Battery"],"picked":"Hologram","floor":19},{"not_picked":["Go for the Eyes","Turbo"],"picked":"Ball Lightning","floor":21},{"not_picked":["Conserve Battery","Rebound"],"picked":"Barrage","floor":22}],"player_experience":1751459,"relics_obtained":[{"floor":6,"key":"Ancient Tea Set"},{"floor":11,"key":"Odd Mushroom"}],"event_choices":[{"damage_healed":0,"gold_gain":0,"player_choice":"Leave","damage_taken":0,"max_hp_gain":0,"max_hp_loss":0,"event_name":"The Cleric","floor":4,"gold_loss":0},{"damage_healed":0,"gold_gain":0,"player_choice":"Fought Mushrooms","damage_taken":0,"max_hp_gain":0,"max_hp_loss":0,"event_name":"Mushrooms","floor":11,"gold_loss":0},{"damage_healed":0,"gold_gain":0,"player_choice":"Left Gold","damage_taken":0,"max_hp_gain":0,"max_hp_loss":0,"event_name":"World of Goop","floor":12,"gold_loss":24},{"damage_healed":0,"gold_gain":0,"player_choice":"Ignored","damage_taken":0,"max_hp_gain":0,"max_hp_loss":0,"event_name":"Golden Wing","floor":14,"gold_loss":0},{"damage_healed":0,"gold_gain":0,"player_choice":"Obtained Relic","damage_taken":0,"relics_obtained":["Pen Nib"],"max_hp_gain":0,"max_hp_loss":0,"event_name":"Addict","floor":20,"gold_loss":85}],"is_beta":false,"boss_relics":[{"not_picked":["Snecko Eye","Coffee Dripper"],"picked":"Fusion Hammer"}],"items_purged_floors":[3],"is_endless":false,"potions_floor_spawned":[2,6,7,8,11,21],"killed_by":"Gremlin Leader","ascension_level":0}