{"gold_per_floor":[219,219,18,28,39,39,56,56,56,78,90,108,125,125,125,224,224,240,256,256,271,271,271,281,281,281,294,305,220,220],"floor_reached":30,"playtime":1646,"items_purged":[],"score":294,"play_id":"b4927471-fff6-4f39-9544-ed2b75d84cd9","local_time":"20180625214357","is_ascension_mode":true,"campfire_choices":[{"floor":6,"key":"REST"},{"data":"Apotheosis","floor":8,"key":"SMITH"},{"floor":15,"key":"REST"},{"floor":23,"key":"REST"},{"floor":25,"key":"REST"}],"neow_cost":"NONE","seed_source_timestamp":92834832134604,"circlet_count":0,"master_deck":["Strike_B","Strike_B","Strike_B","Defend_B","Defend_B","Defend_B","Defend_B","Zap+1","Dualcast","Leap","Apotheosis+1","Cold Snap","Heatsinks","Cold Snap","Double Energy+1","Coolheaded+1","Capacitor","Creative AI","Coolheaded+1","Defragment","Darkness+1","Storm"],"relics":["Cracked Core","Toxic Egg 2","Odd Mushroom","Fusion Hammer","Gremlin Horn","Matryoshka"],"potions_floor_usage":[10,16,24,30],"damage_taken":[{"damage":9,"enemies":"2 Louse","floor":1,"turns":2},{"damage":0,"enemies":"Cultist","floor":4,"turns":3},{"damage":10,"enemies":"Small Slimes","floor":5,"turns":3},{"damage":11,"enemies":"Looter","floor":7,"turns":2},{"damage":16,"floor":10,"turns":3},{"damage":5,"enemies":"Blue Slaver","floor":11,"turns":4},{"damage":14,"enemies":"Exordium Wildlife","floor":12,"turns":3},{"damage":7,"enemies":"3 Louse","floor":13,"turns":3},{"damage":18,"enemies":"Hexaghost","floor":16,"turns":12},{"damage":14,"enemies":"Chosen","floor":18,"turns":5},{"damage":6,"enemies":"3 Byrds","floor":19,"turns":6},{"damage":12,"enemies":"3 Cultists","floor":21,"turns":6},{"damage":15,"enemies":"Snake Plant","floor":24,"turns":6},{"damage":26,"enemies":"Centurion and Healer","floor":27,"turns":5},{"damage":35,"enemies":"3 Cultists","floor":28,"turns":6},{"damage":13,"enemies":"Snake Plant","floor":30,"turns":1}],"seed_played":"-401373982349308158","potions_obtained":[{"floor":1,"key":"Poison Potion"},{"floor":11,"key":"FocusPotion"},{"floor":12,"key":"SteroidPotion"},{"floor":16,"key":"SkillPotion"},{"floor":21,"key":"Regen Potion"},{"floor":24,"key":"FocusPotion"},{"floor":28,"key":"Fire Potion"}],"is_trial":false,"path_per_floor":["M","?","$","M","M","R","M","R","T","?","M","M","M","?","R","B",null,"M","M","?","M","?","R","M","R","T","M","M","?"],"character_chosen":"DEFECT","items_purchased":["Apotheosis"],"campfire_rested":4,"item_purchase_floors":[3],"current_hp_per_floor":[59,59,59,59,49,71,60,60,60,44,39,25,18,18,40,22,62,48,42,42,30,30,52,51,73,73,47,12,12,0],"gold":220,"neow_bonus":"HUNDRED_GOLD","is_prod":false,"is_daily":false,"chose_seed":false,"campfire_upgraded":1,"win_rate":0,"timestamp":1529977437,"path_taken":["M","?","$","M","M","R","M","R","T","?","M","M","M","?","R","BOSS","M","M","?","M","?","R","M","R","T","?","?","?","M"],"build_version":"2018-06-21v2","purchased_purges":0,"victory":false,"max_hp_per_floor":[75,75,75,75,75,75,75,75,75,75,75,75,75,75,75,75,75,75,75,75,75,75,75,75,75,75,75,75,75,75],"card_choices":[{"not_picked":["Turbo","Fusion"],"picked":"Leap","floor":1},{"not_picked":["Hologram","Tempest"],"picked":"Cold Snap","floor":4},{"not_picked":["Gash","Reprogram"],"picked":"Heatsinks","floor":5},{"not_picked":["Gash","Ball Lightning"],"picked":"Cold Snap","floor":7},{"not_picked":["Consume+1","Sweeping Beam"],"picked":"Double Energy+1","floor":10},{"not_picked":["Streamline","Lockon","Compile Driver"],"picked":"SKIP","floor":11},{"not_picked":["Force Field+1","Steam+1"],"picked":"Coolheaded+1","floor":12},{"not_picked":["Beam Cell","Creative AI"],"picked":"Capacitor","floor":13},{"not_picked":["Meteor Strike","Biased Cognition"],"picked":"Creative AI","floor":16},{"not_picked":["Steam Power+1","Chaos+1"],"picked":"Coolheaded+1","floor":18},{"not_picked":["Cold Snap","Reinforced Body+1","Go for the Eyes"],"picked":"SKIP","floor":19},{"not_picked":["Go for the Eyes","Rebound"],"picked":"Darkness+1","floor":21},{"not_picked":["BootSequence+1","Compile Driver"],"picked":"Storm","floor":24},{"not_picked":["Reinforced Body+1","Scrape","Compile Driver"],"picked":"SKIP","floor":27},{"not_picked":["Redo+1","Sweeping Beam","Hyperbeam"],"picked":"SKIP","floor":28}],"player_experience":771984,"relics_obtained":[{"floor":9,"key":"Toxic Egg 2"},{"floor":10,"key":"Odd Mushroom"},{"floor":26,"key":"Gremlin Horn"}],"event_choices":[{"event_name":"Upgrade Shrine","player_choice":"Upgraded","floor":2,"damage_taken":0},{"event_name":"Mushrooms","player_choice":"Fought Mushrooms","floor":10,"damage_taken":0},{"event_name":"Living Wall","player_choice":"Forget","floor":14,"damage_taken":0},{"event_name":"The Library","player_choice":"Read","floor":20,"damage_taken":0},{"event_name":"Cursed Tome","player_choice":"Ignored","floor":22,"damage_taken":0},{"event_name":"Addict","player_choice":"Obtained Relic","floor":29,"damage_taken":0}],"boss_relics":[{"not_picked":["Pandora\u0027s Box","Velvet Choker"],"picked":"Fusion Hammer"}],"items_purged_floors":[],"is_endless":false,"potions_floor_spawned":[1,11,12,16,21,24,27,28],"killed_by":"Snake Plant","ascension_level":6}