{"gold_per_floor":[110,110,180,230,22,22,54,104,104,124,174,190,190,209,209,209],"floor_reached":16,"playtime":1091,"items_purged":[],"score":100,"play_id":"a7d54e6f-1bd8-411b-8291-34bdc2add10a","local_time":"20190122002421","is_ascension_mode":false,"campfire_choices":[{"data":"Coolheaded","floor":6,"key":"SMITH"},{"data":"White Noise","floor":13,"key":"SMITH"},{"data":"Static Discharge","floor":15,"key":"SMITH"}],"neow_cost":"NONE","seed_source_timestamp":180229361122977,"circlet_count":0,"master_deck":["Strike_B","Strike_B","Strike_B","Strike_B","Defend_B","Defend_B","Defend_B","Defend_B+1","Zap","Dualcast","Coolheaded+1","White Noise+1","Coolheaded+1","Coolheaded","Injury","White Noise+1","Static Discharge+1"],"relics":["Coffee Dripper","SsserpentHead","Strange Spoon","Ornamental Fan","Dodecahedron","Golden Idol"],"potions_floor_usage":[12,12],"damage_taken":[{"damage":0,"enemies":"2 Louse","floor":1,"turns":3},{"damage":2,"enemies":"Cultist","floor":3,"turns":6},{"damage":19,"enemies":"Lagavulin","floor":7,"turns":12},{"damage":0,"enemies":"Small Slimes","floor":10,"turns":3},{"damage":0,"enemies":"Looter","floor":12,"turns":4},{"damage":0,"enemies":"Large Slime","floor":14,"turns":4},{"damage":51,"enemies":"Hexaghost","floor":16,"turns":12}],"seed_played":"3116693589041094444","potions_obtained":[{"floor":7,"key":"Regen Potion"},{"floor":10,"key":"Swift Potion"}],"is_trial":false,"path_per_floor":["M","?","M","?","$","R","E","?","T","M","?","M","R","M","R","B"],"character_chosen":"DEFECT","items_purchased":["Strange Spoon"],"campfire_rested":0,"item_purchase_floors":[5],"current_hp_per_floor":[75,75,73,73,73,73,54,39,39,39,39,51,51,51,51,0],"gold":209,"neow_bonus":"BOSS_RELIC","is_prod":false,"is_daily":false,"chose_seed":false,"campfire_upgraded":3,"win_rate":0,"timestamp":1548078861,"path_taken":["M","?","?","?","$","R","E","?","T","M","?","M","R","M","R","BOSS"],"build_version":"2019-01-17v2","purchased_purges":0,"victory":false,"max_hp_per_floor":[75,75,75,75,75,75,75,75,75,75,75,75,75,75,75,75],"card_choices":[{"not_picked":["Barrage","Gash"],"picked":"Coolheaded","floor":1},{"not_picked":["Go for the Eyes","Redo"],"picked":"White Noise","floor":3},{"not_picked":["Heatsinks","Conserve Battery"],"picked":"Coolheaded","floor":7},{"not_picked":["Barrage","Compile Driver"],"picked":"Coolheaded","floor":10},{"not_picked":["Rip and Tear","Sweeping Beam"],"picked":"White Noise","floor":12},{"not_picked":["Cold Snap","Tempest"],"picked":"Static Discharge","floor":14}],"player_experience":480882,"relics_obtained":[{"floor":7,"key":"Ornamental Fan"},{"floor":9,"key":"Dodecahedron"}],"event_choices":[{"damage_healed":0,"gold_gain":0,"player_choice":"Trade","damage_taken":0,"relics_obtained":["SsserpentHead"],"max_hp_gain":0,"max_hp_loss":0,"event_name":"FaceTrader","floor":2,"gold_loss":0},{"damage_healed":0,"gold_gain":0,"player_choice":"Grow","damage_taken":0,"max_hp_gain":0,"max_hp_loss":0,"event_name":"Living Wall","floor":4,"gold_loss":0,"cards_upgraded":["White Noise"]},{"damage_healed":0,"gold_gain":0,"player_choice":"Entered Light","damage_taken":15,"max_hp_gain":0,"max_hp_loss":0,"event_name":"Shining Light","floor":8,"gold_loss":0,"cards_upgraded":["Coolheaded","Defend_B"]},{"damage_healed":0,"gold_gain":0,"player_choice":"Take Wound","damage_taken":0,"relics_obtained":["Golden Idol"],"max_hp_gain":0,"max_hp_loss":0,"event_name":"Golden Idol","floor":11,"gold_loss":0,"cards_obtained":["Injury"]}],"is_beta":false,"boss_relics":[],"items_purged_floors":[],"is_endless":false,"potions_floor_spawned":[7,10],"killed_by":"Hexaghost","ascension_level":0}