{"gold_per_floor":[111,131,131,32,42,71,33,60,137,150,130,142,142,154,154,154],"floor_reached":16,"playtime":816,"items_purged":[],"score":112,"play_id":"ecc769e9-cd73-4641-a6b6-4ca865bfe8bc","local_time":"20181205120644","is_ascension_mode":false,"campfire_choices":[{"floor":13,"key":"REST"},{"floor":15,"key":"REST"}],"neow_cost":"NONE","seed_source_timestamp":231915496396549,"circlet_count":0,"master_deck":["Strike_R","Strike_R","Strike_R","Strike_R","Defend_R","Defend_R","Defend_R","Defend_R","Bash","Shrug It Off","Clothesline","Whirlwind","Flex","Entrench","Searing Blow","Battle Trance","Feed","Carnage","Armaments","Headbutt"],"relics":["Burning Blood","Paper Frog","Art of War","Tiny Chest"],"potions_floor_usage":[6,8,12,16],"damage_taken":[{"damage":6,"enemies":"Cultist","floor":1,"turns":3},{"damage":1,"enemies":"Jaw Worm","floor":2,"turns":4},{"damage":1,"enemies":"2 Louse","floor":5,"turns":3},{"damage":20,"enemies":"Gremlin Nob","floor":6,"turns":4},{"damage":41,"enemies":"Lagavulin","floor":8,"turns":7},{"damage":30,"enemies":"Exordium Thugs","floor":10,"turns":6},{"damage":2,"enemies":"Looter","floor":12,"turns":3},{"damage":26,"enemies":"Lots of Slimes","floor":14,"turns":3},{"damage":60,"enemies":"Hexaghost","floor":16,"turns":14}],"seed_played":"5229732330315703100","potions_obtained":[{"floor":5,"key":"AttackPotion"},{"floor":6,"key":"LiquidBronze"},{"floor":10,"key":"Block Potion"},{"floor":11,"key":"Weak Potion"}],"is_trial":false,"path_per_floor":["M","M","?","$","M","E","$","E","T","M","?","M","R","M","R","B"],"character_chosen":"IRONCLAD","items_purchased":["Whirlwind","Flex","Battle Trance"],"campfire_rested":2,"item_purchase_floors":[4,4,7],"current_hp_per_floor":[88,88,81,81,86,72,72,37,37,16,16,20,47,30,58,0],"gold":154,"neow_bonus":"TEN_PERCENT_HP_BONUS","is_prod":false,"is_daily":false,"chose_seed":false,"campfire_upgraded":0,"win_rate":0,"timestamp":1544029604,"path_taken":["M","?","?","$","M","E","$","E","T","M","?","M","R","M","R","BOSS"],"build_version":"2018-11-15","purchased_purges":0,"victory":false,"max_hp_per_floor":[88,88,88,88,88,88,88,88,88,91,91,91,91,94,94,94],"card_choices":[{"not_picked":["Clothesline","Sword Boomerang"],"picked":"Shrug It Off","floor":1},{"not_picked":["Twin Strike","Body Slam"],"picked":"Clothesline","floor":2},{"not_picked":["Flex","Cleave"],"picked":"Entrench","floor":5},{"not_picked":["Heavy Blade","Combust"],"picked":"Searing Blow","floor":6},{"not_picked":["Flex","Cleave"],"picked":"Feed","floor":8},{"not_picked":["Feel No Pain","Twin Strike"],"picked":"Carnage","floor":10},{"not_picked":["Dropkick","Anger"],"picked":"Armaments","floor":12},{"not_picked":["Fire Breathing","Sever Soul"],"picked":"Headbutt","floor":14}],"player_experience":1770504,"relics_obtained":[{"floor":6,"key":"Paper Frog"},{"floor":8,"key":"Art of War"},{"floor":9,"key":"Tiny Chest"}],"event_choices":[{"cards_removed":["Strike_R"],"damage_healed":0,"gold_gain":0,"player_choice":"Card Removal","damage_taken":7,"max_hp_gain":0,"max_hp_loss":0,"event_name":"Golden Wing","floor":3,"gold_loss":0},{"damage_healed":0,"gold_gain":0,"player_choice":"Bought 1 Potion","damage_taken":0,"max_hp_gain":0,"max_hp_loss":0,"event_name":"The Woman in Blue","floor":11,"gold_loss":0}],"is_beta":false,"boss_relics":[],"items_purged_floors":[],"is_endless":false,"potions_floor_spawned":[5,6,10],"killed_by":"Hexaghost","ascension_level":0}