{"gold_per_floor":[117,117,129,146,158,187,201,226,226,116,116,133,166,178,178,274,274,285,27,41,54,54,54,71,71,71,82,110,110,110,141,141,236,236,253,269,284,37,50,50],"floor_reached":40,"playtime":4057,"items_purged":["Strike_B"],"score":475,"play_id":"433569d2-50f1-4144-86d8-41f5f2c59c08","local_time":"20180628082119","is_ascension_mode":true,"campfire_choices":[{"floor":11,"key":"REST"},{"data":"Loop","floor":15,"key":"SMITH"},{"data":"Defragment","floor":23,"key":"SMITH"},{"floor":25,"key":"REST"},{"floor":29,"key":"REST"},{"floor":32,"key":"REST"}],"neow_cost":"NONE","seed_source_timestamp":122998471457188,"circlet_count":0,"master_deck":["Strike_B","Strike_B","Strike_B","Defend_B","Defend_B","Defend_B","Zap","Dualcast","Sweeping Beam","Melter","Cold Snap","Core Surge","Loop+1","Chill","Ball Lightning","Defragment+1","Conserve Battery","Coolheaded","Redo","Multi-Cast","Auto Shields","Hologram","Ball Lightning","Glacier","Steam","Cold Snap","Electrodynamics","Compile Driver","Cold Snap+1","Rebound+1"],"relics":["Cracked Core","Happy Flower","Oddly Smooth Stone","Shuriken","Calipers","Darkstone Periapt","Inserter","Bottled Tornado","Gremlin Horn","Bird Faced Urn","Matryoshka","Blue Candle","Snecko Eye","Dodecahedron"],"potions_floor_usage":[8,8,13,31,39,39,40],"damage_taken":[{"damage":2,"enemies":"Small Slimes","floor":1,"turns":4},{"damage":6,"enemies":"Jaw Worm","floor":3,"turns":3},{"damage":0,"enemies":"Cultist","floor":4,"turns":2},{"damage":5,"enemies":"Looter","floor":5,"turns":3},{"damage":22,"enemies":"Gremlin Nob","floor":6,"turns":4},{"damage":15,"enemies":"Exordium Thugs","floor":7,"turns":4},{"damage":13,"enemies":"Lagavulin","floor":8,"turns":6},{"damage":0,"enemies":"2 Fungi Beasts","floor":12,"turns":2},{"damage":1,"enemies":"3 Sentries","floor":13,"turns":5},{"damage":0,"enemies":"Looter","floor":14,"turns":3},{"damage":13,"enemies":"Slime Boss","floor":16,"turns":9},{"damage":27,"enemies":"2 Thieves","floor":18,"turns":4},{"damage":0,"enemies":"Spheric Guardian","floor":20,"turns":1},{"damage":18,"enemies":"Snake Plant","floor":21,"turns":5},{"damage":5,"enemies":"Centurion and Healer","floor":24,"turns":7},{"damage":0,"enemies":"3 Cultists","floor":27,"turns":5},{"damage":12,"enemies":"Book of Stabbing","floor":28,"turns":7},{"damage":21,"enemies":"Slavers","floor":31,"turns":5},{"damage":12,"enemies":"Automaton","floor":33,"turns":11},{"damage":0,"enemies":"3 Shapes","floor":35,"turns":2},{"damage":0,"enemies":"3 Darklings","floor":36,"turns":4},{"damage":6,"enemies":"4 Shapes","floor":37,"turns":3},{"damage":0,"enemies":"Maw","floor":39,"turns":7},{"damage":83,"enemies":"Giant Head","floor":40,"turns":9}],"seed_played":"4245273390358824166","potions_obtained":[{"floor":3,"key":"GamblersBrew"},{"floor":5,"key":"AttackPotion"},{"floor":8,"key":"Regen Potion"},{"floor":13,"key":"GamblersBrew"},{"floor":21,"key":"Dexterity Potion"},{"floor":28,"key":"Fire Potion"},{"floor":31,"key":"Dexterity Potion"},{"floor":35,"key":"EssenceOfSteel"},{"floor":36,"key":"Energy Potion"}],"is_trial":false,"path_per_floor":["M","?","M","M","M","E","M","E","T","$","R","M","E","M","R","B",null,"M","$","M","M","?","R","M","R","T","M","E","R","T","E","R","B",null,"M","M","M","$","M"],"character_chosen":"DEFECT","items_purchased":["Defragment","Bottled Tornado","Dodecahedron"],"campfire_rested":4,"item_purchase_floors":[10,19,38],"current_hp_per_floor":[73,66,60,60,55,33,18,5,5,5,27,27,40,40,40,27,75,48,48,48,30,30,30,25,47,47,47,35,57,57,38,60,52,75,75,75,69,69,75,0],"gold":50,"neow_bonus":"RANDOM_COMMON_RELIC","is_prod":false,"is_daily":false,"chose_seed":false,"campfire_upgraded":2,"win_rate":0,"timestamp":1530192079,"path_taken":["M","?","M","M","M","E","M","E","T","?","R","M","E","M","R","BOSS","M","$","M","M","?","R","?","R","T","M","E","R","?","E","R","BOSS","M","M","M","$","M","E"],"build_version":"2018-06-27","purchased_purges":1,"victory":false,"max_hp_per_floor":[75,75,75,75,75,75,75,75,75,75,75,75,75,75,75,75,75,75,75,75,75,75,75,75,75,75,75,75,75,75,75,75,75,75,75,75,75,75,75,75],"card_choices":[{"not_picked":["Coolheaded","Gash"],"picked":"Sweeping Beam","floor":1},{"not_picked":["Compile Driver","Stack"],"picked":"Melter","floor":3},{"not_picked":["Coolheaded","Compile Driver"],"picked":"Cold Snap","floor":4},{"not_picked":["Rebound","Blizzard"],"picked":"Core Surge","floor":5},{"not_picked":["Doom and Gloom","Stack"],"picked":"Loop","floor":6},{"not_picked":["Coolheaded","Sweeping Beam"],"picked":"Chill","floor":7},{"not_picked":["Leap","Redo"],"picked":"Ball Lightning","floor":8},{"not_picked":["Barrage","Hologram"],"picked":"Conserve Battery","floor":12},{"not_picked":["Aggregate","Sunder"],"picked":"Coolheaded","floor":13},{"not_picked":["Turbo","Heatsinks"],"picked":"Redo","floor":14},{"not_picked":["Rainbow","Meteor Strike"],"picked":"Multi-Cast","floor":16},{"not_picked":["Gash+1","Rebound","Stack"],"picked":"SKIP","floor":18},{"not_picked":["Sweeping Beam","Beam Cell"],"picked":"Auto Shields","floor":20},{"not_picked":["Streamline","Coolheaded+1"],"picked":"Hologram","floor":21},{"not_picked":["Turbo","Conserve Battery"],"picked":"Ball Lightning","floor":24},{"not_picked":["Compile Driver+1","Double Energy"],"picked":"Glacier","floor":27},{"not_picked":["Darkness","Turbo"],"picked":"Steam","floor":28},{"not_picked":["Hologram","Force Field+1"],"picked":"Cold Snap","floor":31},{"not_picked":["Fission","Core Surge"],"picked":"Electrodynamics","floor":33},{"not_picked":["Genetic Algorithm","Chaos"],"picked":"Compile Driver","floor":35},{"not_picked":["Compile Driver","Coolheaded","Gash+1"],"picked":"SKIP","floor":36},{"not_picked":["Hello World","Stack"],"picked":"Cold Snap+1","floor":37},{"not_picked":["Static Discharge+1","Turbo+1"],"picked":"Rebound+1","floor":39}],"player_experience":132611,"relics_obtained":[{"floor":6,"key":"Oddly Smooth Stone"},{"floor":8,"key":"Shuriken"},{"floor":9,"key":"Calipers"},{"floor":13,"key":"Darkstone Periapt"},{"floor":26,"key":"Gremlin Horn"},{"floor":28,"key":"Bird Faced Urn"},{"floor":30,"key":"Matryoshka"},{"floor":31,"key":"Blue Candle"}],"event_choices":[{"event_name":"Golden Wing","player_choice":"Card Removal","floor":2,"damage_taken":0},{"event_name":"Addict","player_choice":"Ignored","floor":22,"damage_taken":0}],"boss_relics":[{"not_picked":["Velvet Choker","Ectoplasm"],"picked":"Inserter"},{"not_picked":["Orrery","Eternal Feather"],"picked":"Snecko Eye"}],"items_purged_floors":[10],"is_endless":false,"potions_floor_spawned":[3,5,8,13,21,28,31,35,36],"killed_by":"Giant Head","ascension_level":1}