{"gold_per_floor":[110,120,131,131,149,178,178,203,203,213,26,59,76,101,101,178,178,188,201,201,126,138,138,150,150,150,150,150,150,11,61,61,137,137,155,175,201,201],"floor_reached":38,"playtime":1652,"items_purged":["Strike_B","Strike_B"],"score":842,"play_id":"b4bbfff6-29c7-4c65-b3cb-3361b8851815","local_time":"20190208085745","is_ascension_mode":true,"campfire_choices":[{"floor":7,"key":"REST"},{"floor":15,"key":"REST"},{"floor":23,"key":"REST"},{"floor":25,"key":"REST"},{"data":"Echo Form","floor":27,"key":"SMITH"},{"data":"Defragment","floor":32,"key":"SMITH"}],"neow_cost":"NONE","seed_source_timestamp":411984426715419,"circlet_count":0,"master_deck":["AscendersBane","Defend_B","Defend_B","Defend_B","Defend_B","Zap","Dualcast","Ball Lightning","Rip and Tear","Undo","Defragment+1","Lockon","Compile Driver","Chill","Cold Snap","Recycle","Ball Lightning","Echo Form+1","BootSequence","Go for the Eyes+1","Stack","Electrodynamics","Fusion","Capacitor","Buffer","Defragment","Conserve Battery"],"relics":["Cracked Core","Lantern","Bag of Preparation","Bag of Marbles","Mercury Hourglass","Ancient Tea Set","Tiny Chest","Pen Nib","PreservedInsect","Eternal Feather","Darkstone Periapt","Regal Pillow","Inserter","Blood Vial"],"potions_floor_usage":[6,22,28,38],"damage_taken":[{"damage":2,"enemies":"Jaw Worm","floor":1,"turns":3},{"damage":0,"enemies":"Cultist","floor":2,"turns":2},{"damage":6,"enemies":"2 Louse","floor":3,"turns":2},{"damage":6,"enemies":"Looter","floor":5,"turns":3},{"damage":11,"enemies":"Lagavulin","floor":6,"turns":5},{"damage":8,"enemies":"Gremlin Nob","floor":8,"turns":3},{"damage":1,"enemies":"Exordium Thugs","floor":10,"turns":3},{"damage":0,"enemies":"3 Sentries","floor":12,"turns":5},{"damage":1,"enemies":"Blue Slaver","floor":13,"turns":2},{"damage":34,"enemies":"The Guardian","floor":16,"turns":9},{"damage":29,"enemies":"Shell Parasite","floor":18,"turns":4},{"damage":20,"enemies":"Spheric Guardian","floor":19,"turns":4},{"damage":4,"enemies":"Centurion and Healer","floor":22,"turns":6},{"damage":12,"enemies":"Sentry and Sphere","floor":24,"turns":6},{"damage":0,"enemies":"Cultist and Chosen","floor":28,"turns":1},{"damage":25,"enemies":"Collector","floor":33,"turns":10},{"damage":37,"enemies":"3 Darklings","floor":35,"turns":5},{"damage":0,"enemies":"3 Shapes","floor":36,"turns":4},{"damage":35,"enemies":"Spire Growth","floor":38,"turns":3}],"seed_played":"5690051972466268623","potions_obtained":[{"floor":5,"key":"Dexterity Potion"},{"floor":8,"key":"Weak Potion"},{"floor":10,"key":"SkillPotion"},{"floor":19,"key":"SmokeBomb"},{"floor":24,"key":"GamblersBrew"},{"floor":35,"key":"FocusPotion"}],"is_trial":false,"path_per_floor":["M","M","M","?","M","E","R","E","T","M","$","E","M","T","R","B",null,"M","M","T","$","M","R","M","R","T","R","M","?","$","?","R","B",null,"M","M","T","M"],"character_chosen":"DEFECT","items_purchased":["Tiny Chest","Cold Snap","Capacitor"],"campfire_rested":4,"item_purchase_floors":[11,11,30],"current_hp_per_floor":[62,62,56,38,32,21,42,34,34,33,33,33,32,32,53,19,58,29,9,9,9,5,38,26,59,59,71,71,71,71,71,71,46,65,28,28,28,0],"gold":201,"neow_bonus":"RANDOM_COMMON_RELIC","is_prod":false,"is_daily":false,"chose_seed":false,"campfire_upgraded":2,"win_rate":0,"timestamp":1549634265,"path_taken":["M","M","M","?","M","E","R","E","T","M","$","E","M","?","R","BOSS","M","M","?","$","M","R","M","R","T","R","M","?","$","?","R","BOSS","M","M","?","M"],"build_version":"2019-01-23","purchased_purges":2,"victory":false,"max_hp_per_floor":[71,71,71,71,71,71,71,71,71,71,71,71,71,71,71,71,71,71,71,71,71,71,71,71,71,71,71,71,71,71,71,71,71,71,71,71,71,71],"card_choices":[{"not_picked":["Stack","Tempest"],"picked":"Ball Lightning","floor":1},{"not_picked":["Scrape","Coolheaded"],"picked":"Rip and Tear","floor":2},{"not_picked":["Reprogram","Fusion"],"picked":"Undo","floor":3},{"not_picked":["Coolheaded","Stack"],"picked":"Defragment","floor":5},{"not_picked":["Storm","Beam Cell"],"picked":"Lockon","floor":6},{"not_picked":["Streamline","Stack"],"picked":"Compile Driver","floor":8},{"not_picked":["Hologram","Reprogram"],"picked":"Chill","floor":10},{"not_picked":["Thunder Strike","Lockon"],"picked":"Recycle","floor":12},{"not_picked":["Beam Cell","Turbo"],"picked":"Ball Lightning","floor":13},{"not_picked":["Core Surge","Machine Learning"],"picked":"Echo Form","floor":16},{"not_picked":["Beam Cell","Ball Lightning"],"picked":"BootSequence","floor":18},{"not_picked":["Doom and Gloom","Cold Snap+1"],"picked":"Go for the Eyes+1","floor":19},{"not_picked":["Barrage","Scrape","Force Field"],"picked":"SKIP","floor":22},{"not_picked":["Darkness","Compile Driver+1"],"picked":"Stack","floor":24},{"not_picked":["Amplify","Creative AI"],"picked":"Buffer","floor":33},{"not_picked":["Darkness","Leap+1"],"picked":"Defragment","floor":35},{"not_picked":["Leap","Streamline"],"picked":"Conserve Battery","floor":36}],"player_experience":2352658,"relics_obtained":[{"floor":6,"key":"Bag of Marbles"},{"floor":8,"key":"Mercury Hourglass"},{"floor":9,"key":"Ancient Tea Set"},{"floor":12,"key":"Pen Nib"},{"floor":14,"key":"PreservedInsect"},{"floor":20,"key":"Darkstone Periapt"},{"floor":26,"key":"Regal Pillow"},{"floor":37,"key":"Blood Vial"}],"event_choices":[{"damage_healed":0,"gold_gain":0,"player_choice":"Success","damage_taken":18,"relics_obtained":["Bag of Preparation"],"max_hp_gain":0,"max_hp_loss":0,"event_name":"Scrap Ooze","floor":4,"gold_loss":0},{"damage_healed":0,"gold_gain":0,"cards_transformed":["Strike_B","Strike_B"],"player_choice":"Became Test Subject","damage_taken":0,"max_hp_gain":0,"max_hp_loss":0,"event_name":"Drug Dealer","floor":29,"gold_loss":0,"cards_obtained":["Electrodynamics","Fusion"]},{"damage_healed":0,"gold_gain":50,"player_choice":"Pray","damage_taken":0,"max_hp_gain":0,"max_hp_loss":0,"event_name":"Golden Shrine","floor":31,"gold_loss":0}],"is_beta":false,"boss_relics":[{"not_picked":["Empty Cage","Orrery"],"picked":"Eternal Feather"},{"not_picked":["Coffee Dripper","Astrolabe"],"picked":"Inserter"}],"items_purged_floors":[21,30],"is_endless":false,"potions_floor_spawned":[5,8,10,16,19,24,28,35],"killed_by":"Spire Growth","ascension_level":20}