{"path_per_floor":["M","?","?","M","$","R","M","M","T","M","M","M","M","$","R","B",null,"M","$","M","M","M","R","T","R","T","M","M","M","R","?","R","B",null,"M","M","M","$","M","R","?","M","T","R","M","M","$","M","R","B"],"character_chosen":"IRONCLAD","items_purchased":["Armaments","Reaper","Rampage","Inflame","Pen Nib","Oddly Smooth Stone","Swift Potion"],"gold_per_floor":[112,112,112,127,82,82,94,112,112,124,136,152,163,3,3,104,104,123,44,56,70,85,85,109,109,109,128,140,151,151,151,151,248,248,266,282,294,65,83,83,137,151,201,201,217,232,34,44,44,44],"floor_reached":51,"campfire_rested":5,"playtime":3336,"current_hp_per_floor":[80,85,85,85,85,85,85,85,85,85,71,73,78,78,85,21,85,78,78,76,64,35,60,60,85,85,71,71,78,78,62,88,88,88,82,88,88,88,85,85,80,88,88,88,91,80,80,54,91,19],"items_purged":[],"gold":44,"score":651,"play_id":"0a334098-df73-4c33-80ee-79f2afe4fda3","local_time":"20180317224645","is_prod":false,"is_daily":false,"is_ascension_mode":false,"campfire_upgraded":4,"timestamp":1521319605,"path_taken":["M","?","?","M","?","R","M","M","T","M","?","M","?","$","R","BOSS","M","?","M","?","M","R","?","R","T","M","M","?","R","?","R","BOSS","M","M","?","$","M","R","?","M","T","R","M","M","$","M","R","BOSS"],"build_version":"2018-03-15v2","purchased_purges":0,"victory":true,"master_deck":["Strike_R","Strike_R","Strike_R","Defend_R","Defend_R","Defend_R","Bash","Pommel Strike","Cleave","Armaments+1","Heavy Blade","Shrug It Off","Burning Pact","Anger","Perfected Strike","Pommel Strike","Reaper","Demon Form+1","Spot Weakness","Rampage","Armaments","Infernal Blade+1","Impervious","Wild Strike+1","Rage","Inflame+1","Necronomicurse","Limit Break+1","Rampage+1","Second Wind+1","Infernal Blade+1","Shockwave+1","Flex","Flex","Inflame+1","Pommel Strike+1","Perfected Strike","Second Wind+1","Warcry+1"],"max_hp_per_floor":[80,85,85,85,85,85,85,85,85,85,85,85,85,85,85,85,85,85,85,85,85,85,85,85,85,85,85,88,88,88,88,88,88,88,88,88,88,88,88,88,88,88,88,88,91,91,91,91,91,91],"relics":["Burning Blood","Orichalcum","Magic Flower","Runic Pyramid","Regal Pillow","Champion Belt","Necronomicon","Astrolabe","Pen Nib","Peace Pipe","Happy Flower","Oddly Smooth Stone"],"card_choices":[{"not_picked":["True Grit","Wild Strike"],"picked":"Pommel Strike"},{"not_picked":["Clothesline","Iron Wave"],"picked":"Cleave"},{"not_picked":["Clash","Intimidate"],"picked":"Heavy Blade"},{"not_picked":["Thunderclap","Intimidate"],"picked":"Shrug It Off"},{"not_picked":["Iron Wave","Feel No Pain"],"picked":"Burning Pact"},{"not_picked":["Clash","Warcry"],"picked":"Anger"},{"not_picked":["Immolate","Headbutt"],"picked":"Perfected Strike"},{"not_picked":["Perfected Strike","Sword Boomerang"],"picked":"Pommel Strike"},{"not_picked":["Bludgeon","Berserk"],"picked":"Demon Form"},{"not_picked":["Clothesline","Heavy Blade"],"picked":"Spot Weakness"},{"not_picked":["Feel No Pain","Pommel Strike"],"picked":"Armaments"},{"not_picked":["Fire Breathing","Clothesline"],"picked":"Infernal Blade"},{"not_picked":["Anger","Heavy Blade"],"picked":"Impervious"},{"not_picked":["Heavy Blade","Thunderclap"],"picked":"Wild Strike"},{"not_picked":["Armaments","Sever Soul"],"picked":"Rage"},{"not_picked":["Clothesline","Anger"],"picked":"Inflame"},{"not_picked":["Double Tap","Reaper"],"picked":"Limit Break"},{"not_picked":["Searing Blow","Sword Boomerang"],"picked":"Shockwave"},{"not_picked":["Shockwave","Entrench"],"picked":"Flex"},{"not_picked":["Infernal Blade","Sword Boomerang"],"picked":"Flex"},{"not_picked":["Armaments","Cleave"],"picked":"Pommel Strike"},{"not_picked":["Clothesline","Clash"],"picked":"Perfected Strike"},{"not_picked":["Iron Wave","Twin Strike"],"picked":"Second Wind"},{"not_picked":["Offering","Sword Boomerang"],"picked":"Warcry"}],"player_experience":129057,"potions_floor_usage":[10,11,16,18,21,27,36,37,46,46,50,50],"damage_taken":[{"damage":6,"enemies":"Jaw Worm","floor":1,"turns":3},{"damage":1,"enemies":"2 Louse","floor":4,"turns":3},{"damage":1,"enemies":"Cultist","floor":7,"turns":3},{"damage":0,"enemies":"3 Louse","floor":8,"turns":3},{"damage":2,"enemies":"Exordium Wildlife","floor":10,"turns":4},{"damage":23,"enemies":"Exordium Thugs","floor":11,"turns":8},{"damage":7,"enemies":"Red Slaver","floor":12,"turns":3},{"damage":4,"enemies":"3 Louse","floor":13,"turns":3},{"damage":73,"enemies":"Hexaghost","floor":16,"turns":12},{"damage":16,"enemies":"Shell Parasite","floor":18,"turns":7},{"damage":11,"enemies":"Spheric Guardian","floor":20,"turns":5},{"damage":30,"enemies":"Snake Plant","floor":21,"turns":3},{"damage":38,"enemies":"Slaver and Parasite","floor":22,"turns":6},{"damage":35,"enemies":"Centurion and Healer","floor":27,"turns":8},{"damage":14,"enemies":"3 Cultists","floor":28,"turns":6},{"damage":2,"enemies":"Snecko","floor":29,"turns":4},{"damage":18,"enemies":"Champ","floor":33,"turns":9},{"damage":15,"enemies":"Orb Walker","floor":35,"turns":4},{"damage":7,"enemies":"3 Shapes","floor":36,"turns":4},{"damage":36,"enemies":"Sphere and 2 Shapes","floor":37,"turns":5},{"damage":12,"enemies":"Maw","floor":39,"turns":7},{"damage":45,"enemies":"Mysterious Sphere","floor":41,"turns":4},{"damage":35,"enemies":"3 Darklings","floor":42,"turns":7},{"damage":11,"enemies":"Sphere and 2 Shapes","floor":45,"turns":6},{"damage":30,"enemies":"Maw","floor":46,"turns":7},{"damage":35,"enemies":"3 Darklings","floor":48,"turns":5},{"damage":115,"enemies":"Donu and Deca","floor":50,"turns":6}],"event_choices":[{"event_name":"Big Fish","player_choice":"Donut","floor":2,"damage_taken":0},{"event_name":"Liars Game","player_choice":"disagreed","floor":3,"damage_taken":0},{"event_name":"Cursed Tome","player_choice":"Obtained Book","floor":31,"damage_taken":0},{"event_name":"Mysterious Sphere","player_choice":"Fight","floor":41,"damage_taken":0}],"boss_relics":[{"not_picked":["Tiny House","Philosopher\u0027s Stone"],"picked":"Runic Pyramid"},{"not_picked":["Cursed Key","Runic Dome"],"picked":"Astrolabe"}],"potions_floor_spawned":[7,8,13,16,20,22,28,33,35,37,41,42],"seed_played":"-6759655412369375862","ascension_level":0,"is_trial":false}