{"gold_per_floor":[114,264,346,365,440,440,458,472,472,472,484,513,513,528,528,528],"floor_reached":16,"playtime":511,"items_purged":[],"score":199,"play_id":"ce6bbb4a-c0e6-4dfa-858b-cd3cec4e98e5","local_time":"20190209235735","is_ascension_mode":true,"campfire_choices":[{"data":"Flechettes","floor":6.0,"key":"SMITH"},{"data":"Neutralize","floor":10.0,"key":"SMITH"},{"floor":15.0,"key":"REST"}],"neow_cost":"CURSE","seed_source_timestamp":87657670139615,"circlet_count":0,"master_deck":["AscendersBane","Defend_G","Defend_G","Defend_G","Defend_G","Defend_G","Strike_G","Strike_G","Strike_G","Strike_G","Strike_G","Survivor","Neutralize+1","Normality","Flechettes+1","Doubt","Noxious Fumes+1","Bane","Distraction","Footwork+1","Skewer","Crippling Poison"],"special_seed":0,"relics":["Ring of the Snake","Frozen Egg 2","Gremlin Horn","Regal Pillow"],"potions_floor_usage":[],"damage_taken":[{"damage":0.0,"enemies":"2 Louse","floor":1.0,"turns":4.0},{"damage":6.0,"enemies":"Jaw Worm","floor":4.0,"turns":4.0},{"damage":2.0,"enemies":"Cultist","floor":7.0,"turns":4.0},{"damage":10.0,"enemies":"2 Fungi Beasts","floor":8.0,"turns":4.0},{"damage":4.0,"enemies":"Blue Slaver","floor":11.0,"turns":3.0},{"damage":31.0,"enemies":"3 Sentries","floor":12.0,"turns":10.0},{"damage":3.0,"enemies":"Exordium Thugs","floor":14.0,"turns":4.0},{"damage":45,"enemies":"Slime Boss","floor":16,"turns":7}],"seed_played":"7836185680093881447","potions_obtained":[{"floor":7.0,"key":"SkillPotion"},{"floor":8.0,"key":"Weak Potion"},{"floor":11.0,"key":"Strength Potion"}],"is_trial":false,"path_per_floor":["M","?","T","M","?","R","M","M","T","R","M","E","?","M","R","B"],"character_chosen":"THE_SILENT","items_purchased":[],"campfire_rested":1,"item_purchase_floors":[],"current_hp_per_floor":[71,71,71,65,54,54,52,42,42,42,38,7,7,4,42,0],"gold":528,"neow_bonus":"TWENTY_PERCENT_HP_BONUS","is_prod":false,"is_daily":false,"chose_seed":false,"campfire_upgraded":2,"win_rate":0,"timestamp":1549753055,"path_taken":["M","?","?","?","?","R","M","M","T","R","M","E","?","M","R","BOSS"],"build_version":"2019-01-23","purchased_purges":0,"victory":false,"max_hp_per_floor":[78,78,78,78,78,78,78,78,78,78,78,78,78,78,78,78],"card_choices":[{"not_picked":["Flying Knee","All Out Attack"],"picked":"Flechettes","floor":1.0},{"not_picked":["Dagger Throw","Backflip"],"picked":"Noxious Fumes+1","floor":4.0},{"not_picked":["Blade Dance","Reflex"],"picked":"Bane","floor":7.0},{"not_picked":["Sucker Punch","Outmaneuver"],"picked":"Distraction","floor":8.0},{"not_picked":["Bullet Time","Bouncing Flask"],"picked":"Footwork+1","floor":11.0},{"not_picked":["Distraction","Masterful Stab"],"picked":"Skewer","floor":12.0},{"not_picked":["Acrobatics","Prepared"],"picked":"Crippling Poison","floor":14.0}],"player_experience":1388175,"relics_obtained":[{"floor":3.0,"key":"Frozen Egg 2"},{"floor":9.0,"key":"Gremlin Horn"},{"floor":12.0,"key":"Regal Pillow"}],"event_choices":[{"damage_healed":0.0,"max_hp_gain":0.0,"max_hp_loss":0.0,"gold_gain":150.0,"event_name":"Liars Game","player_choice":"AGREE","floor":2.0,"gold_loss":0.0,"damage_taken":0.0,"cards_obtained":["Doubt"]},{"damage_healed":0.0,"max_hp_gain":0.0,"max_hp_loss":0.0,"gold_gain":75.0,"event_name":"World of Goop","player_choice":"Gather Gold","floor":5.0,"gold_loss":0.0,"damage_taken":11.0},{"damage_healed":0.0,"max_hp_gain":0.0,"max_hp_loss":0.0,"gold_gain":0.0,"event_name":"Dead Adventurer","player_choice":"Searched \u00270\u0027 times","floor":13.0,"gold_loss":0.0,"damage_taken":0.0}],"is_beta":false,"boss_relics":[],"items_purged_floors":[],"is_endless":false,"potions_floor_spawned":[7,8,11],"killed_by":"Slime Boss","ascension_level":19}