{"gold_per_floor":[114,114,38,53,98,98,128,128,128,158,173,188,203,25,25,125,125,140,155,29,44,44,74,89,104,404,434,449,449,449,464,464,564,564,579,379,394,284,299,299,314,344,394,414,444,444,474,15,15,15],"floor_reached":51,"playtime":2639,"items_purged":[],"score":914,"play_id":"1f01ae8f-97d5-492c-bba4-b1b2277c5827","local_time":"20180924113446","daily_mods":["Heirloom","Lethality","Vintage"],"is_ascension_mode":false,"campfire_choices":[{"data":"Zap","floor":6.0,"key":"SMITH"},{"data":"Dualcast","floor":8.0,"key":"SMITH"},{"floor":15.0,"key":"REST"},{"data":"Defragment","floor":29,"key":"SMITH"},{"floor":32,"key":"REST"},{"data":"Seek","floor":40,"key":"SMITH"},{"data":"Apotheosis","floor":49,"key":"SMITH"}],"neow_cost":"","seed_source_timestamp":0,"circlet_count":0,"master_deck":["Zap+1","Dualcast+1","Compile Driver","Gash","Glacier","Sweeping Beam","Loop","Go for the Eyes","Seek+1","Compile Driver","Steam","Chill","Cold Snap","Coolheaded","Rebound","Doom and Gloom","Defragment+1","Ball Lightning","Steam Power+1","Leap","Bite","Bite","Bite","Loop","Electrodynamics","All For One+1","Master of Strategy+1","Forethought+1","Defragment+1","Hello World","Consume","Ball Lightning+1","Heatsinks+1","Core Surge+1","Capacitor","Heatsinks","Apotheosis+1"],"special_seed":17798,"relics":["Cracked Core","Bird Faced Urn","StoneCalendar","Mummified Hand","Tiny Chest","Du-Vu Doll","Ornamental Fan","Orichalcum","Mango","Shovel","Dream Catcher","Pandora\u0027s Box","Strawberry","Ancient Tea Set","Gremlin Horn","Juzu Bracelet","Bag of Marbles","Pocketwatch","Potion Belt","Old Coin","Bronze Scales","Centennial Puzzle","Molten Egg 2","Thread and Needle","Astrolabe","Calipers","DollysMirror","Bottled Lightning","Mercury Hourglass","Regal Pillow","Omamori","Lantern","WingedGreaves","Singing Bowl","Art of War","Runic Capacitor"],"potions_floor_usage":[23,27,31,50,50,50,50],"damage_taken":[{"damage":8.0,"enemies":"Small Slimes","floor":1.0,"turns":4.0},{"damage":4.0,"enemies":"Jaw Worm","floor":4.0,"turns":2.0},{"damage":0.0,"enemies":"Cultist","floor":5.0,"turns":2.0},{"damage":22.0,"enemies":"Lagavulin","floor":7.0,"turns":6.0},{"damage":8.0,"enemies":"3 Sentries","floor":10.0,"turns":6.0},{"damage":10.0,"enemies":"Exordium Thugs","floor":11.0,"turns":4.0},{"damage":0.0,"enemies":"Large Slime","floor":12.0,"turns":2.0},{"damage":7.0,"enemies":"2 Fungi Beasts","floor":13.0,"turns":3.0},{"damage":14.0,"enemies":"Hexaghost","floor":16.0,"turns":8.0},{"damage":2.0,"enemies":"2 Thieves","floor":18.0,"turns":3.0},{"damage":3.0,"enemies":"Chosen","floor":19.0,"turns":4.0},{"damage":11.0,"enemies":"Centurion and Healer","floor":21.0,"turns":5.0},{"damage":5,"enemies":"Gremlin Leader","floor":23,"turns":4},{"damage":19,"enemies":"Snake Plant","floor":24,"turns":3},{"damage":0,"enemies":"Shelled Parasite and Fungi","floor":25,"turns":5},{"damage":13,"enemies":"Slavers","floor":27,"turns":3},{"damage":7,"enemies":"Centurion and Healer","floor":28,"turns":2},{"damage":12,"enemies":"Snake Plant","floor":31,"turns":1},{"damage":24,"enemies":"Champ","floor":33,"turns":9},{"damage":21,"enemies":"3 Darklings","floor":35,"turns":3},{"damage":0,"enemies":"Orb Walker","floor":37,"turns":2},{"damage":0,"enemies":"Reptomancer","floor":39,"turns":4},{"damage":0,"enemies":"4 Shapes","floor":41,"turns":1},{"damage":23,"enemies":"Nemesis","floor":42,"turns":5},{"damage":17,"enemies":"Mysterious Sphere","floor":44,"turns":3},{"damage":5,"enemies":"Giant Head","floor":45,"turns":7},{"damage":10,"enemies":"2 Orb Walkers","floor":47,"turns":2},{"damage":6,"enemies":"Donu and Deca","floor":50,"turns":3}],"seed_played":"696348812476848075","potions_obtained":[{"floor":7.0,"key":"PowerPotion"},{"floor":11.0,"key":"GamblersBrew"},{"floor":12.0,"key":"SpeedPotion"},{"floor":16.0,"key":"Dexterity Potion"},{"floor":18.0,"key":"SteroidPotion"},{"floor":21,"key":"Energy Potion"},{"floor":23,"key":"Energy Potion"},{"floor":25,"key":"FearPotion"},{"floor":33,"key":"Swift Potion"},{"floor":39,"key":"Dexterity Potion"}],"is_trial":false,"path_per_floor":["M","?","$","M","M","R","E","R","T","E","M","M","M","$","R","B",null,"M","M","$","M","T","E","M","M","T","E","M","R","?","M","R","B",null,"M","$","M","$","M","R","M","E","T","?","E","?","E","$","R","B"],"character_chosen":"DEFECT","items_purchased":["Compile Driver","Gash","Loop","Go for the Eyes","FocusPotion","Defragment","Ball Lightning","DollysMirror","Hello World","FocusPotion","Runic Capacitor","Heatsinks","Apotheosis"],"campfire_rested":2,"item_purchase_floors":[3,3,14,14,14,20,20,36,38,38,48,48,48],"current_hp_per_floor":[67,72,72,68,68,68,46,46,46,38,30,46,41,41,69,61,94,101,100,100,94,94,95,82,88,88,81,80,80,80,76,101,91,101,86,86,94,94,101,101,101,78,78,73,82,82,82,82,82,95],"gold":15,"neow_bonus":"","is_prod":false,"is_daily":true,"chose_seed":false,"campfire_upgraded":5,"win_rate":0,"timestamp":1537781686,"path_taken":["M","?","$","M","M","R","E","R","T","E","M","M","M","$","R","BOSS","M","M","$","M","?","E","M","M","T","E","M","R","?","M","R","BOSS","M","$","M","$","M","R","M","E","T","?","E","?","E","$","R","BOSS"],"build_version":"2018-09-20","purchased_purges":0,"victory":true,"max_hp_per_floor":[75,80,80,80,80,80,80,80,80,80,80,94,94,94,94,94,94,101,101,101,101,101,101,101,101,101,101,101,101,101,101,101,101,101,101,101,101,101,101,101,101,101,101,101,101,101,101,101,101,101],"card_choices":[{"not_picked":["Go for the Eyes","Coolheaded"],"picked":"Glacier","floor":7.0},{"not_picked":["Rainbow","Ball Lightning"],"picked":"Sweeping Beam","floor":10.0},{"not_picked":["Thunder Strike","Machine Learning"],"picked":"Seek","floor":16.0},{"not_picked":["Rebound","Turbo"],"picked":"Steam Power+1","floor":23},{"not_picked":["Compile Driver+1","Beam Cell"],"picked":"Leap","floor":27},{"not_picked":["Auto Shields","Streamline+1"],"picked":"Loop","floor":32},{"not_picked":["Fission","Meteor Strike+1"],"picked":"Electrodynamics","floor":33},{"not_picked":["Beam Cell+1","Force Field+1"],"picked":"Consume","floor":42},{"not_picked":["Compile Driver+1","Steam"],"picked":"Ball Lightning+1","floor":44},{"not_picked":["Amplify","Sweeping Beam+1"],"picked":"Heatsinks+1","floor":45},{"not_picked":["Hologram","Fusion"],"picked":"Capacitor","floor":47}],"player_experience":1460910,"relics_obtained":[{"floor":1.0,"key":"StoneCalendar"},{"floor":4.0,"key":"Mummified Hand"},{"floor":5.0,"key":"Tiny Chest"},{"floor":7.0,"key":"Du-Vu Doll"},{"floor":9.0,"key":"Ornamental Fan"},{"floor":10.0,"key":"Blood Vial"},{"floor":11.0,"key":"Orichalcum"},{"floor":12.0,"key":"Mango"},{"floor":13.0,"key":"Shovel"},{"floor":16.0,"key":"Dream Catcher"},{"floor":18.0,"key":"Strawberry"},{"floor":19.0,"key":"Ancient Tea Set"},{"floor":21,"key":"Gremlin Horn"},{"floor":22,"key":"Juzu Bracelet"},{"floor":23,"key":"Bag of Marbles"},{"floor":24,"key":"Pocketwatch"},{"floor":25,"key":"Potion Belt"},{"floor":26,"key":"Old Coin"},{"floor":27,"key":"Bronze Scales"},{"floor":28,"key":"Centennial Puzzle"},{"floor":31,"key":"Molten Egg 2"},{"floor":33,"key":"Thread and Needle"},{"floor":35,"key":"Calipers"},{"floor":37,"key":"Bottled Lightning"},{"floor":39,"key":"Mercury Hourglass"},{"floor":41,"key":"Regal Pillow"},{"floor":42,"key":"Omamori"},{"floor":43,"key":"Lantern"},{"floor":44,"key":"WingedGreaves"},{"floor":45,"key":"Singing Bowl"},{"floor":47,"key":"Art of War"}],"event_choices":[{"event_name":"Big Fish","player_choice":"Donut","floor":2.0,"damage_taken":0.0},{"event_name":"Vampires","player_choice":"Became a vampire (Vial)","floor":30,"damage_taken":0},{"event_name":"Mysterious Sphere","player_choice":"Fight","floor":44,"damage_taken":0},{"event_name":"Match and Keep!","player_choice":"1 cards matched","floor":46,"damage_taken":0}],"is_beta":false,"boss_relics":[{"not_picked":["Runic Pyramid","Black Star"],"picked":"Pandora\u0027s Box"},{"not_picked":["Empty Cage","Runic Dome"],"picked":"Astrolabe"}],"items_purged_floors":[],"is_endless":false,"potions_floor_spawned":[7,11,12,16,18,21,23,25,33,39,41,45],"ascension_level":0}