{"gold_per_floor":[111,124,94,113,73,105,125,145,145,145,164,164,16,0,0,97,97,113,38,38,0,0,0,17,17,43,60,78,78,78,95,95,95],"floor_reached":33,"playtime":3082,"items_purged":[],"score":272,"play_id":"1260618b-7bed-46d8-ac5c-73c66947478d","local_time":"20190105134907","is_ascension_mode":false,"campfire_choices":[{"floor":15,"key":"REST"},{"data":"Bite","floor":23,"key":"SMITH"},{"data":"Terror","floor":30,"key":"SMITH"},{"floor":32,"key":"REST"}],"neow_cost":"NONE","seed_source_timestamp":1303138271704269,"circlet_count":0,"master_deck":["Defend_G","Defend_G","Defend_G","Defend_G","Defend_G","Survivor","Neutralize","Quick Slash","Terror+1","Deflect","Terror+1","Bullet Time","Slice","Outmaneuver","Dagger Spray","Deflect","Dagger Spray","Tools of the Trade+1","Prepared+1","Bite+1","Bite","Bite","Bite","Bite","Outmaneuver"],"relics":["Ring of the Snake","NeowsBlessing","Bird Faced Urn","Frozen Egg 2","Runic Pyramid","Regal Pillow"],"potions_floor_usage":[6,6,11,16,28,28],"damage_taken":[{"damage":0,"enemies":"Cultist","floor":1,"turns":1},{"damage":0,"enemies":"Small Slimes","floor":2,"turns":1},{"damage":0,"enemies":"2 Louse","floor":4,"turns":1},{"damage":13,"enemies":"Lagavulin","floor":6,"turns":7},{"damage":7,"enemies":"Blue Slaver","floor":7,"turns":5},{"damage":7,"enemies":"Looter","floor":8,"turns":2},{"damage":5,"enemies":"3 Louse","floor":11,"turns":4},{"damage":36,"enemies":"Hexaghost","floor":16,"turns":11},{"damage":6,"enemies":"Chosen","floor":18,"turns":7},{"damage":6,"enemies":"3 Byrds","floor":24,"turns":5},{"damage":24,"enemies":"Snake Plant","floor":27,"turns":5},{"damage":10,"enemies":"Centurion and Healer","floor":28,"turns":10},{"damage":44,"enemies":"Shelled Parasite and Fungi","floor":31,"turns":8},{"damage":88,"enemies":"Collector","floor":33,"turns":6}],"seed_played":"-4991816160302799093","potions_obtained":[{"floor":1,"key":"AttackPotion"},{"floor":3,"key":"AttackPotion"},{"floor":3,"key":"Swift Potion"},{"floor":11,"key":"PowerPotion"},{"floor":16,"key":"Block Potion"},{"floor":27,"key":"PowerPotion"}],"is_trial":false,"path_per_floor":["M","M","?","M","$","E","M","M","T","?","M","?","$","?","R","B",null,"M","?","?","?","$","R","M","?","T","M","M","?","R","M","R","B"],"character_chosen":"THE_SILENT","items_purchased":["Terror","Well Laid Plans+1","Deflect","Dagger Spray"],"campfire_rested":2,"item_purchase_floors":[5,13,13,13],"current_hp_per_floor":[70,70,70,70,70,57,50,43,43,29,24,24,24,24,45,13,70,64,64,49,49,49,49,49,42,42,35,53,53,53,25,54,0],"gold":95,"neow_bonus":"THREE_ENEMY_KILL","is_prod":false,"is_daily":false,"chose_seed":false,"campfire_upgraded":2,"win_rate":0.0,"timestamp":1546724947,"path_taken":["M","M","?","M","$","E","?","M","T","?","M","?","?","?","R","BOSS","M","?","?","?","?","R","?","?","T","M","M","?","R","M","R","BOSS"],"build_version":"2019-01-03v4","purchased_purges":0,"victory":false,"max_hp_per_floor":[70,70,70,70,70,70,70,70,70,70,70,70,70,70,70,70,70,70,70,49,49,49,49,49,54,54,54,54,54,54,54,54,54],"card_choices":[{"not_picked":["Infinite Blades","Blur"],"picked":"Quick Slash","floor":1},{"not_picked":["Poisoned Stab","Leg Sweep"],"picked":"Terror","floor":2},{"not_picked":["Deadly Poison","Skewer"],"picked":"Deflect","floor":4},{"not_picked":["Quick Slash","Slice"],"picked":"Bullet Time","floor":6},{"not_picked":["Deadly Poison","Bane"],"picked":"Slice","floor":7},{"not_picked":["PiercingWail","Endless Agony"],"picked":"Outmaneuver","floor":8},{"not_picked":["Deadly Poison","Sucker Punch"],"picked":"Dagger Spray","floor":11},{"not_picked":["Night Terror","Malaise"],"picked":"Tools of the Trade+1","floor":16},{"not_picked":["Eviscerate+1","Noxious Fumes+1"],"picked":"Prepared+1","floor":18},{"not_picked":["Blade Dance","Dodge and Roll","Poisoned Stab"],"picked":"SKIP","floor":24},{"not_picked":["Poisoned Stab","Deadly Poison"],"picked":"Outmaneuver","floor":27},{"not_picked":["Heel Hook","Flechettes","Acrobatics"],"picked":"SKIP","floor":28},{"not_picked":["Sucker Punch","Poisoned Stab","Well Laid Plans+1"],"picked":"SKIP","floor":31}],"player_experience":58719,"relics_obtained":[{"floor":6,"key":"Bird Faced Urn"},{"floor":9,"key":"Frozen Egg 2"},{"floor":26,"key":"Regal Pillow"}],"event_choices":[{"damage_healed":0,"gold_gain":0,"player_choice":"Bought 2 Potions","damage_taken":0,"max_hp_gain":0,"max_hp_loss":0,"event_name":"The Woman in Blue","floor":3,"gold_loss":0},{"damage_healed":0,"gold_gain":0,"player_choice":"Entered Light","damage_taken":14,"max_hp_gain":0,"max_hp_loss":0,"event_name":"Shining Light","floor":10,"gold_loss":0,"cards_upgraded":["Strike_G","Terror"]},{"damage_healed":0,"gold_gain":0,"player_choice":"Ignored","damage_taken":0,"max_hp_gain":0,"max_hp_loss":0,"event_name":"Golden Idol","floor":12,"gold_loss":0},{"damage_healed":0,"gold_gain":0,"player_choice":"Left Gold","damage_taken":0,"max_hp_gain":0,"max_hp_loss":0,"event_name":"World of Goop","floor":14,"gold_loss":16},{"cards_removed":["Well Laid Plans"],"damage_healed":0,"gold_gain":0,"player_choice":"Gave Gold","damage_taken":0,"max_hp_gain":0,"max_hp_loss":0,"event_name":"Beggar","floor":19,"gold_loss":75},{"damage_healed":0,"gold_gain":0,"player_choice":"Became a vampire","damage_taken":0,"max_hp_gain":0,"max_hp_loss":21,"event_name":"Vampires","floor":20,"gold_loss":0,"cards_obtained":["Bite","Bite","Bite","Bite","Bite"]},{"damage_healed":0,"gold_gain":0,"player_choice":"Paid Fearfully","damage_taken":0,"max_hp_gain":0,"max_hp_loss":0,"event_name":"Masked Bandits","floor":21,"gold_loss":38},{"damage_healed":0,"gold_gain":0,"player_choice":"Shed Blood","damage_taken":12,"max_hp_gain":5,"max_hp_loss":0,"event_name":"Forgotten Altar","floor":25,"gold_loss":0}],"is_beta":false,"boss_relics":[{"not_picked":["Astrolabe","Fusion Hammer"],"picked":"Runic Pyramid"}],"items_purged_floors":[],"is_endless":false,"potions_floor_spawned":[1,11,16,27],"killed_by":"Collector","ascension_level":0}