{"gold_per_floor":[363,313,92,367,385,415,428,428,452,143,163,181,181,30,30,30],"floor_reached":16,"playtime":688,"items_purged":["Strike_G","Regret","Defend_G"],"score":100,"play_id":"fb354bae-d7f8-4543-a2ae-5728f4b1368c","local_time":"20180810170609","is_ascension_mode":false,"campfire_choices":[{"floor":8,"key":"REST"},{"data":"Blade Dance","floor":13,"key":"SMITH"},{"data":"Outmaneuver","floor":15,"key":"SMITH"}],"neow_cost":"TEN_PERCENT_HP_LOSS","seed_source_timestamp":244205422858804,"circlet_count":0,"master_deck":["Defend_G","Defend_G","Defend_G","Defend_G","Strike_G","Strike_G","Strike_G","Survivor","Neutralize","Dagger Spray","Acrobatics","Blade Dance+1","Outmaneuver","Outmaneuver+1","Acrobatics"],"relics":["Ring of the Snake","Lantern","Omamori","Blood Vial","Oddly Smooth Stone"],"potions_floor_usage":[6,7,12],"damage_taken":[{"damage":0,"enemies":"2 Louse","floor":1,"turns":3},{"damage":5,"enemies":"Jaw Worm","floor":5,"turns":5},{"damage":40,"enemies":"3 Sentries","floor":6,"turns":10},{"damage":2,"enemies":"Cultist","floor":7,"turns":3},{"damage":3,"enemies":"Exordium Wildlife","floor":11,"turns":3},{"damage":0,"enemies":"Large Slime","floor":12,"turns":7},{"damage":39,"enemies":"Slime Boss","floor":16,"turns":7}],"seed_played":"-3780490821823431127","potions_obtained":[{"floor":1,"key":"GamblersBrew"},{"floor":6,"key":"Energy Potion"},{"floor":11,"key":"Poison Potion"}],"is_trial":false,"path_per_floor":["M","?","$","?","M","E","M","R","T","$","M","M","R","$","R"],"character_chosen":"THE_SILENT","items_purchased":["Lantern","Oddly Smooth Stone","Blade Dance","Acrobatics"],"campfire_rested":1,"item_purchase_floors":[3,10,10,14],"current_hp_per_floor":[63,63,63,63,58,18,16,34,34,34,33,35,35,35,35,0],"gold":30,"neow_bonus":"TWO_FIFTY_GOLD","is_prod":false,"is_daily":false,"chose_seed":false,"campfire_upgraded":2,"win_rate":0,"timestamp":1533886569,"path_taken":["M","?","$","?","M","E","M","R","T","$","M","M","R","?","R","BOSS"],"build_version":"2018-08-09","purchased_purges":3,"victory":false,"max_hp_per_floor":[63,63,63,63,63,63,63,63,63,63,63,63,63,63,63,63],"card_choices":[{"not_picked":["Setup","Riddle With Holes"],"picked":"Dagger Spray","floor":1},{"not_picked":["Catalyst","Accuracy","Sucker Punch"],"picked":"SKIP","floor":5},{"not_picked":["Tools of the Trade","Finisher"],"picked":"Acrobatics","floor":6},{"not_picked":["Catalyst","Skewer","Bane"],"picked":"SKIP","floor":7},{"not_picked":["Terror","Dash"],"picked":"Outmaneuver","floor":11},{"not_picked":["Deadly Poison","Backflip"],"picked":"Outmaneuver","floor":12}],"player_experience":304593,"relics_obtained":[{"floor":6,"key":"Omamori"},{"floor":9,"key":"Blood Vial"}],"event_choices":[{"event_name":"The Cleric","player_choice":"Card Removal","floor":2,"damage_taken":0},{"event_name":"Golden Shrine","player_choice":"Desecrate","floor":4,"damage_taken":0}],"is_beta":false,"boss_relics":[],"items_purged_floors":[3,10,14],"is_endless":false,"potions_floor_spawned":[1,6,11],"killed_by":"Slime Boss","ascension_level":0}