{"gold_per_floor":[119,139,151,226,245,245,275,275,275,285,313,313,313,12,12,115,115,126,126],"floor_reached":19,"playtime":986,"items_purged":["Strike_G"],"score":283,"play_id":"e8948788-af9a-48ed-afc4-aa1408e67874","local_time":"20181030201306","is_ascension_mode":true,"campfire_choices":[{"data":"Neutralize","floor":6.0,"key":"SMITH"},{"floor":8,"key":"REST"},{"floor":12,"key":"REST"},{"floor":15,"key":"REST"}],"neow_cost":"NONE","seed_source_timestamp":1787661878371972,"circlet_count":0,"master_deck":["Defend_G","Defend_G","Defend_G","Defend_G","Defend_G","Strike_G+1","Survivor","Neutralize+1","AscendersBane","Caltrops+1","Escape Plan+1","Underhanded Strike+1","All Out Attack","Underhanded Strike","Caltrops+1","Blur","Flying Knee","Acrobatics","Blur","Noxious Fumes","A Thousand Cuts","Infinite Blades"],"special_seed":0,"relics":["Astrolabe","Ice Cream","Kunai","Bottled Lightning","Bag of Marbles","Sozu"],"potions_floor_usage":[11,18],"damage_taken":[{"damage":1.0,"enemies":"Jaw Worm","floor":1.0,"turns":4.0},{"damage":4.0,"enemies":"Small Slimes","floor":2.0,"turns":4.0},{"damage":0.0,"enemies":"Cultist","floor":3.0,"turns":3.0},{"damage":4.0,"enemies":"Blue Slaver","floor":5.0,"turns":3.0},{"damage":17,"enemies":"3 Sentries","floor":7,"turns":6},{"damage":16,"enemies":"2 Fungi Beasts","floor":10,"turns":4},{"damage":19,"enemies":"Gremlin Nob","floor":11,"turns":4},{"damage":57,"enemies":"Slime Boss","floor":16,"turns":12},{"damage":30,"enemies":"2 Thieves","floor":18,"turns":5},{"damage":24,"enemies":"Spheric Guardian","floor":19,"turns":3}],"seed_played":"-1292122760322443267","potions_obtained":[{"floor":1.0,"key":"Regen Potion"},{"floor":10,"key":"Regen Potion"},{"floor":11,"key":"FearPotion"}],"is_trial":false,"path_per_floor":["M","M","M","?","M","R","E","R","T","M","E","R","?","$","R","B",null,"M"],"character_chosen":"THE_SILENT","items_purchased":["Noxious Fumes","Bag of Marbles"],"campfire_rested":3,"item_purchase_floors":[14,14],"current_hp_per_floor":[62,58,67,56,52,52,35,56,56,40,33,54,40,40,61,4,54,24,0],"gold":126,"neow_bonus":"BOSS_RELIC","is_prod":false,"is_daily":false,"chose_seed":false,"campfire_upgraded":1,"win_rate":0,"timestamp":1540944786,"path_taken":["M","M","M","?","M","R","E","R","T","M","E","R","?","$","R","BOSS","M","M"],"build_version":"2018-10-25v2","purchased_purges":1,"victory":false,"max_hp_per_floor":[70,70,70,70,70,70,70,70,70,70,70,70,70,70,70,70,70,70,70],"card_choices":[{"not_picked":["Riddle With Holes","Concentrate"],"picked":"All Out Attack","floor":1.0},{"not_picked":["Dagger Spray","Calculated Gamble"],"picked":"Underhanded Strike","floor":2.0},{"not_picked":["Prepared","Acrobatics"],"picked":"Caltrops","floor":3.0},{"not_picked":["Deflect","Escape Plan"],"picked":"Blur","floor":5.0},{"not_picked":["Prepared","Distraction"],"picked":"Flying Knee","floor":7},{"not_picked":["Glass Knife","Outmaneuver"],"picked":"Acrobatics","floor":10},{"not_picked":["Prepared","Sucker Punch"],"picked":"Blur","floor":11},{"not_picked":["Unload","Burst"],"picked":"A Thousand Cuts","floor":16},{"not_picked":["Underhanded Strike","PiercingWail"],"picked":"Infinite Blades","floor":18}],"player_experience":1610604,"relics_obtained":[{"floor":7,"key":"Ice Cream"},{"floor":9,"key":"Kunai"},{"floor":11,"key":"Bottled Lightning"}],"event_choices":[{"damage_healed":0.0,"max_hp_gain":0.0,"max_hp_loss":0.0,"gold_gain":75.0,"event_name":"World of Goop","player_choice":"Gather Gold","floor":4.0,"gold_loss":0.0,"damage_taken":11.0},{"damage_healed":0,"gold_gain":0,"player_choice":"Entered Light","damage_taken":14,"max_hp_gain":0,"max_hp_loss":0,"event_name":"Shining Light","floor":13,"gold_loss":0,"cards_upgraded":["Caltrops","Strike_G"]}],"is_beta":false,"boss_relics":[{"not_picked":["Black Star","Runic Pyramid"],"picked":"Sozu"}],"items_purged_floors":[14],"is_endless":false,"potions_floor_spawned":[1,10,11],"killed_by":"Spheric Guardian","ascension_level":12}