{"gold_per_floor":[111,111,111,131,53,53,87,87,87,112,123,123,123,143,143,216,216,234,72,122,37,47,72,72,107,107,107,127,127,127,145,145,221,221,240,253,178,178,191,191,191],"floor_reached":41,"playtime":1949,"items_purged":["Tactician"],"score":925,"play_id":"b14a1fea-02ee-4821-b0b2-7c3c69a4b1fd","local_time":"20190208023444","is_ascension_mode":true,"campfire_choices":[{"data":"Noxious Fumes","floor":6.0,"key":"SMITH"},{"data":"Neutralize","floor":8.0,"key":"SMITH"},{"data":"Skewer","floor":15.0,"key":"SMITH"},{"data":"Strike_G","floor":24.0,"key":"PURGE"},{"floor":27.0,"key":"REST"},{"data":"Unload","floor":30.0,"key":"SMITH"},{"data":"Strike_G","floor":32.0,"key":"PURGE"},{"data":"Burst","floor":40.0,"key":"SMITH"}],"neow_cost":"NONE","seed_source_timestamp":113027069203861,"circlet_count":0,"master_deck":["AscendersBane","Survivor","Neutralize+1","Dodge and Roll","Crippling Poison","Noxious Fumes+1","Unload+1","Die Die Die","Bane","Skewer+1","Adrenaline","Backflip","Doppelganger","Corpse Explosion","Heel Hook","Burst+1","Unload","All Out Attack","Bane+1","Cloak And Dagger"],"special_seed":0,"relics":["Ring of the Snake","NeowsBlessing","Darkstone Periapt","Gremlin Horn","Dream Catcher","Dead Branch","Busted Crown","Pen Nib","Peace Pipe","Ice Cream","Happy Flower","Unceasing Top","Pandora\u0027s Box"],"potions_floor_usage":[41,41],"damage_taken":[{"damage":0.0,"enemies":"Jaw Worm","floor":1.0,"turns":1.0},{"damage":0.0,"enemies":"Small Slimes","floor":4.0,"turns":1.0},{"damage":0.0,"enemies":"Gremlin Nob","floor":7.0,"turns":1.0},{"damage":11.0,"enemies":"3 Sentries","floor":10.0,"turns":7.0},{"damage":0.0,"enemies":"2 Louse","floor":11.0,"turns":2.0},{"damage":1.0,"enemies":"Red Slaver","floor":14.0,"turns":3.0},{"damage":38.0,"enemies":"Slime Boss","floor":16.0,"turns":9.0},{"damage":7.0,"enemies":"2 Thieves","floor":18.0,"turns":3.0},{"damage":0.0,"enemies":"3 Byrds","floor":22.0,"turns":4.0},{"damage":11.0,"enemies":"Slavers","floor":23.0,"turns":4.0},{"damage":15.0,"enemies":"Book of Stabbing","floor":25.0,"turns":5.0},{"damage":3.0,"enemies":"Snake Plant","floor":28.0,"turns":3.0},{"damage":3.0,"enemies":"Centurion and Healer","floor":31.0,"turns":3.0},{"damage":43.0,"enemies":"Collector","floor":33.0,"turns":9.0},{"damage":8.0,"enemies":"3 Shapes","floor":35.0,"turns":2.0},{"damage":0.0,"enemies":"3 Darklings","floor":36.0,"turns":2.0},{"damage":6.0,"enemies":"Sphere and 2 Shapes","floor":39.0,"turns":5.0},{"damage":36,"enemies":"Spire Growth","floor":41,"turns":3}],"seed_played":"-7756789082061569056","potions_obtained":[{"floor":4.0,"key":"LiquidBronze"},{"floor":10.0,"key":"SteroidPotion"},{"floor":11.0,"key":"EssenceOfSteel"},{"floor":14.0,"key":"SpeedPotion"},{"floor":22.0,"key":"GhostInAJar"},{"floor":23.0,"key":"LiquidBronze"},{"floor":25.0,"key":"Regen Potion"},{"floor":28.0,"key":"SpeedPotion"},{"floor":33.0,"key":"GamblersBrew"},{"floor":38.0,"key":"LiquidBronze"}],"is_trial":false,"path_per_floor":["M","?","?","M","$","R","E","R","T","E","M","T","?","M","R","B",null,"M","$","?","?","M","E","R","E","T","R","M","?","R","M","R","B",null,"M","M","$","?","M","R","M"],"character_chosen":"THE_SILENT","items_purchased":["Noxious Fumes","Pen Nib"],"campfire_rested":1,"item_purchase_floors":[5,19],"current_hp_per_floor":[59,52,52,52,52,52,52,52,52,41,41,41,41,40,40,2,50,43,43,43,43,43,32,32,17,17,36,33,33,33,30,30,2,50,42,42,42,42,36,36,0],"gold":191,"neow_bonus":"THREE_ENEMY_KILL","is_prod":false,"is_daily":false,"chose_seed":false,"campfire_upgraded":5,"win_rate":0,"timestamp":1549589684,"path_taken":["M","?","?","M","$","R","E","R","T","E","M","?","?","?","R","BOSS","M","$","?","?","M","E","R","E","T","R","M","?","R","M","R","BOSS","M","M","$","?","M","R","?"],"build_version":"2019-01-23","purchased_purges":1,"victory":false,"max_hp_per_floor":[66,66,66,66,66,66,66,66,66,66,66,66,66,66,66,66,66,66,66,66,66,66,66,66,66,66,66,66,66,66,66,66,66,66,66,66,66,66,66,66,66],"card_choices":[{"not_picked":["Acrobatics","Quick Slash"],"picked":"Dodge and Roll","floor":1.0},{"not_picked":["Setup","Quick Slash"],"picked":"Crippling Poison","floor":4.0},{"not_picked":["Outmaneuver","Prepared"],"picked":"Unload","floor":7.0},{"not_picked":["All Out Attack","Crippling Poison"],"picked":"Die Die Die","floor":10.0},{"not_picked":["Poisoned Stab","Eviscerate"],"picked":"Bane","floor":11.0},{"not_picked":["Sucker Punch","Underhanded Strike"],"picked":"Skewer","floor":14.0},{"not_picked":["Envenom","Malaise"],"picked":"Adrenaline","floor":16.0},{"not_picked":[],"picked":"Backflip","floor":18.0},{"not_picked":["Quick Slash"],"picked":"SKIP","floor":22.0},{"not_picked":["Outmaneuver"],"picked":"SKIP","floor":23.0},{"not_picked":["Finisher"],"picked":"SKIP","floor":25.0},{"not_picked":["Dodge and Roll"],"picked":"SKIP","floor":28.0},{"not_picked":["Dagger Throw"],"picked":"SKIP","floor":31.0},{"not_picked":[],"picked":"Doppelganger","floor":33.0},{"not_picked":["Flying Knee+1"],"picked":"SKIP","floor":35.0},{"not_picked":[],"picked":"Bane+1","floor":36.0},{"not_picked":[],"picked":"Cloak And Dagger","floor":39.0}],"player_experience":1371883,"relics_obtained":[{"floor":7.0,"key":"Darkstone Periapt"},{"floor":9.0,"key":"Gremlin Horn"},{"floor":10.0,"key":"Dream Catcher"},{"floor":12.0,"key":"Dead Branch"},{"floor":23.0,"key":"Ice Cream"},{"floor":25.0,"key":"Happy Flower"},{"floor":26.0,"key":"Unceasing Top"}],"event_choices":[{"cards_removed":["Strike_G"],"damage_healed":0.0,"max_hp_gain":0.0,"max_hp_loss":0.0,"gold_gain":0.0,"event_name":"Golden Wing","player_choice":"Card Removal","floor":2.0,"gold_loss":0.0,"damage_taken":7.0},{"cards_removed":["Defend_G"],"damage_healed":0.0,"max_hp_gain":0.0,"max_hp_loss":0.0,"gold_gain":0.0,"event_name":"Living Wall","player_choice":"Forget","floor":3.0,"gold_loss":0.0,"damage_taken":0.0},{"damage_healed":0.0,"max_hp_gain":0.0,"max_hp_loss":0.0,"gold_gain":0.0,"event_name":"Liars Game","player_choice":"Ignored","floor":13.0,"gold_loss":0.0,"damage_taken":0.0},{"damage_healed":0.0,"max_hp_gain":0.0,"max_hp_loss":0.0,"gold_gain":50.0,"event_name":"Nest","player_choice":"Stole From Cult","floor":20.0,"gold_loss":0.0,"damage_taken":0.0},{"damage_healed":0.0,"max_hp_gain":0.0,"max_hp_loss":0.0,"gold_gain":0.0,"event_name":"Addict","player_choice":"Obtained Relic","floor":21.0,"gold_loss":85.0,"damage_taken":0.0,"relics_obtained":["Peace Pipe"]},{"damage_healed":0.0,"max_hp_gain":0.0,"max_hp_loss":0.0,"gold_gain":0.0,"event_name":"Vampires","player_choice":"Ignored","floor":29.0,"gold_loss":0.0,"damage_taken":0.0},{"damage_healed":0.0,"max_hp_gain":0.0,"max_hp_loss":0.0,"gold_gain":0.0,"event_name":"Lab","player_choice":"Got Potions","floor":38.0,"gold_loss":0.0,"damage_taken":0.0}],"is_beta":false,"boss_relics":[{"not_picked":["Lizard Tail","Tiny House"],"picked":"Busted Crown"},{"not_picked":["Eternal Feather","Cursed Key"],"picked":"Pandora\u0027s Box"}],"items_purged_floors":[37],"is_endless":false,"potions_floor_spawned":[4,10,11,14,22,23,25,28,33],"killed_by":"Spire Growth","ascension_level":18}