{"path_per_floor":["M","$","?","?","?","R","M","R","T","$","M","M","E","$","R","B",null,"M","M","?","M","M","E","M","R","T","$","M","R","?","?","R","B",null,"M","M","$","?","M","E","?","M","T","E","M","$","M","$","R","B"],"character_chosen":"DEFECT","items_purchased":["Panache+1","Gash","Capacitor+1","Bronze Scales","Gash","Rebound+1"],"gold_per_floor":[117,42,42,42,217,217,235,235,235,5,15,26,58,18,18,120,120,133,153,153,170,181,210,220,220,220,19,35,35,35,35,35,137,137,147,167,67,67,80,115,115,134,134,159,175,5,20,20,20,20],"floor_reached":51,"campfire_rested":4,"playtime":4510,"item_purchase_floors":[10,10,14,27,27,46],"current_hp_per_floor":[74,74,67,60,60,60,56,56,66,66,62,55,48,48,73,44,85,85,76,76,67,67,53,52,77,84,84,75,75,59,59,86,60,92,85,84,84,84,83,83,71,64,64,57,41,41,34,34,61,54],"items_purged":["Strike_B","Writhe","Doubt"],"gold":20,"score":752,"play_id":"20d36d33-c9e4-477b-ade8-ff45b05be527","local_time":"20180603144208","is_prod":false,"is_daily":false,"chose_seed":false,"is_ascension_mode":false,"campfire_upgraded":3,"win_rate":0.0,"timestamp":1528051328,"campfire_choices":[{"data":"Seek","floor":6,"key":"SMITH"},{"data":"Zap","floor":8,"key":"SMITH"},{"floor":15,"key":"REST"},{"floor":25,"key":"REST"},{"data":"Chill","floor":29,"key":"SMITH"},{"floor":32,"key":"REST"},{"floor":49,"key":"REST"}],"path_taken":["M","$","?","?","?","R","M","R","T","$","?","M","E","$","R","BOSS","M","?","?","M","M","E","M","R","T","$","M","R","?","?","R","BOSS","M","M","$","?","?","E","?","?","T","E","M","?","M","$","R","BOSS"],"build_version":"2018-05-31","seed_source_timestamp":242895676382230,"purchased_purges":3,"victory":true,"master_deck":["Defend_B","Defend_B","Defend_B+1","Defend_B","Zap+1","Dualcast","Seek+1","Cold Snap","Loop+1","Panache+1","Gash","Coolheaded","Defragment+1","Stack","Capacitor+1","Buffer+1","Redo","Doom and Gloom","Chill+1","Defragment+1","Ball Lightning","Buffer+1","Beam Cell+1","Gash","Storm+1","Seek","Lockon","Hologram","Capacitor+1","Blizzard+1","Madness+1","Madness","Conserve Battery+1","Steam","Auto Shields+1","Rebound+1","Gash+1"],"max_hp_per_floor":[75,75,75,75,75,75,75,75,85,85,85,85,85,85,85,85,85,85,85,85,85,85,85,85,85,92,92,92,92,92,92,92,92,92,92,92,92,92,92,92,92,92,92,92,92,92,92,92,92,92],"relics":["Cracked Core","Frozen Egg 2","Pear","Torii","Nuclear Battery","Ornamental Fan","Strawberry","Bronze Scales","Enchiridion","Anchor","Black Star","Kunai","Molten Egg 2","War Paint","Sundial","Ice Cream"],"card_choices":[{"not_picked":["Hologram","Redo"],"picked":"Cold Snap","floor":1},{"not_picked":["BootSequence","Hologram"],"picked":"Loop+1","floor":7},{"not_picked":["Skim","Double Energy"],"picked":"Coolheaded","floor":11},{"not_picked":["Gash","Conserve Battery"],"picked":"Defragment+1","floor":12},{"not_picked":["FTL","White Noise"],"picked":"Stack","floor":13},{"not_picked":["Seek","Meteor Strike"],"picked":"Buffer+1","floor":16},{"not_picked":["Stack","Turbo"],"picked":"Redo","floor":18},{"not_picked":["Melter+1","Gash"],"picked":"Doom and Gloom","floor":19},{"not_picked":["Coolheaded","Darkness"],"picked":"Defragment+1","floor":21},{"not_picked":["Chill","Coolheaded"],"picked":"Ball Lightning","floor":22},{"not_picked":["Stack+1","Conserve Battery+1"],"picked":"Buffer+1","floor":23},{"not_picked":["Streamline","Scrape"],"picked":"Beam Cell+1","floor":24},{"not_picked":["Streamline+1","Steam Power"],"picked":"Storm+1","floor":28},{"not_picked":["Meteor Strike","Multi-Cast"],"picked":"Seek","floor":33},{"not_picked":["Scrape+1","Sweeping Beam+1"],"picked":"Lockon","floor":35},{"not_picked":["Undo+1","Sweeping Beam","Turbo"],"picked":"SKIP","floor":36},{"not_picked":["Coolheaded","Go for the Eyes+1"],"picked":"Capacitor+1","floor":39},{"not_picked":["Leap","Rebound"],"picked":"Blizzard","floor":40},{"not_picked":["Hello World+1","Loop+1"],"picked":"Conserve Battery+1","floor":42},{"not_picked":["Aggregate+1","Self Repair+1"],"picked":"Steam","floor":44},{"not_picked":["Seek","Ball Lightning+1"],"picked":"Auto Shields+1","floor":45},{"not_picked":["Barrage+1","White Noise"],"picked":"Gash+1","floor":47}],"player_experience":280417,"potions_floor_usage":[16,18,22,33,39,40,42,50,50],"damage_taken":[{"damage":1,"enemies":"Small Slimes","floor":1,"turns":3},{"damage":4,"enemies":"2 Louse","floor":7,"turns":2},{"damage":4,"enemies":"Jaw Worm","floor":11,"turns":2},{"damage":7,"enemies":"Exordium Thugs","floor":12,"turns":4},{"damage":7,"enemies":"Gremlin Nob","floor":13,"turns":4},{"damage":29,"enemies":"Hexaghost","floor":16,"turns":10},{"damage":0,"enemies":"Shell Parasite","floor":18,"turns":5},{"damage":9,"enemies":"Chosen","floor":19,"turns":6},{"damage":9,"enemies":"Snake Plant","floor":21,"turns":5},{"damage":0,"enemies":"Cultist and Chosen","floor":22,"turns":7},{"damage":14,"enemies":"Book of Stabbing","floor":23,"turns":5},{"damage":1,"enemies":"Snecko","floor":24,"turns":6},{"damage":9,"enemies":"Centurion and Healer","floor":28,"turns":5},{"damage":26,"enemies":"Collector","floor":33,"turns":7},{"damage":7,"enemies":"3 Darklings","floor":35,"turns":4},{"damage":1,"enemies":"Orb Walker","floor":36,"turns":3},{"damage":1,"enemies":"Sphere and 2 Shapes","floor":39,"turns":4},{"damage":0,"enemies":"Giant Head","floor":40,"turns":8},{"damage":7,"enemies":"4 Shapes","floor":42,"turns":4},{"damage":7,"enemies":"Nemesis","floor":44,"turns":6},{"damage":16,"enemies":"Maw","floor":45,"turns":5},{"damage":7,"enemies":"Sphere and 2 Shapes","floor":47,"turns":6},{"damage":7,"enemies":"Donu and Deca","floor":50,"turns":7}],"relics_obtained":[{"floor":9,"key":"Pear"},{"floor":13,"key":"Torii"},{"floor":23,"key":"Ornamental Fan"},{"floor":26,"key":"Strawberry"},{"floor":30,"key":"Enchiridion"},{"floor":40,"key":"Kunai"},{"floor":40,"key":"Molten Egg 2"},{"floor":43,"key":"War Paint"},{"floor":44,"key":"Sundial"},{"floor":44,"key":"Ice Cream"}],"event_choices":[{"event_name":"Golden Wing","player_choice":"Card Removal","floor":3,"damage_taken":0},{"event_name":"Scrap Ooze","player_choice":"success","floor":4,"damage_taken":7},{"event_name":"Liars Game","player_choice":"agreed","floor":5,"damage_taken":0},{"event_name":"The Library","player_choice":"Read","floor":20,"damage_taken":0},{"event_name":"Cursed Tome","player_choice":"Obtained Book","floor":30,"damage_taken":0},{"event_name":"The Mausoleum","player_choice":"Yes","floor":31,"damage_taken":0},{"event_name":"Transmorgrifier","player_choice":"Transform","floor":38,"damage_taken":0},{"event_name":"Winding Halls","player_choice":"Embrace Madness","floor":41,"damage_taken":0}],"boss_relics":[{"not_picked":["Runic Pyramid","Calling Bell"],"picked":"Nuclear Battery"},{"not_picked":["Snecko Eye","Velvet Choker"],"picked":"Black Star"}],"items_purged_floors":[2,37,46],"potions_floor_spawned":[7,16,21,24,28,33,36,39,45,47],"seed_played":"-6282935243600146021","ascension_level":0,"potions_obtained":[{"floor":7,"key":"Strength Potion"},{"floor":16,"key":"AttackPotion"},{"floor":21,"key":"FocusPotion"},{"floor":24,"key":"Weak Potion"},{"floor":28,"key":"Fire Potion"},{"floor":33,"key":"FairyPotion"},{"floor":36,"key":"Poison Potion"},{"floor":39,"key":"Block Potion"},{"floor":45,"key":"Poison Potion"},{"floor":47,"key":"Poison Potion"}],"is_trial":false}