{"gold_per_floor":[109,109,109,123,142,142,176,176,176,176,176,13,32,67,67,141,141,159,159,170,9,19,19,36,36,63,73,89,4,4,17,17,96,96,113,113,123,136,61,61,61,61,61,61,31,48,48,61,61,61],"floor_reached":50,"playtime":4065,"items_purged":["Pain"],"score":881,"play_id":"ec694fc4-10b4-4d80-a1dc-6c945cc67b80","local_time":"20190130170759","is_ascension_mode":true,"campfire_choices":[{"data":"Static Discharge","floor":6.0,"key":"SMITH"},{"data":"Zap","floor":8.0,"key":"SMITH"},{"data":"Melter","floor":10.0,"key":"SMITH"},{"floor":15.0,"key":"REST"},{"floor":23.0,"key":"REST"},{"data":"Fission","floor":25.0,"key":"SMITH"},{"floor":32.0,"key":"REST"},{"floor":40.0,"key":"REST"},{"data":"Storm","floor":42.0,"key":"SMITH"},{"data":"Force Field","floor":44.0,"key":"SMITH"},{"data":"Fission","floor":47.0,"key":"SMITH"},{"floor":49.0,"key":"REST"}],"neow_cost":"NONE","seed_source_timestamp":0,"circlet_count":0,"master_deck":["AscendersBane","Strike_B+1","Strike_B+1","Strike_B+1","Defend_B+1","Defend_B+1","Defend_B+1","Defend_B+1","Zap+1","Dualcast","Static Discharge+1","Cold Snap","Melter+1","Chill","Ball Lightning","Doom and Gloom","Fission+1","Compile Driver","Auto Shields","Conserve Battery+1","Fission+1","Chill","Storm+1","Electrodynamics","Glacier","Leap","Force Field+1","Ball Lightning","Go for the Eyes"],"special_seed":0,"relics":["Cracked Core","Happy Flower","Matryoshka","Ancient Tea Set","Gremlin Horn","Pantograph","Bottled Lightning","Bronze Scales","Mercury Hourglass","Eternal Feather","Regal Pillow","Bag of Preparation","Oddly Smooth Stone","Blood Vial","Sozu","WarpedTongs","Symbiotic Virus"],"potions_floor_usage":[],"damage_taken":[{"damage":6.0,"enemies":"2 Louse","floor":1.0,"turns":2.0},{"damage":4.0,"enemies":"Jaw Worm","floor":4.0,"turns":4.0},{"damage":0.0,"enemies":"Cultist","floor":5.0,"turns":3.0},{"damage":19.0,"enemies":"3 Sentries","floor":7.0,"turns":8.0},{"damage":2.0,"enemies":"Exordium Thugs","floor":13.0,"turns":4.0},{"damage":6.0,"enemies":"Gremlin Nob","floor":14.0,"turns":3.0},{"damage":37.0,"enemies":"Hexaghost","floor":16.0,"turns":5.0},{"damage":24.0,"enemies":"Chosen","floor":18.0,"turns":5.0},{"damage":20.0,"enemies":"Shell Parasite","floor":20.0,"turns":3.0},{"damage":0.0,"enemies":"3 Cultists","floor":22.0,"turns":3.0},{"damage":17.0,"enemies":"Shelled Parasite and Fungi","floor":24.0,"turns":3.0},{"damage":7.0,"enemies":"Cultist and Chosen","floor":27.0,"turns":6.0},{"damage":19.0,"enemies":"Centurion and Healer","floor":28.0,"turns":5.0},{"damage":15.0,"enemies":"Snake Plant","floor":31.0,"turns":3.0},{"damage":55.0,"enemies":"Automaton","floor":33.0,"turns":8.0},{"damage":0.0,"enemies":"3 Darklings","floor":35.0,"turns":4.0},{"damage":8.0,"enemies":"3 Shapes","floor":37.0,"turns":2.0},{"damage":51.0,"enemies":"Maw","floor":38.0,"turns":8.0},{"damage":32.0,"enemies":"Spire Growth","floor":46.0,"turns":4.0},{"damage":41.0,"enemies":"Transient","floor":48.0,"turns":6.0},{"damage":88,"enemies":"Time Eater","floor":50,"turns":10}],"seed_played":"965964188874543049","potions_obtained":[{"floor":1.0,"key":"Energy Potion"},{"floor":4.0,"key":"GamblersBrew"},{"floor":14.0,"key":"Fire Potion"},{"floor":16.0,"key":"PowerPotion"},{"floor":18.0,"key":"EntropicBrew"},{"floor":24.0,"key":"Block Potion"},{"floor":28.0,"key":"LiquidBronze"},{"floor":33.0,"key":"Regen Potion"}],"is_trial":false,"path_per_floor":["M","?","?","M","M","R","E","R","T","R","T","$","M","E","R","B",null,"M","?","M","$","M","R","M","R","T","M","M","?","?","M","R","B",null,"M","?","M","M","$","R","?","R","T","R","$","M","R","M","R","B"],"character_chosen":"DEFECT","items_purchased":["Bronze Scales","Bag of Preparation","Go for the Eyes"],"campfire_rested":5,"item_purchase_floors":[12,21,45],"current_hp_per_floor":[58,63,63,59,59,59,40,40,40,40,40,40,38,32,54,39,67,43,43,23,23,23,72,55,67,67,60,41,41,41,28,76,21,62,64,64,58,21,21,73,73,76,76,76,76,44,59,20,72,0],"gold":61,"neow_bonus":"RANDOM_COMMON_RELIC","is_prod":false,"is_daily":false,"chose_seed":false,"campfire_upgraded":7,"win_rate":0,"timestamp":1548886079,"path_taken":["M","?","?","?","M","R","E","R","T","R","?","$","M","E","R","BOSS","M","?","M","$","M","R","M","R","T","M","?","?","?","M","R","BOSS","M","?","?","M","$","R","?","R","T","R","$","M","R","M","R","BOSS"],"build_version":"2019-01-23","purchased_purges":1,"victory":false,"max_hp_per_floor":[71,76,76,76,76,76,76,76,76,76,76,76,76,76,76,76,76,76,76,76,76,76,76,76,76,76,76,76,76,76,76,76,76,76,76,76,76,76,76,76,76,76,76,76,76,76,76,76,76,76],"card_choices":[{"not_picked":["Hologram","Turbo"],"picked":"Static Discharge","floor":1.0},{"not_picked":["Undo","Hologram"],"picked":"Cold Snap","floor":4.0},{"not_picked":["Force Field","Conserve Battery"],"picked":"Melter","floor":5.0},{"not_picked":["Hello World","Ball Lightning"],"picked":"Chill","floor":7.0},{"not_picked":["Melter","Streamline"],"picked":"Ball Lightning","floor":13.0},{"not_picked":["Ball Lightning","Undo"],"picked":"Doom and Gloom","floor":14.0},{"not_picked":["All For One","Hyperbeam"],"picked":"Fission","floor":16.0},{"not_picked":["Steam","Cold Snap"],"picked":"Compile Driver","floor":18.0},{"not_picked":["Steam Power","Sunder"],"picked":"Auto Shields","floor":20.0},{"not_picked":["Auto Shields","Rebound"],"picked":"Conserve Battery+1","floor":22.0},{"not_picked":["Sweeping Beam","Coolheaded"],"picked":"Fission","floor":24.0},{"not_picked":["Rebound","Beam Cell","Gash"],"picked":"SKIP","floor":27.0},{"not_picked":["Melter","Blizzard"],"picked":"Chill","floor":28.0},{"not_picked":["Lockon","Melter+1"],"picked":"Storm","floor":31.0},{"not_picked":["Echo Form","Seek"],"picked":"Electrodynamics","floor":33.0},{"not_picked":["Doom and Gloom+1","Streamline"],"picked":"Glacier","floor":35.0},{"not_picked":["Sweeping Beam","Skim"],"picked":"Leap","floor":37.0},{"not_picked":["Conserve Battery","Turbo"],"picked":"Force Field","floor":38.0},{"not_picked":["FTL","Scrape+1","Streamline"],"picked":"SKIP","floor":46.0},{"not_picked":["Aggregate+1","Compile Driver","Darkness"],"picked":"SKIP","floor":48.0}],"player_experience":2236575,"relics_obtained":[{"floor":7.0,"key":"Matryoshka"},{"floor":9.0,"key":"Ancient Tea Set"},{"floor":9.0,"key":"Gremlin Horn"},{"floor":11.0,"key":"Pantograph"},{"floor":11.0,"key":"Bottled Lightning"},{"floor":14.0,"key":"Mercury Hourglass"},{"floor":26.0,"key":"Oddly Smooth Stone"},{"floor":43.0,"key":"Symbiotic Virus"}],"event_choices":[{"damage_healed":0.0,"max_hp_gain":5.0,"max_hp_loss":0.0,"gold_gain":0.0,"event_name":"Big Fish","player_choice":"Donut","floor":2.0,"gold_loss":0.0,"damage_taken":0.0},{"cards_removed":["Strike_B"],"damage_healed":0.0,"max_hp_gain":0.0,"max_hp_loss":0.0,"gold_gain":0.0,"event_name":"Bonfire Elementals","player_choice":"Offered Basic","floor":3.0,"gold_loss":0.0,"damage_taken":0.0},{"damage_healed":0.0,"max_hp_gain":0.0,"max_hp_loss":0.0,"gold_gain":0.0,"event_name":"WeMeetAgain","player_choice":"Gave Potion","floor":19.0,"gold_loss":0.0,"damage_taken":0.0,"relics_obtained":["Regal Pillow"]},{"damage_healed":0.0,"max_hp_gain":0.0,"max_hp_loss":0.0,"gold_gain":0.0,"event_name":"Addict","player_choice":"Obtained Relic","floor":29.0,"gold_loss":85.0,"damage_taken":0.0,"relics_obtained":["Blood Vial"]},{"damage_healed":0.0,"max_hp_gain":0.0,"max_hp_loss":0.0,"gold_gain":0.0,"event_name":"Back to Basics","player_choice":"Simplicity","floor":30.0,"gold_loss":0.0,"damage_taken":0.0,"cards_upgraded":["Strike_B","Strike_B","Strike_B","Defend_B","Defend_B","Defend_B","Defend_B"]},{"damage_healed":0.0,"max_hp_gain":0.0,"max_hp_loss":0.0,"gold_gain":0.0,"event_name":"Accursed Blacksmith","player_choice":"Rummage","floor":36.0,"gold_loss":0.0,"damage_taken":0.0,"relics_obtained":["WarpedTongs"],"cards_obtained":["Pain"]},{"damage_healed":0.0,"max_hp_gain":0.0,"max_hp_loss":0.0,"gold_gain":0.0,"event_name":"Match and Keep!","player_choice":"1 cards matched","floor":41.0,"gold_loss":0.0,"damage_taken":0.0,"cards_obtained":["Ball Lightning"]}],"is_beta":false,"boss_relics":[{"not_picked":["Velvet Choker","Tiny House"],"picked":"Eternal Feather"},{"not_picked":["Orrery","Calling Bell"],"picked":"Sozu"}],"items_purged_floors":[39],"is_endless":false,"potions_floor_spawned":[1,4,14,16,18,24,28,33,35,37,48],"killed_by":"Time Eater","ascension_level":19}