{"gold_per_floor":[114,128,140,156,169,169,169,169,169,185,185,185,185,214,214,313,313,325,351,351,0,12,12,28,28,54,54,64,14,14,25,25,130,130,143,143,153,177,77,104,104,121,121,2,2,2,2,21,21,21],"floor_reached":51,"playtime":3801,"items_purged":["Strike_B","Clumsy"],"score":1060,"play_id":"082ab1e2-6fae-4498-bfa8-ac193e07b3cb","local_time":"20180706133549","is_ascension_mode":true,"campfire_choices":[{"floor":6,"key":"REST"},{"data":"Zap","floor":8,"key":"SMITH"},{"floor":12,"key":"REST"},{"data":"Buffer","floor":15,"key":"SMITH"},{"data":"Coolheaded","floor":23,"key":"SMITH"},{"data":"Buffer","floor":25,"key":"SMITH"},{"data":"Glacier","floor":27,"key":"SMITH"},{"floor":32,"key":"REST"},{"data":"Buffer","floor":41,"key":"SMITH"},{"floor":46,"key":"REST"},{"floor":49,"key":"REST"}],"neow_cost":"NONE","seed_source_timestamp":229342395913517,"circlet_count":0,"master_deck":["Strike_B","Strike_B","Strike_B","Defend_B","Defend_B","Defend_B","Defend_B","Zap+1","Dualcast","Consume","Coolheaded+1","Gash","Glacier+1","Genetic Algorithm","Beam Cell","Buffer+1","Buffer+1","Compile Driver","Conserve Battery+1","BootSequence","Rip and Tear","Go for the Eyes","Go for the Eyes","Beam Cell","White Noise+1","Go for the Eyes","Sweeping Beam","Gash","Buffer+1","Skim+1","BootSequence","Steam+1","Leap+1","Beam Cell","Gash","Go for the Eyes","Gash","Madness","Madness","Loop","Seek"],"relics":["Cracked Core","Bag of Marbles","Mango","Torii","Prayer Wheel","Inserter","Red Mask","Unceasing Top","Lee\u0027s Waffle","Happy Flower","Cursed Key","Gambling Chip","Singing Bowl","The Courier"],"potions_floor_usage":[5,16,16,19,33,33,33,35,40,48,48,50,50,50],"damage_taken":[{"damage":0,"enemies":"2 Louse","floor":1,"turns":2},{"damage":12,"enemies":"Jaw Worm","floor":2,"turns":2},{"damage":16,"enemies":"Small Slimes","floor":3,"turns":3},{"damage":9,"enemies":"Exordium Thugs","floor":4,"turns":5},{"damage":12,"enemies":"Looter","floor":5,"turns":3},{"damage":2,"enemies":"Blue Slaver","floor":10,"turns":3},{"damage":2,"enemies":"3 Sentries","floor":14,"turns":9},{"damage":63,"enemies":"Hexaghost","floor":16,"turns":17},{"damage":20,"enemies":"3 Byrds","floor":18,"turns":8},{"damage":48,"floor":19,"turns":8},{"damage":0,"enemies":"Shell Parasite","floor":22,"turns":9},{"damage":14,"enemies":"Snake Plant","floor":24,"turns":8},{"damage":37,"enemies":"3 Cultists","floor":28,"turns":8},{"damage":0,"enemies":"Chosen and Byrds","floor":31,"turns":9},{"damage":50,"enemies":"Collector","floor":33,"turns":14},{"damage":16,"enemies":"3 Shapes","floor":35,"turns":4},{"damage":0,"floor":36,"turns":7},{"damage":0,"enemies":"Orb Walker","floor":37,"turns":4},{"damage":0,"enemies":"Giant Head","floor":40,"turns":12},{"damage":12,"enemies":"Sphere and 2 Shapes","floor":42,"turns":6},{"damage":0,"enemies":"4 Shapes","floor":48,"turns":5},{"damage":57,"enemies":"Awakened One","floor":50,"turns":15}],"seed_played":"-5887006824371545824","potions_obtained":[{"floor":1,"key":"Weak Potion"},{"floor":2,"key":"Dexterity Potion"},{"floor":14,"key":"FocusPotion"},{"floor":16,"key":"FocusPotion"},{"floor":19,"key":"Dexterity Potion"},{"floor":24,"key":"Block Potion"},{"floor":28,"key":"SteroidPotion"},{"floor":33,"key":"Explosive Potion"},{"floor":35,"key":"Block Potion"},{"floor":37,"key":"Weak Potion"},{"floor":42,"key":"EntropicBrew"}],"is_trial":false,"path_per_floor":["M","M","M","M","M","R","?","R","T","M","?","R","?","E","R","B",null,"M","?","T","$","M","R","M","R","T","R","M","$","?","M","R","B",null,"M","?","M","T","$","E","R","M","T","$","?","R","?","M","R","B"],"character_chosen":"DEFECT","items_purchased":["Lee\u0027s Waffle","BootSequence","Swift Potion","Gash","Go for the Eyes","Gash"],"campfire_rested":5,"item_purchase_floors":[21,21,29,44,44,44],"current_hp_per_floor":[68,56,40,31,19,41,55,55,55,53,53,79,84,82,82,19,75,55,7,7,101,101,101,87,87,87,87,50,50,50,50,80,30,83,67,67,67,67,67,69,69,59,59,59,59,90,77,77,105,48],"gold":21,"neow_bonus":"RANDOM_COMMON_RELIC","is_prod":false,"is_daily":false,"chose_seed":false,"campfire_upgraded":6,"win_rate":0,"timestamp":1530898549,"path_taken":["M","M","M","M","M","R","?","R","T","?","?","R","?","E","R","BOSS","M","?","?","$","?","R","M","R","T","R","?","$","?","M","R","BOSS","M","?","?","?","$","E","R","M","T","?","?","R","?","M","R","BOSS"],"build_version":"2018-07-05","purchased_purges":2,"victory":true,"max_hp_per_floor":[75,75,75,75,75,75,89,89,89,89,89,89,94,94,94,94,94,94,94,94,101,101,101,101,101,101,101,101,101,101,101,101,101,101,101,101,101,101,101,103,103,105,105,105,105,105,105,105,105,105],"card_choices":[{"not_picked":["Recycle","Chaos"],"picked":"Consume","floor":1},{"not_picked":["Conserve Battery","Stack"],"picked":"Coolheaded","floor":2},{"not_picked":["Leap","Recycle"],"picked":"Gash","floor":3},{"not_picked":["Sunder","Auto Shields"],"picked":"Glacier","floor":4},{"not_picked":["Ball Lightning","Redo"],"picked":"Genetic Algorithm","floor":5},{"not_picked":["Leap","Rebound"],"picked":"Beam Cell","floor":10},{"not_picked":["Steam","Sunder"],"picked":"Buffer","floor":14},{"not_picked":["Meteor Strike","Creative AI"],"picked":"Buffer","floor":16},{"not_picked":["Chaos","Cold Snap"],"picked":"Compile Driver","floor":18},{"not_picked":["Steam","Double Energy+1"],"picked":"Hello World+1","floor":18},{"not_picked":["Ball Lightning","Leap"],"picked":"Conserve Battery+1","floor":19},{"not_picked":["FTL","Hologram"],"picked":"Rip and Tear","floor":22},{"not_picked":["Streamline","Sweeping Beam+1"],"picked":"Go for the Eyes","floor":22},{"not_picked":["Barrage","Conserve Battery"],"picked":"Go for the Eyes","floor":24},{"not_picked":["Leap","Steam"],"picked":"Beam Cell","floor":24},{"not_picked":["Biased Cognition","Fusion"],"picked":"White Noise+1","floor":28},{"not_picked":["Hello World","Steam+1"],"picked":"Go for the Eyes","floor":28},{"not_picked":["Compile Driver","Redo"],"picked":"Sweeping Beam","floor":31},{"not_picked":["Ball Lightning","Capacitor"],"picked":"Gash","floor":31},{"not_picked":["Meteor Strike","Thunder Strike"],"picked":"Buffer","floor":33},{"not_picked":["White Noise","Leap+1"],"picked":"Skim+1","floor":35},{"not_picked":["Cold Snap+1","Turbo+1"],"picked":"BootSequence","floor":35},{"not_picked":["Stack+1","Rip and Tear+1"],"picked":"Steam+1","floor":37},{"not_picked":["Ball Lightning+1","Double Energy"],"picked":"Leap+1","floor":37},{"not_picked":["Sunder","Biased Cognition","Steam"],"picked":"Singing Bowl","floor":40},{"not_picked":["Rip and Tear+1","Hologram"],"picked":"Beam Cell","floor":42},{"not_picked":["Rebound+1","Darkness+1","Cold Snap+1"],"picked":"Singing Bowl","floor":42},{"not_picked":["Fusion","Coolheaded+1"],"picked":"Loop","floor":48},{"not_picked":["Darkness+1","Redo"],"picked":"Seek","floor":48}],"player_experience":972175,"relics_obtained":[{"floor":9,"key":"Torii"},{"floor":14,"key":"Prayer Wheel"},{"floor":19,"key":"Red Mask"},{"floor":20,"key":"Unceasing Top"},{"floor":26,"key":"Happy Flower"},{"floor":36,"key":"Gambling Chip"},{"floor":38,"key":"Singing Bowl"},{"floor":40,"key":"The Courier"}],"event_choices":[{"event_name":"Dead Adventurer","player_choice":"Searched \u00272\u0027 times","floor":7,"damage_taken":0},{"event_name":"Shining Light","player_choice":"Ignored","floor":11,"damage_taken":0},{"event_name":"Big Fish","player_choice":"Donut","floor":13,"damage_taken":0},{"event_name":"Masked Bandits","player_choice":"Fought over 325 gold","floor":19,"damage_taken":0},{"event_name":"Ghosts","player_choice":"Ignored","floor":30,"damage_taken":0},{"event_name":"MindBloom","player_choice":"Fight","floor":36,"damage_taken":0},{"event_name":"Falling","player_choice":"Removed Power","floor":45,"damage_taken":0},{"event_name":"Winding Halls","player_choice":"Embrace Madness","floor":47,"damage_taken":0}],"boss_relics":[{"not_picked":["Ectoplasm","Orrery"],"picked":"Inserter"},{"not_picked":["Sozu","Runic Dome"],"picked":"Cursed Key"}],"items_purged_floors":[21,39],"is_endless":false,"potions_floor_spawned":[1,2,14,16,19,24,28,33,35,37,42],"ascension_level":8}