{"path_per_floor":["M","M","M","M","$","E","M","R","T","E","M","?","M","$","R","B",null,"M","M","$","M","?","R"],"character_chosen":"IRONCLAD","items_purchased":["Rampage","Reckless Charge","Metallicize","Warcry","Flex","Cleave","PowerPotion","Warcry"],"gold_per_floor":[115,131,142,157,7,38,53,53,126,154,169,134,150,12,12,107,107,118,138,17,36,36,36,36],"floor_reached":24,"campfire_rested":2,"playtime":1721,"current_hp_per_floor":[72,67,67,57,57,54,47,47,47,32,28,48,54,54,78,47,80,47,23,23,38,38,62,0],"items_purged":[],"gold":36,"score":210,"play_id":"f8764f40-d608-474c-8ac5-f95eee14e6b5","local_time":"20180521155631","is_prod":false,"is_daily":false,"chose_seed":false,"is_ascension_mode":false,"campfire_upgraded":1,"timestamp":1526932591,"campfire_choices":[{"data":"Blood for Blood","floor":8,"key":"SMITH"},{"floor":15,"key":"REST"},{"floor":23,"key":"REST"}],"path_taken":["M","M","M","M","$","E","M","R","T","E","M","?","?","$","R","BOSS","M","M","$","M","?","R","E"],"build_version":"2018-05-17","seed_source_timestamp":43789050811519,"purchased_purges":0,"victory":false,"master_deck":["Strike_R","Strike_R","Strike_R","Strike_R","Strike_R","Defend_R","Defend_R","Defend_R","Defend_R","Bash","Searing Blow","Searing Blow","Cleave","Blood for Blood+1","Rampage","Reckless Charge","Heavy Blade","Blood for Blood","Sword Boomerang","Fire Breathing","Warcry+1","Metallicize","Warcry+1","Flex+1","Immolate","Dual Wield+1","Armaments+1","Cleave","Warcry+1","Shrug It Off+1"],"max_hp_per_floor":[80,80,80,80,80,80,80,80,80,80,80,80,80,80,80,80,80,80,80,80,80,80,80,80],"relics":["Burning Blood","Vajra","Toxic Egg 2","Peace Pipe","Lizard Tail"],"card_choices":[{"not_picked":["Clash","Second Wind"],"picked":"Searing Blow","floor":1},{"not_picked":["Pommel Strike","Warcry"],"picked":"Searing Blow","floor":2},{"not_picked":["Pommel Strike","Battle Trance"],"picked":"Cleave","floor":3},{"not_picked":["Body Slam","Thunderclap"],"picked":"Blood for Blood","floor":4},{"not_picked":["Pommel Strike","Corruption"],"picked":"Heavy Blade","floor":6},{"not_picked":["Ghostly Armor","Heavy Blade"],"picked":"Blood for Blood","floor":7},{"not_picked":["Offering+1","Clash"],"picked":"Sword Boomerang","floor":10},{"not_picked":["Clash","Perfected Strike"],"picked":"Fire Breathing","floor":11},{"not_picked":["Perfected Strike","Shrug It Off+1"],"picked":"Warcry+1","floor":13},{"not_picked":["Barricade","Impervious+1"],"picked":"Immolate","floor":16},{"not_picked":["Body Slam","Seeing Red+1"],"picked":"Dual Wield+1","floor":18},{"not_picked":["Clash","Thunderclap"],"picked":"Armaments+1","floor":19},{"not_picked":["Sever Soul","True Grit+1"],"picked":"Shrug It Off+1","floor":21}],"player_experience":37644,"potions_floor_usage":[6,6,16,16,16,19,21,21],"damage_taken":[{"damage":14,"enemies":"2 Louse","floor":1,"turns":3},{"damage":11,"enemies":"Jaw Worm","floor":2,"turns":2},{"damage":6,"enemies":"Cultist","floor":3,"turns":3},{"damage":16,"enemies":"Blue Slaver","floor":4,"turns":4},{"damage":17,"enemies":"3 Sentries","floor":6,"turns":5},{"damage":13,"enemies":"2 Fungi Beasts","floor":7,"turns":3},{"damage":21,"enemies":"Lagavulin","floor":10,"turns":5},{"damage":10,"enemies":"Looter","floor":11,"turns":2},{"damage":0,"enemies":"Large Slime","floor":13,"turns":4},{"damage":37,"enemies":"Hexaghost","floor":16,"turns":10},{"damage":39,"enemies":"Chosen","floor":18,"turns":6},{"damage":30,"enemies":"2 Thieves","floor":19,"turns":3},{"damage":33,"enemies":"Centurion and Healer","floor":21,"turns":4},{"damage":64,"enemies":"Book of Stabbing","floor":24,"turns":5}],"relics_obtained":[{"floor":6,"key":"Vajra"},{"floor":9,"key":"Toxic Egg 2"},{"floor":10,"key":"Peace Pipe"}],"event_choices":[{"event_name":"The Cleric","player_choice":"Healed","floor":12,"damage_taken":0},{"event_name":"Drug Dealer","player_choice":"Ignored","floor":22,"damage_taken":0}],"boss_relics":[{"not_picked":["Orrery","Black Blood"],"picked":"Lizard Tail"}],"potions_floor_spawned":[2,3,6,10,13,16,18],"seed_played":"-3122398354283122026","killed_by":"Book of Stabbing","ascension_level":0,"potions_obtained":[{"floor":2,"key":"PowerPotion"},{"floor":3,"key":"BloodPotion"},{"floor":6,"key":"Block Potion"},{"floor":10,"key":"Weak Potion"},{"floor":13,"key":"Block Potion"},{"floor":16,"key":"Dexterity Potion"},{"floor":18,"key":"PowerPotion"}],"is_trial":false}