{"path_per_floor":["M","M","?","M","M","E","M","R","T","M","$","?","M","M","R","B",null,"M"],"character_chosen":"IRONCLAD","items_purchased":["Anger","Omamori"],"gold_per_floor":[15,25,200,219,235,268,281,281,281,261,60,60,75,88,88,185,185,196,196],"floor_reached":19,"campfire_rested":2,"playtime":1738,"current_hp_per_floor":[80,77,77,78,71,42,41,65,65,42,42,68,64,49,73,9,80,30,0],"items_purged":[],"gold":196,"score":173,"play_id":"2496d528-741d-42fc-ae20-7d272a8cc517","local_time":"20180521130529","is_prod":false,"is_daily":false,"chose_seed":false,"is_ascension_mode":false,"campfire_upgraded":0,"timestamp":1526922329,"campfire_choices":[{"floor":8,"key":"REST"},{"floor":15,"key":"REST"}],"path_taken":["M","M","?","M","M","E","M","R","T","M","$","?","M","M","R","BOSS","M","M"],"build_version":"2018-05-17","seed_source_timestamp":33510273340041,"purchased_purges":0,"victory":false,"master_deck":["Strike_R","Strike_R","Strike_R","Strike_R","Strike_R","Defend_R","Defend_R","Defend_R","Defend_R","Bash","Clothesline","Shrug It Off","Doubt","Combust","Headbutt","Impervious","Warcry","Pommel Strike","Anger","Anger","Clothesline","Juggernaut","Metallicize","Perfected Strike","Reaper","Thunderclap","Anger"],"max_hp_per_floor":[80,80,80,80,80,80,80,80,80,80,80,80,80,80,80,80,80,80,80],"relics":["Burning Blood","Sundial","Happy Flower","Prayer Wheel","Omamori","Runic Pyramid"],"card_choices":[{"not_picked":["Body Slam","Sword Boomerang"],"picked":"Clothesline","floor":1},{"not_picked":["Warcry","Thunderclap"],"picked":"Shrug It Off","floor":2},{"not_picked":["Bloodletting","Sword Boomerang"],"picked":"Combust","floor":4},{"not_picked":["Searing Blow","Body Slam"],"picked":"Headbutt","floor":5},{"not_picked":["Heavy Blade","Offering"],"picked":"Impervious","floor":6},{"not_picked":["Sword Boomerang","Clash"],"picked":"Warcry","floor":7},{"not_picked":["Sword Boomerang","Clothesline"],"picked":"Pommel Strike","floor":10},{"not_picked":["Uppercut","Dropkick"],"picked":"Anger","floor":10},{"not_picked":["Corruption","Body Slam"],"picked":"Clothesline","floor":13},{"not_picked":["Heavy Blade","Reckless Charge"],"picked":"Juggernaut","floor":13},{"not_picked":["Feel No Pain","Blood for Blood"],"picked":"Metallicize","floor":14},{"not_picked":["Flex","Power Through"],"picked":"Perfected Strike","floor":14},{"not_picked":["Fiend Fire","Demon Form"],"picked":"Reaper","floor":16},{"not_picked":["Clash","Power Through+1"],"picked":"Thunderclap","floor":18},{"not_picked":["Disarm","Armaments+1"],"picked":"Anger","floor":18}],"player_experience":29176,"potions_floor_usage":[10,16,16],"damage_taken":[{"damage":5,"enemies":"Small Slimes","floor":1,"turns":4},{"damage":9,"enemies":"Cultist","floor":2,"turns":4},{"damage":5,"enemies":"2 Louse","floor":4,"turns":4},{"damage":13,"enemies":"Looter","floor":5,"turns":4},{"damage":35,"enemies":"Lagavulin","floor":6,"turns":7},{"damage":7,"enemies":"Blue Slaver","floor":7,"turns":4},{"damage":29,"enemies":"Exordium Thugs","floor":10,"turns":4},{"damage":10,"enemies":"Exordium Wildlife","floor":13,"turns":4},{"damage":21,"enemies":"3 Louse","floor":14,"turns":3},{"damage":70,"enemies":"The Guardian","floor":16,"turns":11},{"damage":66,"enemies":"3 Byrds","floor":18,"turns":6},{"damage":37,"enemies":"Chosen","floor":19,"turns":5}],"relics_obtained":[{"floor":6,"key":"Happy Flower"},{"floor":9,"key":"Prayer Wheel"}],"event_choices":[{"event_name":"Liars Game","player_choice":"agreed","floor":3,"damage_taken":0},{"event_name":"Big Fish","player_choice":"Banana","floor":12,"damage_taken":0}],"boss_relics":[{"not_picked":["Calling Bell","Velvet Choker"],"picked":"Runic Pyramid"}],"potions_floor_spawned":[4,5,6,16,18],"seed_played":"4300521948284614021","killed_by":"Chosen","ascension_level":0,"potions_obtained":[{"floor":4,"key":"Swift Potion"},{"floor":5,"key":"GamblersBrew"},{"floor":6,"key":"Ancient Potion"},{"floor":16,"key":"Strength Potion"},{"floor":18,"key":"Block Potion"}],"is_trial":false}