{"gold_per_floor":[117,192,162,177,194,219,234,234,234,244,244,29,43,43,43,116,116,127,29,41,41,41],"floor_reached":22,"playtime":775,"items_purged":[],"score":353,"play_id":"7d5d2941-8719-4a55-8831-8113c0396c14","local_time":"20181231092735","is_ascension_mode":true,"campfire_choices":[{"floor":8,"key":"REST"},{"floor":11,"key":"REST"},{"floor":15,"key":"REST"}],"neow_cost":"NONE","seed_source_timestamp":971707808152832,"circlet_count":0,"master_deck":["AscendersBane","Zap","Dualcast","Cold Snap","Ball Lightning","Sweeping Beam","Static Discharge","Compile Driver","Steam","Flash of Steel","Go for the Eyes","FTL","Sweeping Beam","Thunder Strike","Rebound","Fusion","Static Discharge","Steam","Seek","FTL","Creative AI","Darkness","Self Repair","Trip","Stack"],"relics":["Cracked Core","NeowsBlessing","Shuriken","Matryoshka","Pandora\u0027s Box"],"potions_floor_usage":[14,16,22],"damage_taken":[{"damage":0,"enemies":"Jaw Worm","floor":1,"turns":1},{"damage":0,"enemies":"Small Slimes","floor":4,"turns":1},{"damage":0,"enemies":"Cultist","floor":5,"turns":1},{"damage":35,"enemies":"3 Sentries","floor":6,"turns":8},{"damage":2,"enemies":"Exordium Wildlife","floor":7,"turns":3},{"damage":13,"enemies":"2 Fungi Beasts","floor":10,"turns":3},{"damage":12,"enemies":"Large Slime","floor":13,"turns":4},{"damage":0,"enemies":"Lagavulin Event","floor":14,"turns":2},{"damage":34,"enemies":"Slime Boss","floor":16,"turns":8},{"damage":44,"enemies":"2 Thieves","floor":18,"turns":4},{"damage":12,"enemies":"Chosen","floor":20,"turns":6},{"damage":11,"enemies":"Snake Plant","floor":22,"turns":1}],"seed_played":"7079911563877281547","potions_obtained":[{"floor":3,"key":"SmokeBomb"},{"floor":3,"key":"Ancient Potion"},{"floor":18,"key":"Explosive Potion"}],"is_trial":false,"path_per_floor":["M","?","?","M","M","E","M","R","T","M","R","$","M","?","R","B",null,"M","$","M","$","M"],"character_chosen":"DEFECT","items_purchased":["Flash of Steel","Go for the Eyes","FTL","Trip"],"campfire_rested":3,"item_purchase_floors":[12,12,12,19],"current_hp_per_floor":[64,53,53,53,53,18,16,37,37,24,45,45,33,33,54,20,58,14,14,9,9,0],"gold":41,"neow_bonus":"THREE_ENEMY_KILL","is_prod":false,"is_daily":false,"chose_seed":false,"campfire_upgraded":0,"win_rate":0,"timestamp":1546266455,"path_taken":["M","?","?","M","M","E","M","R","T","M","R","$","?","?","R","BOSS","M","$","M","$","M"],"build_version":"2018-12-20","purchased_purges":0,"victory":false,"max_hp_per_floor":[71,71,71,71,71,71,71,71,71,71,71,71,71,71,71,71,71,71,71,71,71,71],"card_choices":[{"not_picked":["Stack","Barrage"],"picked":"Cold Snap","floor":1},{"not_picked":["Gash","Reinforced Body"],"picked":"Ball Lightning","floor":4},{"not_picked":["Ball Lightning","Redo"],"picked":"Sweeping Beam","floor":5},{"not_picked":["Turbo","Hello World"],"picked":"Static Discharge","floor":6},{"not_picked":["Hologram","Steam"],"picked":"Compile Driver","floor":7},{"not_picked":["Ball Lightning","Reprogram"],"picked":"Steam","floor":10},{"not_picked":["Lockon","Undo"],"picked":"Sweeping Beam","floor":13},{"not_picked":["Amplify","Rainbow"],"picked":"Thunder Strike","floor":16},{"not_picked":["Double Energy","Compile Driver"],"picked":"Self Repair","floor":18},{"not_picked":["Steam Power","Go for the Eyes"],"picked":"Stack","floor":20}],"player_experience":1962974,"relics_obtained":[{"floor":6,"key":"Shuriken"},{"floor":9,"key":"Matryoshka"}],"event_choices":[{"damage_healed":0,"gold_gain":75,"player_choice":"Gather Gold","damage_taken":11,"max_hp_gain":0,"max_hp_loss":0,"event_name":"World of Goop","floor":2,"gold_loss":0},{"damage_healed":0,"gold_gain":0,"player_choice":"Bought 2 Potions","damage_taken":0,"max_hp_gain":0,"max_hp_loss":0,"event_name":"The Woman in Blue","floor":3,"gold_loss":0},{"damage_healed":0,"gold_gain":0,"player_choice":"Searched \u00271\u0027 times","damage_taken":0,"max_hp_gain":0,"max_hp_loss":0,"event_name":"Dead Adventurer","floor":14,"gold_loss":0}],"is_beta":false,"boss_relics":[{"not_picked":["Calling Bell","Runic Dome"],"picked":"Pandora\u0027s Box"}],"items_purged_floors":[],"is_endless":false,"potions_floor_spawned":[6,7,10,13,18],"killed_by":"Snake Plant","ascension_level":18}