{"gold_per_floor":[112,112,123,139,64,64,81,109,136,36,36,55,75,107,107,107],"floor_reached":16,"playtime":855,"items_purged":["Strike_R","Strike_R"],"score":202,"play_id":"7596e23c-5a90-439f-b711-de13e32a7a39","local_time":"20190212214449","is_ascension_mode":true,"campfire_choices":[{"data":"Body Slam","floor":6,"key":"SMITH"},{"data":"Body Slam","floor":11,"key":"SMITH"},{"floor":15,"key":"REST"}],"neow_cost":"NONE","seed_source_timestamp":291528484876952,"circlet_count":0,"master_deck":["AscendersBane","Strike_R","Strike_R","Strike_R","Defend_R","Defend_R","Defend_R","Defend_R","Bash","Body Slam+1","Body Slam+1","Iron Wave","Disarm","Spot Weakness","Shockwave","Shockwave"],"relics":["Burning Blood","NeowsBlessing","Regal Pillow","Pen Nib","Strawberry","Gremlin Horn"],"potions_floor_usage":[8,12,16],"damage_taken":[{"damage":0,"enemies":"2 Louse","floor":1,"turns":1},{"damage":0,"enemies":"Cultist","floor":3,"turns":1},{"damage":0,"enemies":"Jaw Worm","floor":4,"turns":1},{"damage":6,"enemies":"Looter","floor":7,"turns":4},{"damage":32,"enemies":"Gremlin Nob","floor":8,"turns":5},{"damage":24,"enemies":"Exordium Wildlife","floor":12,"turns":6},{"damage":6,"enemies":"2 Fungi Beasts","floor":13,"turns":4},{"damage":27,"enemies":"3 Sentries","floor":14,"turns":8},{"damage":70,"enemies":"Slime Boss","floor":16,"turns":9}],"seed_played":"5342888000716208144","potions_obtained":[{"floor":7,"key":"FearPotion"},{"floor":8,"key":"Fruit Juice"},{"floor":14,"key":"SpeedPotion"}],"is_trial":false,"path_per_floor":["M","?","M","M","$","R","M","E","T","$","R","M","M","E","R","B"],"character_chosen":"IRONCLAD","items_purchased":[],"campfire_rested":1,"item_purchase_floors":[],"current_hp_per_floor":[74,74,75,75,75,75,75,49,56,56,56,43,43,22,63,0],"gold":107,"neow_bonus":"THREE_ENEMY_KILL","is_prod":false,"is_daily":false,"chose_seed":false,"campfire_upgraded":2,"win_rate":0,"timestamp":1550004289,"path_taken":["M","?","M","M","$","R","M","E","T","?","R","M","M","E","R","BOSS"],"build_version":"2019-02-06","purchased_purges":2,"victory":false,"max_hp_per_floor":[75,75,75,75,75,75,75,75,82,82,82,87,87,87,87,87],"card_choices":[{"not_picked":["Perfected Strike","Rampage"],"picked":"Warcry","floor":1},{"not_picked":["Heavy Blade","Flex"],"picked":"Body Slam","floor":3},{"not_picked":["Fire Breathing","Pommel Strike"],"picked":"Body Slam","floor":4},{"not_picked":["Wild Strike","Sever Soul"],"picked":"Iron Wave","floor":7},{"not_picked":["Searing Blow","Feel No Pain"],"picked":"Disarm","floor":8},{"not_picked":["Headbutt","Sword Boomerang"],"picked":"Spot Weakness","floor":12},{"not_picked":["Sentinel","Combust"],"picked":"Shockwave","floor":13},{"not_picked":["Infernal Blade","Warcry"],"picked":"Shockwave","floor":14}],"player_experience":444950,"relics_obtained":[{"floor":8,"key":"Pen Nib"},{"floor":9,"key":"Strawberry"},{"floor":14,"key":"Gremlin Horn"}],"event_choices":[{"cards_removed":["Warcry"],"damage_healed":0,"gold_gain":0,"player_choice":"Gave Card","damage_taken":0,"relics_obtained":["Regal Pillow"],"max_hp_gain":0,"max_hp_loss":0,"event_name":"WeMeetAgain","floor":2,"gold_loss":0}],"is_beta":true,"boss_relics":[],"items_purged_floors":[5,10],"is_endless":false,"potions_floor_spawned":[7,8,14],"killed_by":"Slime Boss","ascension_level":16}