{"gold_per_floor":[210,36,47,60,80,80,108,127,173,58,58,69,86,106,106,185,185,201,221,85,10,10,10,41,53,133,163,190,221,265,359,371,454,466,495,397,419,447,459,471],"floor_reached":40,"playtime":2221,"items_purged":["Strike_G"],"score":939,"play_id":"92ffa4a9-2781-48f9-924b-88f642d8a019","local_time":"20190208115941","is_ascension_mode":true,"campfire_choices":[{"data":"Skewer","floor":6.0,"key":"SMITH"},{"data":"Caltrops","floor":11,"key":"SMITH"},{"data":"Neutralize","floor":15,"key":"SMITH"},{"floor":23,"key":"REST"},{"floor":25,"key":"REST"},{"floor":32,"key":"REST"}],"neow_cost":"NONE","seed_source_timestamp":0,"circlet_count":0,"master_deck":["AscendersBane","Defend_G","Defend_G","Defend_G","Defend_G","Defend_G","Strike_G","Strike_G","Survivor","Neutralize+1","Cloak And Dagger","Crippling Poison","Poisoned Stab","Skewer+1","Quick Slash","Well Laid Plans+1","Caltrops+1","Crippling Poison","Night Terror","Adrenaline","PiercingWail","Cloak And Dagger","Deflect","Poisoned Stab+1","Well Laid Plans+1","PiercingWail","Corpse Explosion","Tools of the Trade+1","Catalyst+1","Escape Plan","Endless Agony+1","PiercingWail","Calculated Gamble","PiercingWail+1"],"special_seed":0,"relics":["Ring of the Snake","Ancient Tea Set","Anchor","Fusion Hammer","Frozen Egg 2","MawBank","Molten Egg 2","Mango","Kunai","Orrery","GremlinMask"],"potions_floor_usage":[7,7,16,16,24,24,30,30,33,38],"damage_taken":[{"damage":3.0,"enemies":"Cultist","floor":1.0,"turns":5.0},{"damage":2.0,"enemies":"Small Slimes","floor":3.0,"turns":4.0},{"damage":0.0,"enemies":"Jaw Worm","floor":4.0,"turns":4.0},{"damage":12.0,"enemies":"Gremlin Gang","floor":5.0,"turns":6.0},{"damage":7,"enemies":"Gremlin Nob","floor":7,"turns":4},{"damage":11,"enemies":"Exordium Wildlife","floor":8,"turns":4},{"damage":0,"enemies":"Large Slime","floor":12,"turns":3},{"damage":0,"enemies":"Gremlin Gang","floor":13,"turns":3},{"damage":0,"enemies":"Lots of Slimes","floor":14,"turns":4},{"damage":12,"enemies":"Hexaghost","floor":16,"turns":10},{"damage":23,"enemies":"Spheric Guardian","floor":18,"turns":7},{"damage":12,"enemies":"Shell Parasite","floor":19,"turns":7},{"damage":14,"enemies":"Gremlin Leader","floor":24,"turns":7},{"damage":1,"enemies":"Sentry and Sphere","floor":27,"turns":4},{"damage":11,"enemies":"3 Cultists","floor":28,"turns":5},{"damage":16,"enemies":"Snecko","floor":29,"turns":5},{"damage":9,"enemies":"Slavers","floor":30,"turns":6},{"damage":26,"enemies":"Automaton","floor":33,"turns":16},{"damage":6,"enemies":"Orb Walker","floor":35,"turns":4},{"damage":0,"enemies":"3 Shapes","floor":37,"turns":5},{"damage":29,"enemies":"Writhing Mass","floor":38,"turns":6},{"damage":40,"enemies":"Nemesis","floor":40,"turns":5}],"seed_played":"-1226716587473272347","potions_obtained":[{"floor":4.0,"key":"Poison Potion"},{"floor":5.0,"key":"SpeedPotion"},{"floor":12,"key":"SkillPotion"},{"floor":13,"key":"Block Potion"},{"floor":28,"key":"AttackPotion"},{"floor":29,"key":"EssenceOfSteel"},{"floor":30,"key":"GhostInAJar"},{"floor":33,"key":"GamblersBrew"},{"floor":35,"key":"LiquidBronze"}],"is_trial":false,"path_per_floor":["M","$","M","M","M","R","E","M","T","$","R","M","M","M","R","B",null,"M","M","$","?","?","R","E","R","T","M","M","M","E","T","R","B",null,"M","?","M","M","?","E"],"character_chosen":"THE_SILENT","items_purchased":["Crippling Poison","Poisoned Stab","Caltrops","Crippling Poison","GhostInAJar","Fire Potion"],"campfire_rested":3,"item_purchase_floors":[2,2,10,10,20,20],"current_hp_per_floor":[56,56,54,54,42,42,35,24,24,24,24,24,24,24,24,12,53,30,18,18,18,18,37,23,42,42,41,30,14,19,19,43,17,64,58,58,58,29,29,0],"gold":471,"neow_bonus":"HUNDRED_GOLD","is_prod":false,"is_daily":false,"chose_seed":false,"campfire_upgraded":3,"win_rate":0,"timestamp":1549623581,"path_taken":["M","$","M","M","M","R","E","M","T","$","R","M","?","M","R","BOSS","M","M","$","?","?","R","E","R","T","M","?","?","E","?","R","BOSS","M","?","?","?","?","E"],"build_version":"2019-01-23","purchased_purges":1,"victory":false,"max_hp_per_floor":[66,66,66,66,66,66,66,66,66,66,66,66,66,66,66,66,66,66,66,66,66,66,66,66,66,66,66,66,66,80,80,80,80,80,80,80,80,80,80,80],"card_choices":[{"not_picked":["Slice","Riddle With Holes"],"picked":"Cloak And Dagger","floor":1.0},{"not_picked":["Prepared","Underhanded Strike","Blade Dance"],"picked":"SKIP","floor":3.0},{"not_picked":["Riddle With Holes","Bane"],"picked":"Skewer","floor":4.0},{"not_picked":["Expertise","Cloak And Dagger"],"picked":"Quick Slash","floor":5.0},{"not_picked":["Dodge and Roll","Sucker Punch","Quick Slash"],"picked":"SKIP","floor":7},{"not_picked":["Quick Slash","Setup"],"picked":"Well Laid Plans","floor":8},{"not_picked":["Caltrops","Underhanded Strike","Flying Knee"],"picked":"SKIP","floor":12},{"not_picked":["Night Terror","Well Laid Plans","Eviscerate"],"picked":"SKIP","floor":13},{"not_picked":["Well Laid Plans","Eviscerate"],"picked":"Night Terror","floor":13},{"not_picked":["Flechettes","Blade Dance","Backstab"],"picked":"SKIP","floor":14},{"not_picked":["Doppelganger","Glass Knife"],"picked":"Adrenaline","floor":16},{"not_picked":["Backflip","Bane"],"picked":"PiercingWail","floor":18},{"not_picked":["Infinite Blades","Underhanded Strike"],"picked":"Cloak And Dagger","floor":19},{"not_picked":["Acrobatics","Slice"],"picked":"Deflect","floor":24},{"not_picked":["Flying Knee+1","Dodge and Roll"],"picked":"Poisoned Stab+1","floor":27},{"not_picked":["Bullet Time","Flying Knee+1"],"picked":"Well Laid Plans+1","floor":28},{"not_picked":["All Out Attack+1","Deadly Poison+1"],"picked":"PiercingWail","floor":29},{"not_picked":["Infinite Blades+1","Sucker Punch+1"],"picked":"Corpse Explosion","floor":30},{"not_picked":["Bullet Time","Grand Finale+1"],"picked":"Tools of the Trade+1","floor":33},{"not_picked":["Backstab+1","Underhanded Strike+1"],"picked":"Catalyst+1","floor":34},{"not_picked":["Setup","Dagger Spray+1"],"picked":"Escape Plan","floor":34},{"not_picked":["Cloak And Dagger","Escape Plan"],"picked":"Endless Agony+1","floor":34},{"not_picked":["Accuracy+1","Flying Knee+1"],"picked":"PiercingWail","floor":34},{"not_picked":["Deadly Poison+1","Sucker Punch+1"],"picked":"Calculated Gamble","floor":34},{"not_picked":["Choke+1","Heel Hook+1"],"picked":"PiercingWail+1","floor":35},{"not_picked":["Unload+1","Choke+1","Acrobatics"],"picked":"SKIP","floor":37},{"not_picked":["Sucker Punch+1","Dagger Spray+1","Deflect"],"picked":"SKIP","floor":38}],"player_experience":1949385,"relics_obtained":[{"floor":7,"key":"Ancient Tea Set"},{"floor":9,"key":"Anchor"},{"floor":22,"key":"Frozen Egg 2"},{"floor":24,"key":"MawBank"},{"floor":26,"key":"Molten Egg 2"},{"floor":30,"key":"Mango"},{"floor":31,"key":"Kunai"}],"event_choices":[{"cards_removed":["Strike_G"],"damage_healed":0,"gold_gain":0,"player_choice":"Gave Gold","damage_taken":0,"max_hp_gain":0,"max_hp_loss":0,"event_name":"Beggar","floor":21,"gold_loss":75},{"damage_healed":0,"gold_gain":0,"player_choice":"Relic","damage_taken":0,"max_hp_gain":0,"max_hp_loss":0,"event_name":"Wheel of Change","floor":22,"gold_loss":0},{"cards_removed":["Strike_G"],"damage_healed":0,"gold_gain":0,"player_choice":"Upgrade and Remove","damage_taken":0,"max_hp_gain":0,"max_hp_loss":0,"event_name":"Designer","floor":36,"gold_loss":110,"cards_upgraded":["Well Laid Plans"]},{"damage_healed":0,"gold_gain":0,"player_choice":"Trade","damage_taken":0,"relics_obtained":["GremlinMask"],"max_hp_gain":0,"max_hp_loss":0,"event_name":"FaceTrader","floor":39,"gold_loss":0}],"is_beta":false,"boss_relics":[{"not_picked":["Tiny House","White Beast Statue"],"picked":"Fusion Hammer"},{"not_picked":["Ring of the Serpent","Coffee Dripper"],"picked":"Orrery"}],"items_purged_floors":[2],"is_endless":false,"potions_floor_spawned":[4,5,12,13,14,28,29,30,33,35,37],"killed_by":"Nemesis","ascension_level":20}