{"path_per_floor":["M","$","M","M","?","E","R","?","T","M","M","R","M","M","R","B",null,"M","?","$","?","M","R","$","E","T","R","M","M","E","$","R"],"character_chosen":"THE_SILENT","items_purchased":["Terror","Noxious Fumes","Underhanded Strike"],"gold_per_floor":[113,37,52,71,26,55,55,55,55,67,80,80,93,106,106,204,204,216,139,70,70,86,86,33,63,63,63,76,86,114,39,39,39],"floor_reached":33,"campfire_rested":6,"playtime":3500,"item_purchase_floors":[2,20,24],"current_hp_per_floor":[65,65,58,48,48,43,64,50,50,48,38,59,46,49,70,46,70,50,50,50,50,34,55,55,18,18,39,41,38,30,30,51,0],"items_purged":["Strike_G"],"gold":39,"score":312,"play_id":"38b95530-d62f-4455-af00-f692a4122a36","local_time":"20180601105517","is_prod":false,"is_daily":false,"chose_seed":false,"is_ascension_mode":false,"campfire_upgraded":0,"win_rate":0.0,"timestamp":1527864917,"campfire_choices":[{"floor":7,"key":"REST"},{"floor":12,"key":"REST"},{"floor":15,"key":"REST"},{"floor":23,"key":"REST"},{"floor":27,"key":"REST"},{"floor":32,"key":"REST"}],"path_taken":["M","$","M","M","?","E","R","?","T","M","M","R","M","M","R","BOSS","M","?","$","?","M","R","?","E","T","R","?","?","E","$","R","BOSS"],"build_version":"2018-05-31","seed_source_timestamp":57546315525604,"purchased_purges":1,"victory":false,"master_deck":["Defend_G","Defend_G+1","Defend_G","Defend_G","Defend_G","Strike_G","Strike_G","Strike_G","Strike_G","Survivor+1","Neutralize","Venomology","Underhanded Strike","Terror","Underhanded Strike","Tools of the Trade","Eviscerate","Caltrops","Outmaneuver","Leg Sweep","Cloak And Dagger","Tools of the Trade","Skewer+1","J.A.X.","Noxious Fumes","Caltrops","Underhanded Strike","Acrobatics","Die Die Die","Underhanded Strike","Infinite Blades+1"],"max_hp_per_floor":[70,70,70,70,70,70,70,70,70,70,70,70,70,70,70,70,70,70,70,70,70,70,70,70,70,70,70,70,70,70,70,70,70],"relics":["Ring of the Snake","Gambling Chip","Peace Pipe","Black Star","Bag of Preparation","Lantern","Du-Vu Doll","Vajra","Bag of Marbles"],"card_choices":[{"not_picked":["Deflect","Sucker Punch"],"picked":"Underhanded Strike","floor":1},{"not_picked":["Flying Knee","PiercingWail"],"picked":"Underhanded Strike","floor":3},{"not_picked":["Poisoned Stab","Leg Sweep"],"picked":"Tools of the Trade","floor":4},{"not_picked":["Outmaneuver","Dagger Throw"],"picked":"Eviscerate","floor":6},{"not_picked":["Slice","Deadly Poison"],"picked":"Caltrops","floor":10},{"not_picked":["Dagger Throw","Bane"],"picked":"Outmaneuver","floor":11},{"not_picked":["Poisoned Stab","Dodge and Roll"],"picked":"Leg Sweep","floor":13},{"not_picked":["Poisoned Stab","Deflect"],"picked":"Cloak And Dagger","floor":14},{"not_picked":["Envenom","Storm of Steel"],"picked":"Tools of the Trade","floor":16},{"not_picked":["Deflect","Slice"],"picked":"Skewer+1","floor":18},{"not_picked":["Dagger Throw","Deflect"],"picked":"Caltrops","floor":22},{"not_picked":["Concentrate+1","Prepared"],"picked":"Acrobatics","floor":25},{"not_picked":["Poisoned Stab","Dagger Throw"],"picked":"Die Die Die","floor":28},{"not_picked":["Bane+1","PiercingWail"],"picked":"Underhanded Strike","floor":29},{"not_picked":["Cloak And Dagger","Accuracy"],"picked":"Infinite Blades+1","floor":30}],"player_experience":243340,"potions_floor_usage":[1,6,6,6,6,11,13,14,14,14,18,18,25,28,28,29,29,30,30,30,33],"damage_taken":[{"damage":5,"enemies":"Small Slimes","floor":1,"turns":3},{"damage":7,"enemies":"Jaw Worm","floor":3,"turns":5},{"damage":10,"enemies":"Cultist","floor":4,"turns":4},{"damage":5,"enemies":"Lagavulin","floor":6,"turns":5},{"damage":2,"enemies":"Looter","floor":10,"turns":4},{"damage":10,"enemies":"2 Fungi Beasts","floor":11,"turns":3},{"damage":13,"enemies":"Lots of Slimes","floor":13,"turns":4},{"damage":11,"enemies":"Exordium Wildlife","floor":14,"turns":5},{"damage":24,"enemies":"The Guardian","floor":16,"turns":13},{"damage":20,"enemies":"3 Byrds","floor":18,"turns":6},{"damage":16,"enemies":"Chosen","floor":22,"turns":4},{"damage":37,"enemies":"Gremlin Leader","floor":25,"turns":8},{"damage":13,"enemies":"Centurion and Healer","floor":28,"turns":7},{"damage":3,"enemies":"Snecko","floor":29,"turns":4},{"damage":8,"enemies":"Book of Stabbing","floor":30,"turns":5},{"damage":60,"enemies":"Automaton","floor":33,"turns":6}],"relics_obtained":[{"floor":6,"key":"Gambling Chip"},{"floor":9,"key":"Peace Pipe"},{"floor":25,"key":"Bag of Preparation"},{"floor":25,"key":"Lantern"},{"floor":26,"key":"Du-Vu Doll"},{"floor":30,"key":"Vajra"},{"floor":30,"key":"Bag of Marbles"}],"event_choices":[{"event_name":"World of Goop","player_choice":"Left","floor":5,"damage_taken":0},{"event_name":"Shining Light","player_choice":"Entered Light","floor":8,"damage_taken":0},{"event_name":"Drug Dealer","player_choice":"Got JAXXED","floor":19,"damage_taken":0},{"event_name":"Ghosts","player_choice":"Ignored","floor":21,"damage_taken":0}],"boss_relics":[{"not_picked":["Pandora\u0027s Box","White Beast Statue"],"picked":"Black Star"}],"items_purged_floors":[31],"potions_floor_spawned":[4,13,14,16,22,25,30],"seed_played":"-4494204001291280086","killed_by":"Automaton","ascension_level":0,"potions_obtained":[{"floor":4,"key":"Explosive Potion"},{"floor":13,"key":"Regen Potion"},{"floor":14,"key":"GamblersBrew"},{"floor":16,"key":"Explosive Potion"},{"floor":22,"key":"Explosive Potion"},{"floor":25,"key":"Regen Potion"},{"floor":30,"key":"SteroidPotion"}],"is_trial":false}