{"gold_per_floor":[115,2,15,35,49,49,81,81,81,81,93,112,127,227,227,324,374,374,374,374,374],"floor_reached":21,"playtime":1537,"items_purged":[],"score":260,"play_id":"728459b1-a5e5-47f6-8498-8bb0f2526e2f","local_time":"20180802144158","is_ascension_mode":true,"campfire_choices":[{"floor":6,"key":"REST"},{"data":"Neutralize","floor":8,"key":"SMITH"},{"floor":15,"key":"REST"}],"neow_cost":"NONE","seed_source_timestamp":679988277366078,"circlet_count":0,"master_deck":["Defend_G","Defend_G","Defend_G","Defend_G","Defend_G","Survivor+1","Neutralize+1","Cloak And Dagger","Footwork","PiercingWail","Burst","Blur","Heel Hook","Infinite Blades","Riddle With Holes","Envenom","Cloak And Dagger","Bite","Bite","Bite","Bite","Bite"],"relics":["Philosopher\u0027s Stone","Pantograph","Tiny House","NlothsMask"],"potions_floor_usage":[7,7,16,18,18],"damage_taken":[{"damage":0,"enemies":"Small Slimes","floor":1,"turns":3},{"damage":0,"enemies":"Cultist","floor":3,"turns":4},{"damage":1,"enemies":"Jaw Worm","floor":4,"turns":4},{"damage":13,"enemies":"Exordium Wildlife","floor":5,"turns":10},{"damage":22,"enemies":"3 Sentries","floor":7,"turns":12},{"damage":0,"enemies":"Red Slaver","floor":11,"turns":6},{"damage":1,"enemies":"2 Fungi Beasts","floor":12,"turns":5},{"damage":13,"enemies":"Blue Slaver","floor":13,"turns":4},{"damage":36,"enemies":"Hexaghost","floor":16,"turns":14},{"damage":0,"enemies":"2 Thieves","floor":18,"turns":1},{"damage":77,"enemies":"3 Byrds","floor":21,"turns":5}],"seed_played":"1054972199453986201","potions_obtained":[{"floor":1,"key":"LiquidBronze"},{"floor":3,"key":"Swift Potion"},{"floor":4,"key":"SneckoOil"},{"floor":13,"key":"LiquidBronze"},{"floor":16,"key":"Swift Potion"},{"floor":17,"key":"SmokeBomb"}],"is_trial":false,"path_per_floor":["M","$","M","M","M","R","E","R","T","?","M","M","M","?","R","B",null,"M","?","?"],"character_chosen":"THE_SILENT","items_purchased":["Footwork","PiercingWail"],"campfire_rested":2,"item_purchase_floors":[2,2],"current_hp_per_floor":[63,63,63,62,49,70,48,48,48,48,50,51,40,40,61,34,66,68,68,68,0],"gold":374,"neow_bonus":"BOSS_RELIC","is_prod":false,"is_daily":false,"chose_seed":false,"campfire_upgraded":1,"win_rate":0,"timestamp":1533235318,"path_taken":["M","$","M","M","M","R","E","R","T","?","M","?","?","?","R","BOSS","M","?","?","M"],"build_version":"2018-07-26","purchased_purges":0,"victory":false,"max_hp_per_floor":[70,70,70,70,70,70,70,70,70,70,70,70,70,70,70,70,75,75,75,75,75],"card_choices":[{"not_picked":["Skewer","Quick Slash"],"picked":"Cloak And Dagger","floor":1},{"not_picked":["Quick Slash","Acrobatics","Outmaneuver"],"picked":"SKIP","floor":3},{"not_picked":["Setup","Sucker Punch"],"picked":"Burst","floor":4},{"not_picked":["Bane","Dodge and Roll"],"picked":"Blur","floor":5},{"not_picked":["Prepared","Flying Knee"],"picked":"Heel Hook","floor":7},{"not_picked":["Dash","Distraction"],"picked":"Infinite Blades","floor":11},{"not_picked":["Sucker Punch","Quick Slash"],"picked":"Riddle With Holes","floor":12},{"not_picked":["Flying Knee","Bane","Underhanded Strike"],"picked":"SKIP","floor":13},{"not_picked":["Die Die Die","Wraith Form v2"],"picked":"Envenom","floor":16},{"not_picked":["Poisoned Stab","Quick Slash"],"picked":"Cloak And Dagger","floor":17}],"player_experience":1401086,"relics_obtained":[{"floor":7,"key":"Blood Vial"},{"floor":9,"key":"Pantograph"}],"event_choices":[{"event_name":"Shining Light","player_choice":"Ignored","floor":10,"damage_taken":0},{"event_name":"Golden Shrine","player_choice":"Pray","floor":14,"damage_taken":0},{"event_name":"FaceTrader","player_choice":"Trade","floor":19,"damage_taken":0},{"event_name":"Vampires","player_choice":"Became a vampire (Vial)","floor":20,"damage_taken":0}],"is_beta":false,"boss_relics":[{"not_picked":["Snecko Eye","Coffee Dripper"],"picked":"Tiny House"}],"items_purged_floors":[],"is_endless":false,"potions_floor_spawned":[1,3,4,13,16,18],"killed_by":"3 Byrds","ascension_level":6}