{"gold_per_floor":[112,112,130,41,56,90,90,118,118,118,43,43,71,21,21,123,123,136,136,226,91,103,103,119,129,154,181,181,208,208],"floor_reached":30,"playtime":1449,"items_purged":["Strike_R","Strike_R"],"score":244,"play_id":"3fdd26d2-7527-45b4-ad19-43f48d422d8b","local_time":"20181213120816","is_ascension_mode":false,"campfire_choices":[{"data":"Bash","floor":7.0,"key":"SMITH"},{"floor":10.0,"key":"REST"},{"floor":15.0,"key":"REST"},{"floor":23.0,"key":"REST"},{"floor":28,"key":"REST"}],"neow_cost":"NONE","seed_source_timestamp":58514260910718,"circlet_count":0,"master_deck":["Strike_R","Strike_R","Defend_R","Defend_R","Defend_R","Defend_R","Bash+1","Dropkick","Bash","Burning Pact","Flash of Steel","Armaments","Rage","Juggernaut","Metallicize","Thunderclap"],"special_seed":0,"relics":["Burning Blood","NeowsBlessing","Ornamental Fan","Singing Bowl","Shuriken","The Courier","Runic Pyramid","Pen Nib","Red Mask"],"potions_floor_usage":[25,27,30],"damage_taken":[{"damage":0.0,"enemies":"2 Louse","floor":1.0,"turns":1.0},{"damage":0.0,"enemies":"Cultist","floor":3.0,"turns":1.0},{"damage":0.0,"enemies":"Small Slimes","floor":5.0,"turns":1.0},{"damage":34.0,"enemies":"Gremlin Nob","floor":6.0,"turns":5.0},{"damage":13.0,"enemies":"Lagavulin","floor":8.0,"turns":6.0},{"damage":30.0,"enemies":"3 Sentries","floor":13.0,"turns":9.0},{"damage":76.0,"enemies":"Slime Boss","floor":16.0,"turns":14.0},{"damage":22.0,"enemies":"Shell Parasite","floor":18.0,"turns":6.0},{"damage":21.0,"enemies":"2 Thieves","floor":22.0,"turns":4.0},{"damage":10.0,"enemies":"Centurion and Healer","floor":24.0,"turns":5.0},{"damage":23,"enemies":"Snake Plant","floor":25,"turns":4},{"damage":38,"enemies":"Masked Bandits","floor":27,"turns":5},{"damage":47,"enemies":"Book of Stabbing","floor":30,"turns":5}],"seed_played":"-8374901525644825135","potions_obtained":[{"floor":1.0,"key":"BloodPotion"},{"floor":6.0,"key":"PowerPotion"},{"floor":16.0,"key":"Dexterity Potion"},{"floor":24.0,"key":"AttackPotion"},{"floor":27,"key":"PowerPotion"}],"is_trial":false,"path_per_floor":["M","?","M","$","M","E","R","E","T","R","$","?","E","?","R","B",null,"M","?","?","$","M","R","M","M","T","?","R","T","E"],"character_chosen":"IRONCLAD","items_purchased":["Flash of Steel","Metallicize"],"campfire_rested":4,"item_purchase_floors":[4,21],"current_hp_per_floor":[80,80,80,80,80,60,60,55,55,79,79,79,57,57,82,12,84,70,70,54,54,39,64,62,47,47,17,44,44,0],"gold":208,"neow_bonus":"THREE_ENEMY_KILL","is_prod":false,"is_daily":false,"chose_seed":false,"campfire_upgraded":1,"win_rate":0,"timestamp":1544720896,"path_taken":["M","?","?","$","M","E","R","E","T","R","?","?","E","?","R","BOSS","M","?","?","$","M","R","M","?","T","?","R","?","E"],"build_version":"2018-12-06","purchased_purges":2,"victory":false,"max_hp_per_floor":[80,80,80,80,80,80,80,82,82,82,82,82,84,84,84,84,84,86,86,86,86,86,86,88,90,90,92,92,92,92],"card_choices":[{"not_picked":["Perfected Strike","Shrug It Off"],"picked":"Dropkick","floor":1.0},{"not_picked":["Searing Blow","Whirlwind"],"picked":"Burning Pact","floor":3.0},{"not_picked":["Fire Breathing","Entrench"],"picked":"Armaments","floor":5.0},{"not_picked":["Wild Strike","Anger"],"picked":"Rage","floor":6.0},{"not_picked":["Dual Wield","Clash","Body Slam"],"picked":"Singing Bowl","floor":8.0},{"not_picked":["Inflame","Armaments","Sword Boomerang"],"picked":"Singing Bowl","floor":13.0},{"not_picked":["Barricade","Offering"],"picked":"Juggernaut","floor":16.0},{"not_picked":["Second Wind","Power Through","Iron Wave"],"picked":"Singing Bowl","floor":18.0},{"not_picked":["Rage","Hemokinesis"],"picked":"Thunderclap","floor":22.0},{"not_picked":["Anger","Bloodletting","Twin Strike+1"],"picked":"Singing Bowl","floor":24.0},{"not_picked":["Reckless Charge","Pommel Strike","Flame Barrier"],"picked":"Singing Bowl","floor":25},{"not_picked":["Armaments","Rampage+1","Sword Boomerang+1"],"picked":"Singing Bowl","floor":27}],"player_experience":1885804,"relics_obtained":[{"floor":6.0,"key":"Ornamental Fan"},{"floor":8.0,"key":"Singing Bowl"},{"floor":9.0,"key":"Shuriken"},{"floor":13.0,"key":"The Courier"},{"floor":26,"key":"Pen Nib"},{"floor":27,"key":"Red Mask"}],"event_choices":[{"damage_healed":0.0,"max_hp_gain":0.0,"max_hp_loss":0.0,"gold_gain":0.0,"event_name":"Match and Keep!","player_choice":"1 cards matched","floor":2.0,"gold_loss":0.0,"damage_taken":0.0,"cards_obtained":["Bash"]},{"damage_healed":0.0,"max_hp_gain":0.0,"max_hp_loss":0.0,"gold_gain":0.0,"event_name":"Golden Idol","player_choice":"Ignored","floor":12.0,"gold_loss":0.0,"damage_taken":0.0},{"cards_removed":["Strike_R"],"damage_healed":0.0,"max_hp_gain":0.0,"max_hp_loss":0.0,"gold_gain":0.0,"event_name":"The Cleric","player_choice":"Card Removal","floor":14.0,"gold_loss":50.0,"damage_taken":0.0},{"damage_healed":0.0,"max_hp_gain":0.0,"max_hp_loss":0.0,"gold_gain":0.0,"event_name":"Vampires","player_choice":"Ignored","floor":19.0,"gold_loss":0.0,"damage_taken":0.0},{"damage_healed":0.0,"max_hp_gain":0.0,"max_hp_loss":0.0,"gold_gain":90.0,"event_name":"Knowing Skull","player_choice":"GOLD ","floor":20.0,"potions_obtained":[],"gold_loss":0.0,"damage_taken":16.0,"cards_obtained":[]},{"damage_healed":0,"gold_gain":0,"player_choice":"Fought Bandits","damage_taken":0,"max_hp_gain":0,"max_hp_loss":0,"event_name":"Masked Bandits","floor":27,"gold_loss":0}],"is_beta":false,"boss_relics":[{"not_picked":["Snecko Eye","Velvet Choker"],"picked":"Runic Pyramid"}],"items_purged_floors":[11,21],"is_endless":false,"potions_floor_spawned":[1,6,16,24,27],"killed_by":"Book of Stabbing","ascension_level":0}