{"path_per_floor":["M","$","?","$","M","E","R","M","T","M","R","?","M","M","R","B",null,"M","$","?","?","M","R","$","M","T","M","$","R","M","M","R"],"character_chosen":"IRONCLAD","items_purchased":["Fire Breathing","Ornamental Fan"],"gold_per_floor":[119,51,1,1,14,45,45,65,119,131,131,131,143,162,162,259,259,271,13,13,113,123,123,48,66,112,125,25,25,44,60,60,60],"floor_reached":33,"campfire_rested":5,"playtime":922,"item_purchase_floors":[2,19],"current_hp_per_floor":[80,80,80,80,76,18,42,48,48,56,80,80,75,62,80,24,80,71,71,71,71,80,80,80,63,63,66,66,83,77,69,86,0],"items_purged":["Strike_R","Clumsy"],"gold":60,"score":249,"play_id":"a95e9162-835b-4906-9462-ccd83df43b65","local_time":"20180621204326","is_prod":false,"is_daily":false,"chose_seed":false,"is_ascension_mode":false,"campfire_upgraded":1,"win_rate":0,"timestamp":1529631806,"campfire_choices":[{"floor":7,"key":"REST"},{"floor":11,"key":"REST"},{"floor":15,"key":"REST"},{"data":"Infernal Blade","floor":23,"key":"SMITH"},{"floor":29,"key":"REST"},{"floor":32,"key":"REST"}],"path_taken":["M","$","?","?","?","E","R","M","T","M","R","?","M","M","R","BOSS","M","$","?","?","M","R","$","?","T","M","$","R","M","M","R","BOSS"],"build_version":"2018-06-21","seed_source_timestamp":696017773284554,"purchased_purges":2,"circlet_count":0,"victory":false,"master_deck":["Strike_R","Strike_R","Strike_R","Defend_R","Defend_R","Defend_R","Defend_R","Bash","Brutality","Anger","Fire Breathing","Anger","Wild Strike","Hemokinesis","Infernal Blade+1","Pommel Strike","Feed","Iron Wave+1","Bandage Up","Whirlwind"],"max_hp_per_floor":[80,80,80,80,80,80,80,80,80,80,80,80,80,80,80,80,80,80,80,80,80,80,80,80,80,80,83,83,83,86,86,86,86],"relics":["Burning Blood","Vajra","Blood Vial","Shuriken","Cursed Key","Ornamental Fan","Oddly Smooth Stone"],"card_choices":[{"not_picked":["Iron Wave","Uppercut"],"picked":"Anger","floor":1},{"not_picked":["Bloodletting","Flame Barrier"],"picked":"Anger","floor":5},{"not_picked":["Corruption","Havoc"],"picked":"Wild Strike","floor":6},{"not_picked":["Sentinel","Havoc"],"picked":"Hemokinesis","floor":8},{"not_picked":["Fire Breathing","Body Slam"],"picked":"Infernal Blade","floor":10},{"not_picked":["Dropkick","Evolve","Sword Boomerang"],"picked":"SKIP","floor":13},{"not_picked":["Blood for Blood","Intimidate"],"picked":"Pommel Strike","floor":14},{"not_picked":["Offering","Double Tap"],"picked":"Feed","floor":16},{"not_picked":["Wild Strike","Body Slam"],"picked":"Iron Wave+1","floor":18},{"not_picked":["Havoc","Anger"],"picked":"Whirlwind","floor":22},{"not_picked":["Sever Soul","Clash","Dropkick+1"],"picked":"SKIP","floor":25},{"not_picked":["Clothesline+1","Headbutt+1","Seeing Red"],"picked":"SKIP","floor":27},{"not_picked":["Wild Strike","Heavy Blade","Warcry+1"],"picked":"SKIP","floor":30},{"not_picked":["Dark Embrace","Reckless Charge","Headbutt"],"picked":"SKIP","floor":31}],"player_experience":254356,"potions_floor_usage":[6,10,16,18,25,33],"damage_taken":[{"damage":6,"enemies":"Jaw Worm","floor":1,"turns":3},{"damage":10,"enemies":"Small Slimes","floor":5,"turns":3},{"damage":64,"enemies":"Lagavulin","floor":6,"turns":7},{"damage":0,"enemies":"Cultist","floor":8,"turns":2},{"damage":8,"enemies":"Exordium Thugs","floor":10,"turns":3},{"damage":11,"enemies":"Lots of Slimes","floor":13,"turns":2},{"damage":21,"enemies":"Exordium Wildlife","floor":14,"turns":3},{"damage":62,"enemies":"Hexaghost","floor":16,"turns":7},{"damage":15,"enemies":"2 Thieves","floor":18,"turns":3},{"damage":2,"enemies":"3 Byrds","floor":22,"turns":4},{"damage":23,"enemies":"Centurion and Healer","floor":25,"turns":5},{"damage":12,"enemies":"Cultist and Chosen","floor":27,"turns":5},{"damage":15,"enemies":"3 Cultists","floor":30,"turns":4},{"damage":20,"enemies":"Centurion and Healer","floor":31,"turns":4},{"damage":110,"enemies":"Collector","floor":33,"turns":7}],"relics_obtained":[{"floor":6,"key":"Vajra"},{"floor":9,"key":"Blood Vial"},{"floor":26,"key":"Oddly Smooth Stone"}],"event_choices":[{"event_name":"The Cleric","player_choice":"Card Removal","floor":3,"damage_taken":0},{"event_name":"Dead Adventurer","player_choice":"Searched \u00272\u0027 times","floor":12,"damage_taken":0},{"event_name":"Match and Keep!","player_choice":"1 cards matched","floor":20,"damage_taken":0},{"event_name":"Golden Shrine","player_choice":"Pray","floor":21,"damage_taken":0}],"boss_relics":[{"not_picked":["Orrery","Philosopher\u0027s Stone"],"picked":"Cursed Key"}],"items_purged_floors":[24,28],"is_endless":false,"potions_floor_spawned":[5,8,13,16,22,31],"seed_played":"-5264428336679439096","killed_by":"Collector","ascension_level":0,"potions_obtained":[{"floor":5,"key":"SneckoOil"},{"floor":8,"key":"BloodPotion"},{"floor":13,"key":"Strength Potion"},{"floor":16,"key":"Explosive Potion"},{"floor":22,"key":"Dexterity Potion"},{"floor":31,"key":"Explosive Potion"}],"is_trial":false}