{"gold_per_floor":[114,114,114,132,152,181,181,207,232,82,82],"floor_reached":11,"playtime":496,"items_purged":[],"score":117,"play_id":"a676629f-719e-4752-ab8b-a202b9c1afc4","local_time":"20180802161606","is_ascension_mode":true,"campfire_choices":[{"data":"Neutralize","floor":7,"key":"SMITH"}],"neow_cost":"NONE","seed_source_timestamp":569084605405915,"circlet_count":0,"master_deck":["Defend_G","Defend_G","Defend_G","Defend_G","Defend_G","Strike_G","Strike_G","Strike_G","Strike_G","Survivor","Neutralize+1","Dagger Spray","All Out Attack","Dodge and Roll","Leg Sweep"],"relics":["Ring of the Snake","Happy Flower","Bag of Preparation","Art of War","Dream Catcher"],"potions_floor_usage":[6,8],"damage_taken":[{"damage":1,"enemies":"Small Slimes","floor":1,"turns":6},{"damage":3,"enemies":"Jaw Worm","floor":4,"turns":6},{"damage":0,"enemies":"Cultist","floor":5,"turns":4},{"damage":47,"enemies":"Lagavulin","floor":6,"turns":9},{"damage":5,"enemies":"3 Sentries","floor":8,"turns":5},{"damage":10,"enemies":"Lagavulin","floor":11,"turns":3}],"seed_played":"-7553792517891299438","potions_obtained":[{"floor":1,"key":"GhostInAJar"},{"floor":5,"key":"Explosive Potion"}],"is_trial":false,"path_per_floor":["M","?","?","M","M","E","R","E","T","$"],"character_chosen":"THE_SILENT","items_purchased":["Dream Catcher"],"campfire_rested":0,"item_purchase_floors":[10],"current_hp_per_floor":[69,69,62,59,59,12,12,7,7,7,0],"gold":82,"neow_bonus":"TEN_PERCENT_HP_BONUS","is_prod":false,"is_daily":false,"chose_seed":false,"campfire_upgraded":1,"win_rate":0,"timestamp":1533244566,"path_taken":["M","?","?","M","M","E","R","E","T","$","E"],"build_version":"2018-08-01","purchased_purges":0,"victory":false,"max_hp_per_floor":[77,77,77,77,77,77,77,77,77,77,77],"card_choices":[{"not_picked":["Infinite Blades","Flying Knee"],"picked":"Dagger Spray","floor":1},{"not_picked":["Underhanded Strike","Calculated Gamble","Quick Slash"],"picked":"SKIP","floor":4},{"not_picked":["Blur","Dagger Spray"],"picked":"All Out Attack","floor":5},{"not_picked":["Expertise","Calculated Gamble"],"picked":"Dodge and Roll","floor":6},{"not_picked":["Poisoned Stab","Deflect"],"picked":"Leg Sweep","floor":8}],"player_experience":326991,"relics_obtained":[{"floor":6,"key":"Happy Flower"},{"floor":8,"key":"Bag of Preparation"},{"floor":9,"key":"Art of War"}],"event_choices":[{"event_name":"Shining Light","player_choice":"Ignored","floor":2,"damage_taken":0},{"event_name":"Golden Wing","player_choice":"Card Removal","floor":3,"damage_taken":0}],"is_beta":true,"boss_relics":[],"items_purged_floors":[],"is_endless":false,"potions_floor_spawned":[1,5],"killed_by":"Lagavulin","ascension_level":9}