{"gold_per_floor":[117,117,2,12,24,49,49,49,97,97,107,107,141,60,60,163,163,175,175,187,187,187,187,198,198,222,238,251,31,51,51],"floor_reached":31,"playtime":1239,"items_purged":["Strike_B","Strike_B"],"score":370,"play_id":"ea78a125-a79b-4f7e-999a-e8c7af42fb48","local_time":"20180715140053","is_ascension_mode":false,"campfire_choices":[{"floor":8,"key":"REST"},{"data":"Static Discharge","floor":10,"key":"SMITH"},{"floor":12,"key":"REST"},{"floor":15,"key":"REST"},{"data":"Static Discharge","floor":23,"key":"SMITH"},{"floor":25,"key":"REST"}],"neow_cost":"","seed_source_timestamp":0,"circlet_count":0,"master_deck":["Strike_B","Strike_B","Defend_B","Defend_B+1","Defend_B+1","Defend_B","Zap+1","Dualcast","Static Discharge+1","Loop","Barrage","Cold Snap","Static Discharge+1","Heatsinks","Self Repair","Thunder Strike+1","Leap","Reinforced Body","Static Discharge","Core Surge+1","Defragment","Static Discharge","Hologram","Leap+1"],"relics":["Cracked Core","Vajra","Anchor","Centennial Puzzle","Molten Egg 2","Inserter","War Paint"],"potions_floor_usage":[13,16,18],"damage_taken":[{"damage":4,"enemies":"2 Louse","floor":1,"turns":2},{"damage":6,"enemies":"Jaw Worm","floor":4,"turns":3},{"damage":5,"enemies":"Small Slimes","floor":5,"turns":3},{"damage":12,"enemies":"3 Sentries","floor":6,"turns":4},{"damage":4,"enemies":"Exordium Wildlife","floor":11,"turns":3},{"damage":14,"enemies":"Lagavulin","floor":13,"turns":4},{"damage":45,"enemies":"Hexaghost","floor":16,"turns":7},{"damage":20,"enemies":"Spheric Guardian","floor":18,"turns":4},{"damage":9,"enemies":"3 Byrds","floor":20,"turns":3},{"damage":34,"enemies":"Cultist and Chosen","floor":24,"turns":5},{"damage":23,"enemies":"Snake Plant","floor":27,"turns":3},{"damage":19,"enemies":"Chosen and Byrds","floor":28,"turns":5},{"damage":29,"enemies":"Cultist and Chosen","floor":30,"turns":4},{"damage":14,"enemies":"3 Cultists","floor":31,"turns":3}],"seed_played":"-1930564841485581475","potions_obtained":[{"floor":1,"key":"Strength Potion"},{"floor":4,"key":"Weak Potion"},{"floor":16,"key":"PowerPotion"},{"floor":24,"key":"FairyPotion"},{"floor":27,"key":"SteroidPotion"},{"floor":30,"key":"FearPotion"}],"is_trial":true,"path_per_floor":["M","?","$","M","M","E","?","R","T","R","M","R","E","$","R","B",null,"M","?","M","?","?","R","M","R","T","M","M","$","M"],"character_chosen":"DEFECT","items_purchased":["Loop","Self Repair","Static Discharge","Hologram"],"campfire_rested":4,"item_purchase_floors":[3,14,29,29],"current_hp_per_floor":[71,71,71,65,60,48,41,63,63,63,59,75,61,61,75,37,75,62,62,60,60,60,60,33,55,55,39,27,27,14,0],"gold":51,"neow_bonus":"","is_prod":false,"is_daily":false,"chose_seed":false,"campfire_upgraded":2,"win_rate":0,"timestamp":1531677653,"path_taken":["M","?","$","M","M","E","?","R","T","R","?","R","E","$","R","BOSS","M","?","M","?","?","R","M","R","T","M","M","$","?","M"],"build_version":"2018-07-12","purchased_purges":2,"victory":false,"max_hp_per_floor":[75,75,75,75,75,75,75,75,75,75,75,75,75,75,75,75,75,75,75,75,75,75,75,75,75,75,75,75,75,75,75],"card_choices":[{"not_picked":["Rebound","Turbo"],"picked":"Static Discharge","floor":1},{"not_picked":["Stack","Beam Cell"],"picked":"Barrage","floor":4},{"not_picked":["Barrage","Hello World"],"picked":"Cold Snap","floor":5},{"not_picked":["Tempest","Turbo"],"picked":"Static Discharge","floor":6},{"not_picked":["Reinforced Body","Turbo"],"picked":"Heatsinks","floor":11},{"not_picked":["Conserve Battery","Amplify","Rebound"],"picked":"SKIP","floor":13},{"not_picked":["Creative AI","All For One+1"],"picked":"Thunder Strike+1","floor":16},{"not_picked":["FTL+1","Sweeping Beam+1"],"picked":"Leap","floor":18},{"not_picked":["Streamline+1","Beam Cell+1"],"picked":"Reinforced Body","floor":20},{"not_picked":["Sweeping Beam+1","Cold Snap+1"],"picked":"Core Surge+1","floor":24},{"not_picked":["BootSequence","Genetic Algorithm+1"],"picked":"Defragment","floor":27},{"not_picked":["Go for the Eyes+1","Streamline+1","White Noise"],"picked":"SKIP","floor":28},{"not_picked":["Hello World","Turbo+1"],"picked":"Leap+1","floor":30}],"player_experience":1117008,"relics_obtained":[{"floor":6,"key":"Vajra"},{"floor":9,"key":"Centennial Puzzle"},{"floor":13,"key":"Molten Egg 2"},{"floor":26,"key":"War Paint"}],"event_choices":[{"event_name":"Living Wall","player_choice":"Grow","floor":2,"damage_taken":0},{"event_name":"Scrap Ooze","player_choice":"success","floor":7,"damage_taken":7},{"event_name":"Ghosts","player_choice":"Ignored","floor":19,"damage_taken":0},{"event_name":"Drug Dealer","player_choice":"Ignored","floor":21,"damage_taken":0},{"event_name":"The Library","player_choice":"Read","floor":22,"damage_taken":0}],"boss_relics":[{"not_picked":["Nuclear Battery","Sozu"],"picked":"Inserter"}],"items_purged_floors":[3,29],"is_endless":true,"potions_floor_spawned":[1,4,16,24,27,30],"killed_by":"3 Cultists","ascension_level":0}