{"gold_per_floor":[215,230,9,26,101,101,165,165,165,179,192,208,225,237,237,316,316,316],"floor_reached":18,"playtime":703,"items_purged":[],"score":289,"play_id":"4e0860ee-3ddd-44f4-bb5e-0348908c9201","local_time":"20190204165543","is_ascension_mode":true,"campfire_choices":[{"data":"Bash","floor":6,"key":"SMITH"},{"data":"Juggernaut","floor":15,"key":"SMITH"}],"neow_cost":"NONE","seed_source_timestamp":96042132325331,"circlet_count":0,"master_deck":["AscendersBane","Strike_R","Strike_R","Strike_R","Strike_R","Strike_R","Defend_R","Defend_R","Defend_R","Defend_R","Bash+1","Iron Wave","Anger","Disarm","Iron Wave","True Grit","Thunderclap","Juggernaut+1","Blood for Blood","Sword Boomerang","Barricade"],"relics":["Burning Blood","OrangePellets","Oddly Smooth Stone","Dodecahedron","Eternal Feather"],"potions_floor_usage":[4,7,14,16],"damage_taken":[{"damage":10,"enemies":"Small Slimes","floor":1,"turns":4},{"damage":8,"enemies":"2 Louse","floor":2,"turns":3},{"damage":2,"enemies":"Jaw Worm","floor":4,"turns":2},{"damage":30,"enemies":"3 Sentries","floor":7,"turns":10},{"damage":5,"enemies":"Exordium Wildlife","floor":10,"turns":4},{"damage":18,"enemies":"3 Louse","floor":11,"turns":4},{"damage":3,"enemies":"Exordium Thugs","floor":12,"turns":4},{"damage":10,"enemies":"2 Fungi Beasts","floor":13,"turns":5},{"damage":9,"enemies":"Blue Slaver","floor":14,"turns":2},{"damage":30,"enemies":"The Guardian","floor":16,"turns":11},{"damage":75,"enemies":"3 Byrds","floor":18,"turns":5}],"seed_played":"5737511536722387315","potions_obtained":[{"floor":2,"key":"AttackPotion"},{"floor":4,"key":"Energy Potion"},{"floor":10,"key":"EssenceOfSteel"},{"floor":12,"key":"SkillPotion"},{"floor":13,"key":"AttackPotion"}],"is_trial":false,"path_per_floor":["M","M","$","M","?","R","?","?","T","M","M","M","M","M","R","B",null,"M"],"character_chosen":"IRONCLAD","items_purchased":["OrangePellets"],"campfire_rested":0,"item_purchase_floors":[3],"current_hp_per_floor":[64,62,62,66,55,55,31,56,56,57,45,48,44,41,41,17,61,0],"gold":316,"neow_bonus":"HUNDRED_GOLD","is_prod":false,"is_daily":false,"chose_seed":false,"campfire_upgraded":2,"win_rate":0,"timestamp":1549317343,"path_taken":["M","M","$","M","?","R","?","?","T","M","M","M","?","M","R","BOSS","M"],"build_version":"2019-01-23","purchased_purges":0,"victory":false,"max_hp_per_floor":[75,75,75,75,75,75,75,75,75,75,75,75,75,75,75,75,75,75],"card_choices":[{"not_picked":["Hemokinesis","Clothesline"],"picked":"Iron Wave","floor":1},{"not_picked":["Seeing Red","Body Slam"],"picked":"Anger","floor":2},{"not_picked":["Pummel","Cleave"],"picked":"Disarm","floor":4},{"not_picked":["Body Slam","Heavy Blade"],"picked":"Iron Wave","floor":7},{"not_picked":["Clash","Sentinel"],"picked":"True Grit","floor":10},{"not_picked":["Iron Wave","Infernal Blade"],"picked":"Thunderclap","floor":11},{"not_picked":["Twin Strike","Burning Pact"],"picked":"Juggernaut","floor":12},{"not_picked":["Battle Trance","Warcry"],"picked":"Blood for Blood","floor":13},{"not_picked":["Havoc","Wild Strike"],"picked":"Sword Boomerang","floor":14},{"not_picked":["Impervious","Feed"],"picked":"Barricade","floor":16}],"player_experience":2317120,"relics_obtained":[{"floor":7,"key":"Oddly Smooth Stone"},{"floor":9,"key":"Dodecahedron"}],"event_choices":[{"damage_healed":0,"gold_gain":75,"player_choice":"Gather Gold","damage_taken":11,"max_hp_gain":0,"max_hp_loss":0,"event_name":"World of Goop","floor":5,"gold_loss":0},{"damage_healed":0,"gold_gain":0,"player_choice":"Searched \u00271\u0027 times","damage_taken":0,"max_hp_gain":0,"max_hp_loss":0,"event_name":"Dead Adventurer","floor":7,"gold_loss":0},{"damage_healed":25,"gold_gain":0,"player_choice":"Banana","damage_taken":0,"max_hp_gain":0,"max_hp_loss":0,"event_name":"Big Fish","floor":8,"gold_loss":0}],"is_beta":false,"boss_relics":[{"not_picked":["Lizard Tail","Ectoplasm"],"picked":"Eternal Feather"}],"items_purged_floors":[],"is_endless":false,"potions_floor_spawned":[2,4,10,12,13],"killed_by":"3 Byrds","ascension_level":17}