{"gold_per_floor":[117,128,128,148,70,97,97,115,115,61,109,135,162,173,173,249,249,215,215,227,227,261,261,102,115,169,169,169],"floor_reached":28,"playtime":2361,"items_purged":["Strike_B"],"score":452,"play_id":"8077f7e4-8ad4-4e89-9079-8d4328f0f493","local_time":"20181120180824","is_ascension_mode":true,"campfire_choices":[{"floor":7,"key":"RECALL"},{"floor":15,"key":"REST"},{"floor":23,"key":"REST"},{"floor":27,"key":"DIG"}],"neow_cost":"NONE","seed_source_timestamp":237955623925330,"circlet_count":0,"master_deck":["AscendersBane","Strike_B","Strike_B","Strike_B","Defend_B","Defend_B","Defend_B","Defend_B","Zap+1","Dualcast","Static Discharge","Genetic Algorithm","Coolheaded","Glacier","Echo Form","BootSequence","Coolheaded","Coolheaded","Machine Learning","Go for the Eyes","Buffer","Ball Lightning","Consume","Beam Cell","Capacitor"],"relics":["Fusion Hammer","Turnip","Thread and Needle","Odd Mushroom","Shovel","Eternal Feather","Red Mask","PreservedInsect","Bottled Tornado"],"potions_floor_usage":[6,12,13,20],"damage_taken":[{"damage":0,"enemies":"2 Louse","floor":1,"turns":3},{"damage":0,"enemies":"Cultist","floor":2,"turns":3},{"damage":2,"enemies":"Jaw Worm","floor":4,"turns":4},{"damage":21,"enemies":"3 Sentries","floor":6,"turns":15},{"damage":11,"enemies":"Gremlin Gang","floor":8,"turns":7},{"damage":7,"enemies":"The Mushroom Lair","floor":12,"turns":6},{"damage":0,"enemies":"Lagavulin","floor":13,"turns":10},{"damage":3,"enemies":"Looter","floor":14,"turns":4},{"damage":19,"enemies":"Hexaghost","floor":16,"turns":16},{"damage":6,"enemies":"2 Thieves","floor":18,"turns":5},{"damage":8,"enemies":"3 Byrds","floor":20,"turns":7},{"damage":41,"enemies":"Masked Bandits","floor":22,"turns":8},{"damage":0,"enemies":"Snecko","floor":25,"turns":10},{"damage":69,"enemies":"Gremlin Leader","floor":28,"turns":8}],"seed_played":"-2760876393007423874","potions_obtained":[{"floor":1,"key":"SkillPotion"},{"floor":6,"key":"Energy Potion"},{"floor":8,"key":"EssenceOfSteel"},{"floor":16,"key":"GamblersBrew"},{"floor":18,"key":"Regen Potion"}],"is_trial":false,"path_per_floor":["M","M","?","M","$","E","R","M","T","$","T","?","E","M","R","B",null,"M","?","M","?","?","R","$","M","T","R","E"],"character_chosen":"DEFECT","items_purchased":["Glacier","Coolheaded","Capacitor"],"campfire_rested":2,"item_purchase_floors":[5,10,24],"current_hp_per_floor":[64,64,64,62,62,41,41,30,30,30,30,23,23,20,41,22,59,53,49,56,56,15,51,51,51,51,66,0],"gold":169,"neow_bonus":"BOSS_RELIC","is_prod":false,"is_daily":false,"chose_seed":false,"campfire_upgraded":0,"win_rate":0,"timestamp":1542755304,"path_taken":["M","M","?","M","$","E","R","M","T","$","?","?","E","M","R","BOSS","M","?","?","?","?","R","$","M","T","R","E"],"build_version":"2018-11-15","purchased_purges":1,"victory":false,"max_hp_per_floor":[71,71,71,71,71,71,71,71,71,71,71,71,71,71,71,71,71,71,71,71,71,71,71,71,71,71,71,71],"card_choices":[{"not_picked":["Hologram","Stack"],"picked":"Static Discharge","floor":1},{"not_picked":["Stack","Tempest"],"picked":"Genetic Algorithm","floor":2},{"not_picked":["Turbo","Go for the Eyes"],"picked":"Coolheaded","floor":4},{"not_picked":["Conserve Battery","Storm"],"picked":"Echo Form","floor":6},{"not_picked":["Ball Lightning","Conserve Battery"],"picked":"BootSequence","floor":8},{"not_picked":["Conserve Battery","Turbo"],"picked":"Coolheaded","floor":12},{"not_picked":["Stack","Conserve Battery"],"picked":"Machine Learning","floor":13},{"not_picked":["Skim","Beam Cell"],"picked":"Go for the Eyes","floor":14},{"not_picked":["Biased Cognition","All For One"],"picked":"Buffer","floor":16},{"not_picked":["Fusion+1","Steam"],"picked":"Ball Lightning","floor":18},{"not_picked":["Chaos","Heatsinks"],"picked":"Consume","floor":20},{"not_picked":["Recycle","Redo"],"picked":"Beam Cell","floor":22},{"not_picked":["Gash","Storm","Stack"],"picked":"SKIP","floor":25}],"player_experience":1729920,"relics_obtained":[{"floor":6,"key":"Turnip"},{"floor":9,"key":"Thread and Needle"},{"floor":12,"key":"Odd Mushroom"},{"floor":13,"key":"Shovel"},{"floor":22,"key":"Red Mask"},{"floor":26,"key":"PreservedInsect"},{"floor":27,"key":"Bottled Tornado"}],"event_choices":[{"damage_healed":0,"gold_gain":0,"player_choice":"Upgraded","damage_taken":0,"max_hp_gain":0,"max_hp_loss":0,"event_name":"Upgrade Shrine","floor":3,"gold_loss":0,"cards_upgraded":["Zap"]},{"damage_healed":0,"gold_gain":0,"player_choice":"Fought Mushrooms","damage_taken":0,"max_hp_gain":0,"max_hp_loss":0,"event_name":"Mushrooms","floor":12,"gold_loss":0},{"damage_healed":0,"gold_gain":0,"player_choice":"Bought 0 Potions","damage_taken":0,"max_hp_gain":0,"max_hp_loss":0,"event_name":"The Woman in Blue","floor":19,"gold_loss":0},{"damage_healed":0,"gold_gain":0,"player_choice":"Ignored","damage_taken":0,"max_hp_gain":0,"max_hp_loss":0,"event_name":"Cursed Tome","floor":21,"gold_loss":0},{"damage_healed":0,"gold_gain":0,"player_choice":"Fought Bandits","damage_taken":0,"max_hp_gain":0,"max_hp_loss":0,"event_name":"Masked Bandits","floor":22,"gold_loss":0}],"is_beta":false,"boss_relics":[{"not_picked":["Philosopher\u0027s Stone","Cursed Key"],"picked":"Eternal Feather"}],"items_purged_floors":[24],"is_endless":false,"potions_floor_spawned":[1,6,8,16,18],"killed_by":"Gremlin Leader","ascension_level":16}