{"gold_per_floor":[112,112,132,132,146,146,179,179,179,210,237,56,56,80,80,176,176,201,251,276,276,300,300,321,371,398,416,416,432,432,452,452,452],"floor_reached":33,"playtime":1002,"items_purged":[],"score":522,"play_id":"018b810f-b8d5-4e3f-af17-950820978227","local_time":"20190209012435","is_ascension_mode":true,"campfire_choices":[{"data":"Perfected Strike","floor":6,"key":"SMITH"},{"data":"Bash","floor":13,"key":"SMITH"},{"data":"Intimidate","floor":15,"key":"SMITH"},{"data":"Limit Break","floor":23,"key":"SMITH"},{"data":"Flame Barrier","floor":28,"key":"SMITH"},{"data":"Flame Barrier","floor":30,"key":"SMITH"},{"floor":32,"key":"REST"}],"neow_cost":"NONE","seed_source_timestamp":1438454250969873,"circlet_count":0,"master_deck":["AscendersBane","Strike_R","Strike_R","Strike_R","Strike_R","Strike_R","Defend_R","Defend_R","Defend_R","Defend_R","Bash+1","Limit Break+1","Perfected Strike+1","Twin Strike","Perfected Strike+1","Ghostly Armor","Intimidate+1","Berserk","Perfected Strike","Inflame","Perfected Strike","Flame Barrier+1","Flame Barrier+1","Warcry+1"],"relics":["Burning Blood","PreservedInsect","Golden Idol","Pear","MawBank","ClockworkSouvenir","Velvet Choker","Boot"],"potions_floor_usage":[7,16,33],"damage_taken":[{"damage":13,"enemies":"2 Louse","floor":1,"turns":4},{"damage":1,"enemies":"Cultist","floor":3,"turns":3},{"damage":7,"enemies":"Jaw Worm","floor":5,"turns":2},{"damage":0,"enemies":"Gremlin Nob","floor":7,"turns":2},{"damage":5,"enemies":"3 Sentries","floor":10,"turns":4},{"damage":18,"enemies":"Large Slime","floor":11,"turns":2},{"damage":13,"enemies":"Blue Slaver","floor":14,"turns":2},{"damage":39,"enemies":"Hexaghost","floor":16,"turns":9},{"damage":0,"enemies":"3 Byrds","floor":18,"turns":4},{"damage":0,"enemies":"Chosen","floor":20,"turns":4},{"damage":22,"enemies":"Centurion and Healer","floor":22,"turns":5},{"damage":13,"enemies":"Sentry and Sphere","floor":24,"turns":4},{"damage":5,"enemies":"3 Cultists","floor":27,"turns":4},{"damage":6,"enemies":"Centurion and Healer","floor":29,"turns":5},{"damage":8,"enemies":"Snake Plant","floor":31,"turns":3},{"damage":78,"enemies":"Automaton","floor":33,"turns":6}],"seed_played":"-1293577498656955404","potions_obtained":[{"floor":2,"key":"FearPotion"},{"floor":2,"key":"FairyPotion"},{"floor":3,"key":"Fire Potion"},{"floor":10,"key":"SkillPotion"},{"floor":20,"key":"SpeedPotion"},{"floor":22,"key":"SteroidPotion"}],"is_trial":false,"path_per_floor":["M","?","M","?","M","R","E","?","T","E","M","$","R","M","R","B",null,"M","?","M","?","M","R","M","?","T","M","R","M","R","M","R","B"],"character_chosen":"IRONCLAD","items_purchased":["ClockworkSouvenir"],"campfire_rested":1,"item_purchase_floors":[12],"current_hp_per_floor":[61,61,66,66,65,65,71,68,78,78,66,66,66,59,59,26,65,71,71,77,77,61,61,54,54,54,55,55,55,55,53,76,0],"gold":452,"neow_bonus":"ONE_RANDOM_RARE_CARD","is_prod":false,"is_daily":false,"chose_seed":false,"campfire_upgraded":6,"win_rate":0,"timestamp":1549643075,"path_taken":["M","?","?","?","M","R","E","?","T","E","M","$","R","M","R","BOSS","M","?","M","?","M","R","?","?","T","M","R","M","R","M","R","BOSS"],"build_version":"2019-01-23","purchased_purges":0,"victory":false,"max_hp_per_floor":[75,75,75,75,75,75,75,68,78,78,78,78,78,78,78,78,78,78,78,78,78,78,78,78,78,78,78,78,78,78,78,78,78],"card_choices":[{"not_picked":["Pommel Strike","Flex"],"picked":"Perfected Strike","floor":1},{"not_picked":["Wild Strike","Fire Breathing"],"picked":"Twin Strike","floor":3},{"not_picked":["Rupture","Anger"],"picked":"Perfected Strike","floor":5},{"not_picked":["Sword Boomerang","Sentinel","Armaments"],"picked":"SKIP","floor":7},{"not_picked":["Uppercut","Carnage"],"picked":"Ghostly Armor","floor":10},{"not_picked":["Body Slam","Blood for Blood","Iron Wave"],"picked":"SKIP","floor":11},{"not_picked":["Juggernaut","Headbutt"],"picked":"Intimidate","floor":14},{"not_picked":["Juggernaut","Bludgeon"],"picked":"Berserk","floor":16},{"not_picked":["Burning Pact","Pommel Strike"],"picked":"Perfected Strike","floor":18},{"not_picked":["Warcry","Sword Boomerang","Wild Strike"],"picked":"SKIP","floor":20},{"not_picked":["Entrench","Cleave"],"picked":"Perfected Strike","floor":22},{"not_picked":["Uppercut","Combust"],"picked":"Flame Barrier","floor":24},{"not_picked":["Inflame","Power Through"],"picked":"Flame Barrier","floor":27},{"not_picked":["Anger","Flex","Combust"],"picked":"SKIP","floor":29},{"not_picked":["Carnage","Havoc"],"picked":"Warcry+1","floor":31}],"player_experience":500527,"relics_obtained":[{"floor":7,"key":"PreservedInsect"},{"floor":9,"key":"Pear"},{"floor":10,"key":"MawBank"},{"floor":26,"key":"Boot"}],"event_choices":[{"damage_healed":0,"gold_gain":0,"player_choice":"Got Potions","damage_taken":0,"max_hp_gain":0,"max_hp_loss":0,"event_name":"Lab","floor":2,"gold_loss":0},{"damage_healed":0,"gold_gain":0,"player_choice":"Grow","damage_taken":0,"max_hp_gain":0,"max_hp_loss":0,"event_name":"Living Wall","floor":4,"gold_loss":0,"cards_upgraded":["Perfected Strike"]},{"damage_healed":0,"gold_gain":0,"player_choice":"Lose Max HP","damage_taken":0,"relics_obtained":["Golden Idol"],"max_hp_gain":0,"max_hp_loss":7,"event_name":"Golden Idol","floor":8,"gold_loss":0},{"damage_healed":0,"gold_gain":50,"player_choice":"Stole From Cult","damage_taken":0,"max_hp_gain":0,"max_hp_loss":0,"event_name":"Nest","floor":19,"gold_loss":0},{"damage_healed":0,"gold_gain":0,"player_choice":"1 cards matched","damage_taken":0,"max_hp_gain":0,"max_hp_loss":0,"event_name":"Match and Keep!","floor":21,"gold_loss":0,"cards_obtained":["Inflame"]},{"damage_healed":0,"gold_gain":50,"player_choice":"Pray","damage_taken":0,"max_hp_gain":0,"max_hp_loss":0,"event_name":"Golden Shrine","floor":25,"gold_loss":0}],"is_beta":false,"boss_relics":[{"not_picked":["Busted Crown","Orrery"],"picked":"Velvet Choker"}],"items_purged_floors":[],"is_endless":false,"potions_floor_spawned":[3,5,10,11,20,22,29],"killed_by":"Automaton","ascension_level":15}