{"gold_per_floor":[114,132,150,150,165,194,194,194,221,221],"floor_reached":10,"playtime":507,"items_purged":[],"score":133,"play_id":"b6762a7b-622a-42a2-a2cc-d4b2eb8ad923","local_time":"20190201075117","is_ascension_mode":true,"campfire_choices":[{"floor":8,"key":"REST"}],"neow_cost":"NONE","seed_source_timestamp":674835869661720,"circlet_count":0,"master_deck":["AscendersBane","Strike_B","Strike_B","Strike_B","Strike_B","Defend_B","Defend_B","Defend_B","Defend_B","Zap","Dualcast","Conserve Battery","Defragment","Chill","Darkness","White Noise"],"relics":["Inserter","Happy Flower","Art of War"],"potions_floor_usage":[6,10],"damage_taken":[{"damage":3,"enemies":"Small Slimes","floor":1,"turns":3},{"damage":0,"enemies":"Cultist","floor":2,"turns":4},{"damage":14,"enemies":"Jaw Worm","floor":3,"turns":4},{"damage":28,"enemies":"Exordium Wildlife","floor":5,"turns":7},{"damage":6,"enemies":"Lagavulin","floor":6,"turns":5},{"damage":44,"enemies":"Gremlin Nob","floor":10,"turns":4}],"seed_played":"4801081487452460367","potions_obtained":[{"floor":3,"key":"PowerPotion"},{"floor":5,"key":"Block Potion"},{"floor":6,"key":"Dexterity Potion"}],"is_trial":false,"path_per_floor":["M","M","M","?","M","E","?","R","T","E"],"character_chosen":"DEFECT","items_purchased":[],"campfire_rested":1,"item_purchase_floors":[],"current_hp_per_floor":[61,61,47,47,19,13,6,27,27,0],"gold":221,"neow_bonus":"BOSS_RELIC","is_prod":false,"is_daily":false,"chose_seed":false,"campfire_upgraded":0,"win_rate":0,"timestamp":1549025477,"path_taken":["M","M","M","?","?","E","?","R","T","E"],"build_version":"2019-01-23","purchased_purges":0,"victory":false,"max_hp_per_floor":[71,71,71,71,71,71,71,71,71,71],"card_choices":[{"not_picked":["Lockon","Recycle"],"picked":"Conserve Battery","floor":1},{"not_picked":["Ball Lightning","Turbo"],"picked":"Defragment","floor":2},{"not_picked":["Recycle","Fusion"],"picked":"Chill","floor":3},{"not_picked":["Hyperbeam","Go for the Eyes"],"picked":"Darkness","floor":5},{"not_picked":["Sunder","FTL"],"picked":"White Noise","floor":6}],"player_experience":2262699,"relics_obtained":[{"floor":6,"key":"Happy Flower"},{"floor":9,"key":"Art of War"}],"event_choices":[{"damage_healed":0,"gold_gain":0,"player_choice":"Cursed","damage_taken":0,"max_hp_gain":0,"max_hp_loss":0,"event_name":"Wheel of Change","floor":4,"gold_loss":0,"cards_obtained":["Decay"]},{"cards_removed":["Decay"],"damage_healed":0,"gold_gain":0,"player_choice":"Card Removal","damage_taken":7,"max_hp_gain":0,"max_hp_loss":0,"event_name":"Golden Wing","floor":7,"gold_loss":0}],"is_beta":false,"boss_relics":[],"items_purged_floors":[],"is_endless":false,"potions_floor_spawned":[3,5,6],"killed_by":"Gremlin Nob","ascension_level":19}