{"gold_per_floor":[114,114,124,124,135,135,167,186,186,18,34,65,83,102,102,174,174,186,200,200],"floor_reached":20,"playtime":1053,"items_purged":[],"score":401,"play_id":"7257c1a6-e17a-4941-bf6f-ffcc94aef410","local_time":"20181029221825","is_ascension_mode":true,"campfire_choices":[{"floor":6,"key":"REST"},{"floor":15,"key":"REST"}],"neow_cost":"NONE","seed_source_timestamp":239547061559860,"circlet_count":0,"master_deck":["Survivor+1","Neutralize","AscendersBane","Regret","Quick Slash","Dagger Throw","Cloak And Dagger","Blade Dance","Predator","Tools of the Trade","Blade Dance","A Thousand Cuts","Masterful Stab","Blur","Blade Dance","Blade Dance","Reflex","Setup","Sucker Punch","Flying Knee","Cloak And Dagger","Setup","Blade Dance+1"],"relics":["Fusion Hammer","Ninja Scroll","Question Card","Pen Nib","The Courier","Membership Card","War Paint","Pandora\u0027s Box"],"potions_floor_usage":[7,16,16,19],"damage_taken":[{"damage":0,"enemies":"2 Louse","floor":1,"turns":3},{"damage":17,"enemies":"Jaw Worm","floor":3,"turns":4},{"damage":0,"enemies":"Small Slimes","floor":5,"turns":3},{"damage":16,"enemies":"3 Sentries","floor":7,"turns":8},{"damage":0,"enemies":"Blue Slaver","floor":8,"turns":4},{"damage":2,"enemies":"Exordium Thugs","floor":11,"turns":4},{"damage":7,"enemies":"Gremlin Nob","floor":12,"turns":3},{"damage":0,"enemies":"2 Fungi Beasts","floor":13,"turns":2},{"damage":22,"enemies":"Gremlin Gang","floor":14,"turns":5},{"damage":46,"enemies":"The Guardian","floor":16,"turns":13},{"damage":20,"enemies":"3 Byrds","floor":18,"turns":5},{"damage":5,"enemies":"2 Thieves","floor":19,"turns":4},{"damage":25,"enemies":"Cultist and Chosen","floor":20,"turns":5}],"seed_played":"-2873076601082033234","potions_obtained":[{"floor":3,"key":"SteroidPotion"},{"floor":8,"key":"Ancient Potion"},{"floor":11,"key":"Regen Potion"},{"floor":13,"key":"FearPotion"},{"floor":16,"key":"Ancient Potion"},{"floor":18,"key":"GhostInAJar"}],"is_trial":false,"path_per_floor":["M","?","M","T","M","R","E","M","T","$","M","E","M","M","R","B",null,"M","M"],"character_chosen":"THE_SILENT","items_purchased":["Membership Card"],"campfire_rested":2,"item_purchase_floors":[10],"current_hp_per_floor":[59,59,42,42,42,61,45,45,45,45,43,36,36,14,33,2,50,30,25,0],"gold":200,"neow_bonus":"BOSS_RELIC","is_prod":false,"is_daily":false,"chose_seed":false,"campfire_upgraded":0,"win_rate":0,"timestamp":1540869505,"path_taken":["M","?","M","?","M","R","E","M","T","?","?","E","M","M","R","BOSS","M","M","M"],"build_version":"2018-10-29v2","purchased_purges":0,"victory":false,"max_hp_per_floor":[66,66,66,66,66,66,66,66,66,66,66,66,66,66,66,66,66,66,66,66],"card_choices":[{"not_picked":["Acrobatics","Flechettes","Poisoned Stab"],"picked":"SKIP","floor":1},{"not_picked":["Underhanded Strike","Well Laid Plans"],"picked":"Quick Slash","floor":3},{"not_picked":["Endless Agony","Masterful Stab","Slice"],"picked":"Dagger Throw","floor":5},{"not_picked":["Dagger Throw","PiercingWail","Poisoned Stab"],"picked":"Cloak And Dagger","floor":7},{"not_picked":["Finisher","Flechettes","Underhanded Strike"],"picked":"Blade Dance","floor":8},{"not_picked":["Dodge and Roll","Sucker Punch","Deflect"],"picked":"Predator","floor":11},{"not_picked":["Slice","Underhanded Strike","Poisoned Stab"],"picked":"Tools of the Trade","floor":12},{"not_picked":["Underhanded Strike","Flechettes","Deadly Poison"],"picked":"Blade Dance","floor":13},{"not_picked":["Footwork","Expertise","Underhanded Strike","Quick Slash"],"picked":"SKIP","floor":14},{"not_picked":["Corpse Explosion","Bullet Time","Wraith Form v2"],"picked":"A Thousand Cuts","floor":16},{"not_picked":["Quick Slash+1","Outmaneuver","Dagger Spray"],"picked":"Blade Dance+1","floor":18},{"not_picked":["Dagger Spray","Poisoned Stab","Bane","Deadly Poison"],"picked":"SKIP","floor":19}],"player_experience":726006,"relics_obtained":[{"floor":4,"key":"Question Card"},{"floor":7,"key":"Pen Nib"},{"floor":9,"key":"The Courier"},{"floor":12,"key":"War Paint"}],"event_choices":[{"damage_healed":0,"gold_gain":0,"player_choice":"Box","damage_taken":0,"relics_obtained":["Ninja Scroll"],"max_hp_gain":0,"max_hp_loss":0,"event_name":"Big Fish","floor":2,"gold_loss":0,"cards_obtained":["Regret"]}],"is_beta":true,"boss_relics":[{"not_picked":["White Beast Statue","Lizard Tail"],"picked":"Pandora\u0027s Box"}],"items_purged_floors":[],"is_endless":false,"potions_floor_spawned":[3,8,11,13,16,18],"killed_by":"Cultist and Chosen","ascension_level":20}