{"path_per_floor":["M","M","M","$","M","R","?","R","T","M","M","M","$","?","R","B",null,"M","$","?","M"],"character_chosen":"IRONCLAD","items_purchased":["Shrug It Off"],"gold_per_floor":[116,129,140,65,82,82,157,157,157,174,186,206,106,106,106,203,203,215,41,41,44,44],"floor_reached":22,"campfire_rested":1,"playtime":643,"current_hp_per_floor":[80,80,80,80,80,80,69,69,83,78,80,84,84,84,94,33,94,56,56,37,30,0],"items_purged":["Strike_R","Defend_R","Strike_R"],"gold":44,"score":203,"play_id":"88a50d65-f9d9-44a5-b754-f3fba75ec693","local_time":"20180329103033","is_prod":false,"is_daily":false,"is_ascension_mode":false,"campfire_upgraded":2,"timestamp":1522308633,"path_taken":["M","M","M","$","M","R","?","R","T","M","M","M","$","?","R","BOSS","M","$","?","?","?"],"build_version":"2018-03-22v2","purchased_purges":3,"victory":false,"master_deck":["Strike_R","Strike_R","Strike_R","Defend_R","Defend_R","Defend_R","Rampage+1","Shrug It Off+1","Inflame","Feed","Anger","Shrug It Off"],"max_hp_per_floor":[80,80,80,80,80,80,80,80,94,94,94,94,94,94,94,94,94,97,97,102,105,105],"relics":["Burning Blood","NeowsBlessing","Mango","Question Card"],"card_choices":[{"not_picked":["Warcry","Pommel Strike"],"picked":"Rampage","floor":1},{"not_picked":["Iron Wave","Cleave"],"picked":"Shrug It Off","floor":3},{"not_picked":["Blood for Blood","Searing Blow"],"picked":"Inflame","floor":11},{"not_picked":["Demon Form","Berserk"],"picked":"Feed","floor":16},{"not_picked":["Flex","Sword Boomerang","Headbutt"],"picked":"Anger","floor":18}],"player_experience":206698,"potions_floor_usage":[10,16,16,16],"damage_taken":[{"damage":0,"enemies":"2 Louse","floor":1,"turns":2},{"damage":0,"enemies":"Small Slimes","floor":2,"turns":1},{"damage":0,"enemies":"Jaw Worm","floor":3,"turns":1},{"damage":2,"enemies":"Large Slime","floor":5,"turns":5},{"damage":11,"enemies":"Gremlin Gang","floor":10,"turns":5},{"damage":4,"enemies":"2 Fungi Beasts","floor":11,"turns":3},{"damage":2,"enemies":"Blue Slaver","floor":12,"turns":4},{"damage":67,"enemies":"Hexaghost","floor":16,"turns":12},{"damage":47,"enemies":"3 Byrds","floor":18,"turns":7},{"damage":16,"enemies":"2 Thieves","floor":21,"turns":4},{"damage":35,"enemies":"Snake Plant","floor":22,"turns":5}],"event_choices":[{"event_name":"World of Goop","player_choice":"Gather Gold","floor":7,"damage_taken":0},{"event_name":"Living Wall","player_choice":"Forget","floor":14,"damage_taken":0},{"event_name":"Forgotten Altar","player_choice":"Shed Blood","floor":20,"damage_taken":0}],"boss_relics":[{"not_picked":["Astrolabe","Orrery"],"picked":"Question Card"}],"potions_floor_spawned":[1,10,11,12],"seed_played":"-6708710511106567171","killed_by":"Snake Plant","ascension_level":0,"is_trial":false}