{"gold_per_floor":[114,114,129,144,159,189,114,114,114,144,144,174,189,196,196,296,296,311,311,326,341,41,71,71,101,101,101,131,131,146,161,161,261,261,276,276,201,201,216,246,261,291,341,371,386,416,416,431,431,431],"floor_reached":51,"playtime":2580,"items_purged":[],"score":1345,"play_id":"53c1cd22-426c-4a2b-ab0f-18a079e9e56b","local_time":"20190107101900","daily_mods":["Draft","Red Cards","Elite Swarm"],"is_ascension_mode":false,"campfire_choices":[{"data":"Feel No Pain","floor":11.0,"key":"SMITH"},{"data":"Juggernaut","floor":15.0,"key":"SMITH"},{"data":"Creative AI","floor":29.0,"key":"SMITH"},{"data":"Buffer","floor":32.0,"key":"SMITH"},{"data":"1","floor":49,"key":"LIFT"}],"neow_cost":"","seed_source_timestamp":0,"circlet_count":0,"master_deck":["Sweeping Beam","Ball Lightning","Headbutt","Armaments","True Grit","Tempest","Leap","Flame Barrier","Pommel Strike","Body Slam","Hello World","Glacier","Go for the Eyes","Disarm+1","Consume","Metallicize","Feel No Pain+1","Feed","Biased Cognition","Juggernaut+1","Immolate","Leap","Buffer+1","Creative AI+1","Clumsy","Shame","Electrodynamics","Creative AI","Clumsy","Writhe","Clumsy","Recycle+1","Warcry+1","Shrug It Off","Coolheaded","Writhe","Defragment+1","Echo Form","Normality","Juggernaut","Coolheaded","Warcry+1","Dark Embrace"],"special_seed":17903,"relics":["Cracked Core","WarpedTongs","Cables","Darkstone Periapt","Bottled Tornado","Mummified Hand","Potion Belt","Odd Mushroom","Cursed Key","FaceOfCleric","Thread and Needle","Du-Vu Doll","Gambling Chip","Pantograph","Vajra","Meat on the Bone","Calling Bell","Regal Pillow","The Courier","Prayer Wheel","Girya","Smiling Mask","Bronze Scales","FossilizedHelix","Lantern"],"potions_floor_usage":[50,50,50],"damage_taken":[{"damage":0.0,"enemies":"2 Louse","floor":1.0,"turns":3.0},{"damage":3.0,"enemies":"Cultist","floor":3.0,"turns":2.0},{"damage":0.0,"enemies":"Jaw Worm","floor":4.0,"turns":2.0},{"damage":2.0,"enemies":"Looter","floor":5.0,"turns":3.0},{"damage":3.0,"enemies":"Lagavulin","floor":6.0,"turns":6.0},{"damage":7.0,"enemies":"Gremlin Nob","floor":10.0,"turns":4.0},{"damage":4.0,"enemies":"Lagavulin","floor":12.0,"turns":6.0},{"damage":1.0,"enemies":"Large Slime","floor":13.0,"turns":3.0},{"damage":4.0,"enemies":"The Mushroom Lair","floor":14.0,"turns":3.0},{"damage":18.0,"enemies":"Hexaghost","floor":16.0,"turns":5.0},{"damage":0.0,"enemies":"Spheric Guardian","floor":18.0,"turns":2.0},{"damage":20.0,"enemies":"2 Thieves","floor":20.0,"turns":3.0},{"damage":2.0,"enemies":"Shelled Parasite and Fungi","floor":21.0,"turns":4.0},{"damage":0.0,"enemies":"Slavers","floor":23.0,"turns":3.0},{"damage":4.0,"enemies":"Gremlin Leader","floor":25.0,"turns":4.0},{"damage":7.0,"enemies":"Book of Stabbing","floor":28.0,"turns":5.0},{"damage":0.0,"enemies":"Cultist and Chosen","floor":30.0,"turns":4.0},{"damage":3.0,"enemies":"3 Cultists","floor":31.0,"turns":4.0},{"damage":1.0,"enemies":"Champ","floor":33.0,"turns":7.0},{"damage":4.0,"enemies":"3 Shapes","floor":35.0,"turns":3.0},{"damage":0.0,"enemies":"Orb Walker","floor":39.0,"turns":2.0},{"damage":0.0,"enemies":"Nemesis","floor":40.0,"turns":5.0},{"damage":0.0,"enemies":"4 Shapes","floor":41.0,"turns":3.0},{"damage":8.0,"enemies":"Reptomancer","floor":42.0,"turns":4.0},{"damage":0,"enemies":"Nemesis","floor":44,"turns":5},{"damage":0,"enemies":"Jaw Worm Horde","floor":45,"turns":2},{"damage":9,"enemies":"Reptomancer","floor":46,"turns":7},{"damage":0,"enemies":"Transient","floor":48,"turns":5},{"damage":0,"enemies":"Donu and Deca","floor":50,"turns":5}],"seed_played":"8694291460791302925","potions_obtained":[{"floor":4.0,"key":"Poison Potion"},{"floor":5.0,"key":"SkillPotion"},{"floor":12.0,"key":"AttackPotion"},{"floor":13.0,"key":"PowerPotion"},{"floor":16.0,"key":"Strength Potion"},{"floor":20.0,"key":"Energy Potion"},{"floor":21.0,"key":"Block Potion"},{"floor":28.0,"key":"SpeedPotion"},{"floor":33.0,"key":"Swift Potion"},{"floor":39.0,"key":"Explosive Potion"},{"floor":40.0,"key":"Ancient Potion"},{"floor":42.0,"key":"PowerPotion"}],"is_trial":false,"path_per_floor":["M","?","M","M","M","E","$","T","T","E","R","E","M","?","R","B",null,"M","?","M","M","$","E","?","E","T","?","E","R","M","M","R","B",null,"M","?","$","?","M","E","M","E","T","E","M","E","?","M","R","B",null],"character_chosen":"DEFECT","items_purchased":["LiquidBronze","Thread and Needle","Shrug It Off","Coolheaded"],"campfire_rested":0,"item_purchase_floors":[7,22,37,37],"current_hp_per_floor":[75,75,72,72,70,67,67,67,67,60,60,56,55,51,51,33,75,75,75,56,55,55,60,60,60,66,72,66,66,71,72,72,97,127,127,127,127,137,142,143,144,137,143,144,145,137,137,138,138,156],"gold":431,"neow_bonus":"","is_prod":false,"is_daily":true,"chose_seed":false,"campfire_upgraded":4,"win_rate":0,"timestamp":1546852740,"path_taken":["M","?","M","M","?","E","$","?","T","E","R","E","?","?","R","BOSS","M","?","?","M","?","E","?","E","T","?","E","R","M","M","R","BOSS","M","?","?","?","M","E","M","E","T","E","M","E","?","?","R","BOSS"],"build_version":"2019-01-03v4","purchased_purges":0,"victory":true,"max_hp_per_floor":[75,75,75,75,75,75,75,75,75,75,75,75,75,75,75,75,75,75,75,76,77,77,82,82,86,92,98,99,99,104,108,108,109,127,131,131,131,137,142,143,144,145,151,152,153,154,154,155,155,156],"card_choices":[{"not_picked":["Beam Cell","Flex"],"picked":"Sweeping Beam","floor":0.0},{"not_picked":["Steam","Clothesline"],"picked":"Ball Lightning","floor":0.0},{"not_picked":["Whirlwind","Anger"],"picked":"Headbutt","floor":0.0},{"not_picked":["Compile Driver","Sentinel"],"picked":"Armaments","floor":0.0},{"not_picked":["Warcry","Scrape"],"picked":"True Grit","floor":0.0},{"not_picked":["Sever Soul","Rebound"],"picked":"Tempest","floor":0.0},{"not_picked":["Headbutt","True Grit"],"picked":"Leap","floor":0.0},{"not_picked":["Rebound","Perfected Strike"],"picked":"Flame Barrier","floor":0.0},{"not_picked":["Cleave","Turbo"],"picked":"Pommel Strike","floor":0.0},{"not_picked":["Burning Pact","Gash"],"picked":"Body Slam","floor":0.0},{"not_picked":["Pommel Strike","Thunderclap"],"picked":"Hello World","floor":0.0},{"not_picked":["Turbo","Armaments"],"picked":"Glacier","floor":0.0},{"not_picked":["Twin Strike","Turbo"],"picked":"Go for the Eyes","floor":0.0},{"not_picked":["Rage","Thunderclap"],"picked":"Disarm","floor":0.0},{"not_picked":["Perfected Strike","Rampage"],"picked":"Consume","floor":0.0},{"not_picked":["Twin Strike","Wild Strike"],"picked":"Metallicize","floor":1.0},{"not_picked":["Intimidate","Clothesline","Clash"],"picked":"SKIP","floor":3.0},{"not_picked":["Fusion","Go for the Eyes"],"picked":"Feel No Pain","floor":4.0},{"not_picked":["Steam","Stack","Barrage"],"picked":"SKIP","floor":5.0},{"not_picked":["Meteor Strike","Multi-Cast"],"picked":"Feed","floor":6.0},{"not_picked":["Limit Break","Buffer"],"picked":"Biased Cognition","floor":10.0},{"not_picked":["Bludgeon","Reaper"],"picked":"Juggernaut","floor":12.0},{"not_picked":["Ball Lightning","Body Slam","Tempest"],"picked":"SKIP","floor":13.0},{"not_picked":["Offering","Machine Learning"],"picked":"Immolate","floor":16.0},{"not_picked":["Intimidate+1","Flex","Stack"],"picked":"SKIP","floor":18.0},{"not_picked":["Go for the Eyes+1","FTL"],"picked":"Leap","floor":20.0},{"not_picked":["Headbutt","Flex","Sunder"],"picked":"SKIP","floor":21.0},{"not_picked":["Berserk","Meteor Strike"],"picked":"Buffer","floor":23.0},{"not_picked":["Seek","Electrodynamics"],"picked":"Creative AI","floor":25.0},{"not_picked":["Biased Cognition","Impervious"],"picked":"Electrodynamics","floor":28.0},{"not_picked":["Stack","Beam Cell","Go for the Eyes"],"picked":"SKIP","floor":30.0},{"not_picked":["Turbo+1","Hemokinesis+1","Beam Cell"],"picked":"SKIP","floor":31.0},{"not_picked":["Fiend Fire","Double Tap"],"picked":"Creative AI","floor":33.0},{"not_picked":["Twin Strike+1","True Grit"],"picked":"Recycle+1","floor":35.0},{"not_picked":["Whirlwind","Hemokinesis+1"],"picked":"Warcry+1","floor":35.0},{"not_picked":["Iron Wave","Conserve Battery"],"picked":"Defragment+1","floor":39.0},{"not_picked":["Armaments","Blood for Blood","Flex+1"],"picked":"SKIP","floor":39.0},{"not_picked":["Machine Learning","Creative AI"],"picked":"Echo Form","floor":40.0},{"not_picked":["Lockon+1","Sever Soul","Sweeping Beam"],"picked":"SKIP","floor":41.0},{"not_picked":["Clash","FTL+1","Rupture+1"],"picked":"SKIP","floor":41.0},{"not_picked":["Electrodynamics","Berserk","Brutality"],"picked":"SKIP","floor":42.0},{"not_picked":["Immolate","Brutality"],"picked":"Juggernaut","floor":44},{"not_picked":["Doom and Gloom+1","Clothesline+1"],"picked":"Coolheaded","floor":45},{"not_picked":["Hologram+1","Battle Trance+1"],"picked":"Warcry+1","floor":45},{"not_picked":["Offering","Amplify"],"picked":"Dark Embrace","floor":46},{"not_picked":["Clothesline","Dropkick+1","Compile Driver"],"picked":"SKIP","floor":48},{"not_picked":["Headbutt","Intimidate","Conserve Battery+1"],"picked":"SKIP","floor":48}],"player_experience":1832818,"relics_obtained":[{"floor":6.0,"key":"Cables"},{"floor":8.0,"key":"Darkstone Periapt"},{"floor":9.0,"key":"Bottled Tornado"},{"floor":10.0,"key":"Mummified Hand"},{"floor":12.0,"key":"Potion Belt"},{"floor":14.0,"key":"Odd Mushroom"},{"floor":23.0,"key":"Du-Vu Doll"},{"floor":25.0,"key":"Gambling Chip"},{"floor":26.0,"key":"Pantograph"},{"floor":28.0,"key":"Meat on the Bone"},{"floor":34.0,"key":"Regal Pillow"},{"floor":34.0,"key":"The Courier"},{"floor":34.0,"key":"Prayer Wheel"},{"floor":40.0,"key":"Girya"},{"floor":42.0,"key":"Smiling Mask"},{"floor":43.0,"key":"Bronze Scales"},{"floor":44,"key":"FossilizedHelix"},{"floor":46,"key":"Lantern"}],"event_choices":[{"damage_healed":0.0,"max_hp_gain":0.0,"max_hp_loss":0.0,"gold_gain":0.0,"event_name":"Accursed Blacksmith","player_choice":"Rummage","floor":2.0,"gold_loss":0.0,"damage_taken":0.0,"relics_obtained":["WarpedTongs"],"cards_obtained":["Pain"]},{"damage_healed":0.0,"max_hp_gain":0.0,"max_hp_loss":0.0,"gold_gain":0.0,"event_name":"Mushrooms","player_choice":"Fought Mushrooms","floor":14.0,"gold_loss":0.0,"damage_taken":0.0},{"damage_healed":0.0,"max_hp_gain":0.0,"max_hp_loss":0.0,"gold_gain":0.0,"event_name":"FaceTrader","player_choice":"Trade","floor":19.0,"gold_loss":0.0,"damage_taken":0.0,"relics_obtained":["FaceOfCleric"]},{"damage_healed":0.0,"max_hp_gain":0.0,"max_hp_loss":0.0,"gold_gain":0.0,"event_name":"Ghosts","player_choice":"Ignored","floor":24.0,"gold_loss":0.0,"damage_taken":0.0},{"damage_healed":0.0,"max_hp_gain":0.0,"max_hp_loss":0.0,"gold_gain":0.0,"event_name":"Addict","player_choice":"Stole Relic","floor":27.0,"gold_loss":0.0,"damage_taken":0.0,"relics_obtained":["Vajra"],"cards_obtained":["Shame"]},{"cards_removed":["Pain"],"damage_healed":0.0,"max_hp_gain":0.0,"max_hp_loss":0.0,"gold_gain":0.0,"event_name":"Wheel of Change","player_choice":"Card Removal","floor":36.0,"gold_loss":0.0,"damage_taken":0.0},{"damage_healed":33.0,"max_hp_gain":0.0,"max_hp_loss":0.0,"gold_gain":0.0,"event_name":"Winding Halls","player_choice":"Writhe","floor":38.0,"gold_loss":0.0,"damage_taken":0.0,"cards_obtained":["Writhe"]},{"damage_healed":0,"gold_gain":0,"player_choice":"Upgraded","damage_taken":0,"max_hp_gain":0,"max_hp_loss":0,"event_name":"Upgrade Shrine","floor":47,"gold_loss":0,"cards_upgraded":["Disarm"]}],"is_beta":false,"boss_relics":[{"not_picked":["Velvet Choker","Runic Pyramid"],"picked":"Cursed Key"},{"not_picked":["Inserter","Fusion Hammer"],"picked":"Calling Bell"}],"items_purged_floors":[],"is_endless":false,"potions_floor_spawned":[4,5,12,13,16,20,21,28,33,39,40,42,44],"ascension_level":0}