{"gold_per_floor":[109,23,36,36,52,52,62,62,62,62,75,75,5,5,5,100,100,110,12,12,26,39,54,54],"floor_reached":24,"playtime":1682,"items_purged":[],"score":244,"play_id":"6d0f7f7c-6db5-405a-a6e5-44198e03c864","local_time":"20180625180836","is_ascension_mode":true,"campfire_choices":[{"floor":6,"key":"REST"},{"floor":8,"key":"REST"},{"floor":10,"key":"REST"},{"floor":15,"key":"REST"}],"neow_cost":"NONE","seed_source_timestamp":79934857322548,"circlet_count":0,"master_deck":["Zap","Dualcast","Loop","Gash","FTL","Melter","Hologram","Coolheaded","Static Discharge","Rip and Tear","Gash","Streamline","All For One","Conserve Battery","Conserve Battery","Tempest","Stack","Streamline","Fusion","Coolheaded","Hologram+1","Scrape","Go for the Eyes","Barrage","Hologram","Genetic Algorithm"],"relics":["Fusion Hammer","Orichalcum","Ornamental Fan","Pandora\u0027s Box"],"potions_floor_usage":[16,16,16,18,22],"damage_taken":[{"damage":5,"enemies":"Cultist","floor":1,"turns":4},{"damage":4,"enemies":"Small Slimes","floor":3,"turns":3},{"damage":3,"enemies":"2 Louse","floor":5,"turns":3},{"damage":9,"enemies":"2 Fungi Beasts","floor":7,"turns":4},{"damage":10,"enemies":"3 Louse","floor":11,"turns":4},{"damage":35,"enemies":"The Guardian","floor":16,"turns":8},{"damage":28,"enemies":"Chosen","floor":18,"turns":3},{"damage":17,"enemies":"Spheric Guardian","floor":21,"turns":4},{"damage":19,"enemies":"Snake Plant","floor":22,"turns":5},{"damage":3,"enemies":"Cultist and Chosen","floor":23,"turns":5},{"damage":5,"enemies":"Centurion and Healer","floor":24,"turns":1}],"seed_played":"-1441157939978073335","potions_obtained":[{"floor":1,"key":"Regen Potion"},{"floor":5,"key":"PowerPotion"},{"floor":7,"key":"Strength Potion"},{"floor":16,"key":"Energy Potion"},{"floor":21,"key":"AttackPotion"},{"floor":23,"key":"AttackPotion"}],"is_trial":false,"path_per_floor":["M","$","M","?","M","R","M","R","T","R","M","?","$","?","R","B",null,"M","$","?","M","M","M"],"character_chosen":"DEFECT","items_purchased":["Gash","FTL","Gash","Streamline","Scrape","Go for the Eyes"],"campfire_rested":4,"item_purchase_floors":[2,2,13,13,19,19],"current_hp_per_floor":[63,63,59,59,56,75,66,75,75,75,65,65,65,65,75,54,70,42,42,42,25,6,3,0],"gold":54,"neow_bonus":"BOSS_RELIC","is_prod":false,"is_daily":false,"chose_seed":false,"campfire_upgraded":0,"win_rate":0,"timestamp":1529964516,"path_taken":["M","?","M","?","?","R","M","R","T","R","M","?","?","?","R","BOSS","M","$","?","M","M","M","M"],"build_version":"2018-06-21v2","purchased_purges":0,"victory":false,"max_hp_per_floor":[75,75,75,75,75,75,75,75,75,75,75,75,75,75,75,75,75,75,75,75,75,75,75,75],"card_choices":[{"not_picked":["Double Energy","Melter"],"picked":"Loop","floor":1},{"not_picked":["Turbo","Doom and Gloom"],"picked":"Melter","floor":3},{"not_picked":["Consume","Loop"],"picked":"Coolheaded","floor":5},{"not_picked":["Skim","Sweeping Beam"],"picked":"Static Discharge","floor":7},{"not_picked":["Coolheaded","Darkness"],"picked":"Rip and Tear","floor":11},{"not_picked":["Electrodynamics","Creative AI"],"picked":"All For One","floor":16},{"not_picked":["Tempest","Force Field"],"picked":"Hologram+1","floor":18},{"not_picked":["Force Field+1","Ball Lightning"],"picked":"Barrage","floor":21},{"not_picked":["Leap","Compile Driver"],"picked":"Hologram","floor":22},{"not_picked":["Turbo","Compile Driver+1"],"picked":"Genetic Algorithm","floor":23}],"player_experience":761576,"relics_obtained":[{"floor":9,"key":"Orichalcum"}],"event_choices":[{"event_name":"Living Wall","player_choice":"Change","floor":4,"damage_taken":0},{"event_name":"Liars Game","player_choice":"disagreed","floor":12,"damage_taken":0},{"event_name":"Dead Adventurer","player_choice":"Searched \u00271\u0027 times","floor":14,"damage_taken":0},{"event_name":"Vampires","player_choice":"Ignored","floor":20,"damage_taken":0}],"boss_relics":[{"not_picked":["Black Star","Coffee Dripper"],"picked":"Pandora\u0027s Box"}],"items_purged_floors":[],"is_endless":false,"potions_floor_spawned":[1,5,7,16,21,23],"killed_by":"Centurion and Healer","ascension_level":6}