{"gold_per_floor":[117,117,117,127,144,144,174,174],"floor_reached":8,"playtime":414,"items_purged":[],"score":95,"play_id":"530aaae6-a530-4843-9fd5-198bece49628","local_time":"20181119203340","is_ascension_mode":true,"campfire_choices":[{"floor":6,"key":"REST"}],"neow_cost":"NONE","seed_source_timestamp":162241621845270,"circlet_count":0,"master_deck":["AscendersBane","Defend_G","Defend_G","Defend_G","Defend_G","Defend_G","Strike_G","Strike_G","Strike_G","Strike_G","Survivor","Neutralize","Riddle With Holes","Flechettes","Cloak And Dagger","Infinite Blades"],"relics":["WristBlade","Darkstone Periapt","PreservedInsect"],"potions_floor_usage":[5],"damage_taken":[{"damage":8,"enemies":"Cultist","floor":1,"turns":6},{"damage":14,"enemies":"Jaw Worm","floor":4,"turns":4},{"damage":1,"enemies":"Small Slimes","floor":5,"turns":3},{"damage":40,"enemies":"3 Sentries","floor":7,"turns":11},{"damage":5,"enemies":"Gremlin Gang","floor":8,"turns":1}],"seed_played":"-5369335427371992470","potions_obtained":[{"floor":4,"key":"SkillPotion"},{"floor":5,"key":"Ancient Potion"},{"floor":7,"key":"GhostInAJar"}],"is_trial":false,"path_per_floor":["M","?","?","M","M","R","E","M"],"character_chosen":"THE_SILENT","items_purchased":[],"campfire_rested":1,"item_purchase_floors":[],"current_hp_per_floor":[51,39,39,25,24,43,3,0],"gold":174,"neow_bonus":"BOSS_RELIC","is_prod":false,"is_daily":false,"chose_seed":false,"campfire_upgraded":0,"win_rate":0,"timestamp":1542677620,"path_taken":["M","?","?","M","M","R","E","M"],"build_version":"2018-11-15","purchased_purges":0,"victory":false,"max_hp_per_floor":[66,66,66,66,66,66,66,66],"card_choices":[{"not_picked":["Dagger Throw","Slice"],"picked":"Riddle With Holes","floor":1},{"not_picked":["Expertise","Outmaneuver"],"picked":"Flechettes","floor":4},{"not_picked":["Quick Slash","PiercingWail"],"picked":"Cloak And Dagger","floor":5},{"not_picked":["Cloak And Dagger","A Thousand Cuts"],"picked":"Infinite Blades","floor":7}],"player_experience":1722935,"relics_obtained":[{"floor":7,"key":"PreservedInsect"}],"event_choices":[{"damage_healed":0,"gold_gain":0,"player_choice":"Success","damage_taken":12,"relics_obtained":["Darkstone Periapt"],"max_hp_gain":0,"max_hp_loss":0,"event_name":"Scrap Ooze","floor":2,"gold_loss":0},{"cards_removed":["Strike_G"],"damage_healed":0,"gold_gain":0,"player_choice":"Purged","damage_taken":0,"max_hp_gain":0,"max_hp_loss":0,"event_name":"Purifier","floor":3,"gold_loss":0}],"is_beta":false,"boss_relics":[],"items_purged_floors":[],"is_endless":false,"potions_floor_spawned":[4,5,7],"killed_by":"Gremlin Gang","ascension_level":14}