{"gold_per_floor":[115,115,129,143,11,11,28,28,80,110,120,120,120,190,190,190],"floor_reached":16,"playtime":759,"items_purged":[],"score":190,"play_id":"dc5dae18-8cf9-4138-9a98-1cf9d307bc39","local_time":"20181222200159","is_ascension_mode":true,"campfire_choices":[{"data":"Zap","floor":6,"key":"SMITH"},{"floor":8,"key":"REST"},{"floor":13,"key":"REST"},{"data":"Redo","floor":15,"key":"SMITH"}],"neow_cost":"NONE","seed_source_timestamp":232369984385863,"circlet_count":0,"master_deck":["AscendersBane","Strike_B","Strike_B","Defend_B","Defend_B","Defend_B","Defend_B","Zap+1","Dualcast","Redo+1","Cold Snap","Rebound","Storm","Compile Driver","Conserve Battery","Coolheaded","Conserve Battery"],"relics":["Cracked Core","NeowsBlessing","Happy Flower","Meat on the Bone"],"potions_floor_usage":[7,16],"damage_taken":[{"damage":0,"enemies":"Jaw Worm","floor":1,"turns":1},{"damage":0,"enemies":"Cultist","floor":3,"turns":1},{"damage":0,"enemies":"Small Slimes","floor":4,"turns":1},{"damage":17,"enemies":"Exordium Wildlife","floor":7,"turns":4},{"damage":29,"enemies":"3 Sentries","floor":10,"turns":13},{"damage":9,"enemies":"Large Slime","floor":11,"turns":5},{"damage":45,"enemies":"Hexaghost","floor":16,"turns":9}],"seed_played":"-2515089112530988180","potions_obtained":[{"floor":3,"key":"FearPotion"},{"floor":11,"key":"AttackPotion"}],"is_trial":false,"path_per_floor":["M","?","M","M","$","R","M","R","T","E","M","?","R","T","R","B"],"character_chosen":"DEFECT","items_purchased":["Storm","Compile Driver"],"campfire_rested":2,"item_purchase_floors":[5,5],"current_hp_per_floor":[64,64,64,64,64,64,47,68,68,39,30,23,44,44,44,0],"gold":190,"neow_bonus":"THREE_ENEMY_KILL","is_prod":false,"is_daily":false,"chose_seed":false,"campfire_upgraded":2,"win_rate":0,"timestamp":1545526919,"path_taken":["M","?","M","M","$","R","?","R","T","E","?","?","R","?","R","BOSS"],"build_version":"2018-12-20","purchased_purges":0,"victory":false,"max_hp_per_floor":[71,71,71,71,71,71,71,71,71,71,71,71,71,71,71,71],"card_choices":[{"not_picked":["Turbo","Force Field"],"picked":"Redo","floor":1},{"not_picked":["Stack","Streamline"],"picked":"Cold Snap","floor":3},{"not_picked":["Gash","Steam"],"picked":"Rebound","floor":4},{"not_picked":["Beam Cell","Redo"],"picked":"Conserve Battery","floor":7},{"not_picked":["Fission","Tempest"],"picked":"Coolheaded","floor":10},{"not_picked":["Gash","Tempest"],"picked":"Conserve Battery","floor":11}],"player_experience":1934516,"relics_obtained":[{"floor":10,"key":"Happy Flower"},{"floor":14,"key":"Meat on the Bone"}],"event_choices":[{"cards_removed":["Strike_B"],"damage_healed":0,"gold_gain":0,"player_choice":"Purged","damage_taken":0,"max_hp_gain":0,"max_hp_loss":0,"event_name":"Purifier","floor":2,"gold_loss":0},{"cards_removed":["Strike_B"],"damage_healed":0,"gold_gain":0,"player_choice":"Card Removal","damage_taken":7,"max_hp_gain":0,"max_hp_loss":0,"event_name":"Golden Wing","floor":12,"gold_loss":0}],"is_beta":false,"boss_relics":[],"items_purged_floors":[],"is_endless":false,"potions_floor_spawned":[3,11],"killed_by":"Hexaghost","ascension_level":18}