{"gold_per_floor":[13,13,13,33,33,77,152,168,168,168,24,37,51,86,86,212,212,225,225,241,34,54,54,87,111,111,40,40,65,79,104,104,234,234,250,1,1,126,126,165,165,165,165,165,184,184,215,17,17,17],"floor_reached":51,"playtime":5398,"items_purged":["Defend_B"],"score":945,"play_id":"d1985a2c-a641-404d-bba4-147b1ae7b49c","local_time":"20190214231010","is_ascension_mode":true,"campfire_choices":[{"data":"Echo Form","floor":10.0,"key":"SMITH"},{"floor":15.0,"key":"REST"},{"data":"Go for the Eyes","floor":23.0,"key":"SMITH"},{"floor":32.0,"key":"REST"},{"data":"Loop","floor":41.0,"key":"SMITH"},{"data":"Recycle","floor":42.0,"key":"SMITH"},{"data":"Biased Cognition","floor":46.0,"key":"SMITH"},{"data":"Coolheaded","floor":49.0,"key":"SMITH"}],"neow_cost":"NO_GOLD","seed_source_timestamp":11445326447745,"circlet_count":0,"master_deck":["Defend_B","Defend_B","Defend_B","Zap","Dualcast","Echo Form+1","Self Repair","Beam Cell","Coolheaded","Coolheaded+1","Defragment","Conserve Battery+1","Redo","Biased Cognition+1","Glacier+1","Bite+1","Bite","Bite","Bite","Bite+1","Go for the Eyes+1","Loop+1","Double Energy","Recycle+1","Go for the Eyes+1","Beam Cell+1","Double Energy","Creative AI","Streamline+1","Mayhem","Madness","Madness","Beam Cell+1"],"special_seed":0,"relics":["Cracked Core","Shuriken","Golden Idol","Matryoshka","Boot","Smiling Mask","Regal Pillow","Pocketwatch","Black Star","Lantern","Art of War","Bottled Flame","Singing Bowl","Molten Egg 2","Nuclear Battery","Mummified Hand","WingedGreaves","Symbiotic Virus","War Paint","Whetstone","Pantograph","Kunai","Strawberry"],"potions_floor_usage":[50],"damage_taken":[{"damage":11.0,"enemies":"Small Slimes","floor":1.0,"turns":4.0},{"damage":9.0,"enemies":"Jaw Worm","floor":4.0,"turns":4.0},{"damage":15.0,"enemies":"Lagavulin","floor":6.0,"turns":6.0},{"damage":0.0,"enemies":"Cultist","floor":8.0,"turns":5.0},{"damage":11.0,"enemies":"Blue Slaver","floor":12.0,"turns":5.0},{"damage":13.0,"enemies":"2 Fungi Beasts","floor":13.0,"turns":4.0},{"damage":27.0,"enemies":"Gremlin Nob","floor":14.0,"turns":5.0},{"damage":41.0,"enemies":"Slime Boss","floor":16.0,"turns":18.0},{"damage":33.0,"enemies":"Spheric Guardian","floor":18.0,"turns":8.0},{"damage":15.0,"enemies":"2 Thieves","floor":20.0,"turns":5.0},{"damage":11.0,"enemies":"Snake Plant","floor":22.0,"turns":5.0},{"damage":39.0,"enemies":"Book of Stabbing","floor":24.0,"turns":12.0},{"damage":15.0,"enemies":"Cultist and Chosen","floor":25.0,"turns":9.0},{"damage":34.0,"enemies":"3 Cultists","floor":29.0,"turns":8.0},{"damage":19.0,"enemies":"Sentry and Sphere","floor":30.0,"turns":6.0},{"damage":38.0,"enemies":"Snecko","floor":31.0,"turns":6.0},{"damage":34.0,"enemies":"Champ","floor":33.0,"turns":13.0},{"damage":18.0,"enemies":"3 Shapes","floor":35.0,"turns":5.0},{"damage":21.0,"enemies":"Mind Bloom Boss Battle","floor":38.0,"turns":9.0},{"damage":22.0,"enemies":"Nemesis","floor":40.0,"turns":8.0},{"damage":14.0,"enemies":"Orb Walker","floor":45.0,"turns":5.0},{"damage":4.0,"enemies":"Giant Head","floor":47.0,"turns":7.0},{"damage":65,"enemies":"Awakened One","floor":50,"turns":10}],"seed_played":"1404908937254786827","potions_obtained":[{"floor":1.0,"key":"Regen Potion"},{"floor":8.0,"key":"Regen Potion"},{"floor":12.0,"key":"Weak Potion"},{"floor":16.0,"key":"SteroidPotion"},{"floor":20.0,"key":"FairyPotion"},{"floor":24.0,"key":"LiquidBronze"},{"floor":25.0,"key":"Energy Potion"},{"floor":29.0,"key":"FocusPotion"},{"floor":31.0,"key":"AttackPotion"},{"floor":33.0,"key":"EssenceOfSteel"},{"floor":40.0,"key":"Dexterity Potion"},{"floor":45.0,"key":"PowerPotion"},{"floor":47.0,"key":"SteroidPotion"}],"is_trial":false,"path_per_floor":["M","?","?","M","$","E","?","M","T","R","$","M","M","E","R","B",null,"M","?","M","$","M","R","E","M","T","$","?","M","M","M","R","B",null,"M","$","?","?","?","E","R","R","T","?","M","R","E","$","R","B",null],"character_chosen":"DEFECT","items_purchased":["Regal Pillow","Lantern","Recycle","Mummified Hand","PowerPotion","Strawberry"],"campfire_rested":2,"item_purchase_floors":[11,21,27,36,48,48],"current_hp_per_floor":[57,39,21,19,19,33,22,36,36,36,36,39,42,15,52,18,61,35,35,41,41,44,44,32,46,46,46,46,28,23,18,49,48,53,38,38,38,53,53,51,51,51,51,44,49,49,60,67,67,16],"gold":17,"neow_bonus":"THREE_RARE_CARDS","is_prod":false,"is_daily":false,"chose_seed":false,"campfire_upgraded":6,"win_rate":0,"timestamp":1550148010,"path_taken":["M","?","?","M","$","E","?","M","T","R","?","M","?","E","R","BOSS","M","?","M","$","M","R","E","M","T","$","?","M","M","?","R","BOSS","M","$","?","?","?","E","R","R","T","?","M","R","E","$","R","BOSS"],"build_version":"2019-01-23","purchased_purges":1,"victory":true,"max_hp_per_floor":[75,75,75,75,75,75,75,75,75,75,75,75,75,75,75,75,75,75,52,52,52,52,52,52,52,52,52,52,52,52,54,54,54,54,54,54,54,56,56,58,58,58,58,58,60,60,60,67,67,67],"card_choices":[{"not_picked":["Buffer","Seek"],"picked":"Echo Form","floor":0.0},{"not_picked":["Auto Shields","Tempest"],"picked":"Self Repair","floor":1.0},{"not_picked":["Sweeping Beam","Redo"],"picked":"Beam Cell","floor":4.0},{"not_picked":["Ball Lightning","Defragment"],"picked":"Coolheaded","floor":6.0},{"not_picked":["Static Discharge","Leap"],"picked":"Coolheaded","floor":8.0},{"not_picked":["Turbo","Scrape"],"picked":"Defragment","floor":12.0},{"not_picked":["Streamline","Hello World"],"picked":"Conserve Battery","floor":13.0},{"not_picked":["Beam Cell","Steam"],"picked":"Redo","floor":14.0},{"not_picked":["Meteor Strike","All For One"],"picked":"Biased Cognition","floor":16.0},{"not_picked":["Melter","Beam Cell+1"],"picked":"Glacier","floor":18.0},{"not_picked":["Gash","Genetic Algorithm+1"],"picked":"Go for the Eyes","floor":20.0},{"not_picked":["Auto Shields","Hologram"],"picked":"Loop","floor":22.0},{"not_picked":["Coolheaded+1","Redo"],"picked":"Double Energy","floor":24.0},{"not_picked":["Compile Driver","Sweeping Beam","Gash"],"picked":"SKIP","floor":25.0},{"not_picked":["Compile Driver+1","Aggregate"],"picked":"Beam Cell+1","floor":29.0},{"not_picked":["Steam","Turbo"],"picked":"Double Energy","floor":30.0},{"not_picked":["Gash+1","Doom and Gloom+1","Coolheaded"],"picked":"Singing Bowl","floor":31.0},{"not_picked":["Electrodynamics","Hyperbeam+1"],"picked":"Creative AI","floor":33.0},{"not_picked":["Leap+1","Go for the Eyes+1"],"picked":"Streamline+1","floor":35.0},{"not_picked":["Panache","Flash of Steel+1"],"picked":"Mayhem","floor":37.0},{"not_picked":["Rip and Tear+1","Turbo+1","Compile Driver+1"],"picked":"Singing Bowl","floor":38.0},{"not_picked":["Barrage+1","Ball Lightning+1","Stack"],"picked":"Singing Bowl","floor":40.0},{"not_picked":["Compile Driver+1","Sweeping Beam+1","Ball Lightning+1"],"picked":"Singing Bowl","floor":45.0},{"not_picked":["Redo","Conserve Battery"],"picked":"Beam Cell+1","floor":47.0}],"player_experience":584375,"relics_obtained":[{"floor":6.0,"key":"Matryoshka"},{"floor":9.0,"key":"Boot"},{"floor":9.0,"key":"Smiling Mask"},{"floor":14.0,"key":"Pocketwatch"},{"floor":24.0,"key":"Art of War"},{"floor":24.0,"key":"Bottled Flame"},{"floor":26.0,"key":"Singing Bowl"},{"floor":26.0,"key":"Molten Egg 2"},{"floor":38.0,"key":"WingedGreaves"},{"floor":40.0,"key":"Symbiotic Virus"},{"floor":40.0,"key":"War Paint"},{"floor":43.0,"key":"Whetstone"},{"floor":47.0,"key":"Pantograph"},{"floor":47.0,"key":"Kunai"}],"event_choices":[{"damage_healed":0.0,"max_hp_gain":0.0,"max_hp_loss":0.0,"gold_gain":0.0,"event_name":"Scrap Ooze","player_choice":"Success","floor":2.0,"gold_loss":0.0,"damage_taken":18.0,"relics_obtained":["Shuriken"]},{"damage_healed":0.0,"max_hp_gain":0.0,"max_hp_loss":0.0,"gold_gain":0.0,"event_name":"Golden Idol","player_choice":"Take Damage","floor":3.0,"gold_loss":0.0,"damage_taken":18.0,"relics_obtained":["Golden Idol"]},{"damage_healed":0.0,"max_hp_gain":0.0,"max_hp_loss":0.0,"gold_gain":75.0,"event_name":"World of Goop","player_choice":"Gather Gold","floor":7.0,"gold_loss":0.0,"damage_taken":11.0},{"damage_healed":0.0,"max_hp_gain":0.0,"max_hp_loss":23.0,"gold_gain":0.0,"event_name":"Vampires","player_choice":"Became a vampire","floor":19.0,"gold_loss":0.0,"damage_taken":0.0,"cards_obtained":["Bite","Bite","Bite","Bite","Bite"]},{"damage_healed":0.0,"max_hp_gain":0.0,"max_hp_loss":0.0,"gold_gain":0.0,"event_name":"Duplicator","player_choice":"Copied","floor":28.0,"gold_loss":0.0,"damage_taken":0.0,"cards_obtained":["Go for the Eyes"]},{"damage_healed":0.0,"max_hp_gain":0.0,"max_hp_loss":0.0,"gold_gain":0.0,"event_name":"SensoryStone","player_choice":"Memory 1","floor":37.0,"gold_loss":0.0,"damage_taken":0.0},{"damage_healed":0.0,"max_hp_gain":0.0,"max_hp_loss":0.0,"gold_gain":0.0,"event_name":"MindBloom","player_choice":"Fight","floor":38.0,"gold_loss":0.0,"damage_taken":0.0},{"damage_healed":0.0,"max_hp_gain":0.0,"max_hp_loss":0.0,"gold_gain":0.0,"event_name":"Mysterious Sphere","player_choice":"Ignored","floor":39.0,"gold_loss":0.0,"damage_taken":0.0},{"damage_healed":0.0,"max_hp_gain":0.0,"max_hp_loss":0.0,"gold_gain":0.0,"event_name":"Winding Halls","player_choice":"Embrace Madness","floor":44.0,"gold_loss":0.0,"damage_taken":7.0,"cards_obtained":["Madness","Madness"]}],"is_beta":false,"boss_relics":[{"not_picked":["Tiny House","Lizard Tail"],"picked":"Black Star"},{"not_picked":["Velvet Choker","FrozenCore"],"picked":"Nuclear Battery"}],"items_purged_floors":[21],"is_endless":false,"potions_floor_spawned":[1,8,12,16,20,24,25,29,31,33,40,45,47],"ascension_level":6}