{"gold_per_floor":[113,113,124,143,68,68,81,92,145,45,72,90,90,104,104,205,205,218,317,192,207,207,207,220,170,194,207,207,237,237,249,249,352,352,367,381,381,481,481,481,481,500,551,551,551,583,583,601,601,601,601,601,99,133,133],"floor_reached":55,"playtime":3420,"items_purged":["Strike_R","Strike_R","Defend_R","Strike_R"],"score":667,"play_id":"1ca2d51f-3583-46dd-b031-2d1f1b89a18f","local_time":"20190128201318","is_ascension_mode":false,"campfire_choices":[{"data":"Uppercut","floor":6,"key":"SMITH"},{"data":"Demon Form","floor":13,"key":"SMITH"},{"data":"Twin Strike","floor":15,"key":"SMITH"},{"data":"Warcry","floor":23,"key":"SMITH"},{"data":"Sword Boomerang","floor":28,"key":"SMITH"},{"floor":30,"key":"RECALL"},{"floor":32,"key":"REST"},{"floor":40,"key":"REST"},{"floor":45,"key":"REST"},{"floor":49,"key":"REST"},{"floor":52,"key":"REST"}],"neow_cost":"TEN_PERCENT_HP_LOSS","seed_source_timestamp":486637568231348,"circlet_count":0,"master_deck":["Defend_R+1","Defend_R+1","Defend_R","Bash","Uppercut+1","Warcry+1","Demon Form+1","Thunderclap","Twin Strike+1","Shrug It Off","Reaper","Sword Boomerang+1","Sword Boomerang","Sword Boomerang","Madness","Madness","Dark Shackles","Reaper"],"relics":["Burning Blood","Torii","War Paint","Bottled Lightning","Runic Pyramid","Nilry\u0027s Codex","Juzu Bracelet","Fusion Hammer","StoneCalendar","Thread and Needle","PreservedInsect","Pocketwatch","Orichalcum","Strawberry"],"potions_floor_usage":[16,29,29,33,46,50,54],"damage_taken":[{"damage":8,"enemies":"Jaw Worm","floor":1,"turns":5},{"damage":0,"enemies":"Cultist","floor":3,"turns":3},{"damage":0,"enemies":"2 Louse","floor":4,"turns":2},{"damage":2,"enemies":"2 Fungi Beasts","floor":7,"turns":5},{"damage":4,"enemies":"Lots of Slimes","floor":8,"turns":7},{"damage":11,"enemies":"Gremlin Nob","floor":11,"turns":4},{"damage":2,"enemies":"3 Louse","floor":12,"turns":4},{"damage":2,"enemies":"Looter","floor":14,"turns":3},{"damage":19,"enemies":"The Guardian","floor":16,"turns":8},{"damage":24,"enemies":"Shell Parasite","floor":18,"turns":8},{"damage":1,"enemies":"Chosen","floor":21,"turns":4},{"damage":9,"enemies":"Centurion and Healer","floor":24,"turns":8},{"damage":5,"enemies":"Snake Plant","floor":27,"turns":5},{"damage":54,"enemies":"Slavers","floor":29,"turns":8},{"damage":17,"enemies":"Shelled Parasite and Fungi","floor":31,"turns":9},{"damage":84,"enemies":"Automaton","floor":33,"turns":8},{"damage":35,"enemies":"3 Darklings","floor":35,"turns":4},{"damage":45,"enemies":"3 Shapes","floor":36,"turns":7},{"damage":10,"enemies":"Mind Bloom Boss Battle","floor":38,"turns":6},{"damage":45,"enemies":"Sphere and 2 Shapes","floor":42,"turns":7},{"damage":48,"enemies":"Reptomancer","floor":46,"turns":4},{"damage":1,"enemies":"Spire Growth","floor":48,"turns":4},{"damage":105,"enemies":"Donu and Deca","floor":50,"turns":9},{"damage":99,"enemies":"Shield and Spear","floor":54,"turns":6},{"damage":76,"enemies":"The Heart","floor":55,"turns":6}],"seed_played":"-5791843200021158396","potions_obtained":[{"floor":1,"key":"Regen Potion"},{"floor":11,"key":"Fire Potion"},{"floor":12,"key":"Poison Potion"},{"floor":18,"key":"PowerPotion"},{"floor":33,"key":"FairyPotion"},{"floor":38,"key":"AttackPotion"},{"floor":46,"key":"EssenceOfSteel"}],"is_trial":false,"path_per_floor":["M","?","M","M","$","R","M","M","T","$","E","M","R","M","R","B",null,"M","?","$","M","?","R","M","?","T","M","R","E","R","M","R","B",null,"M","M","?","?","?","R","T","M","T","?","R","E","?","M","R","B",null,"R","$","E","B"],"character_chosen":"IRONCLAD","items_purchased":["SmokeBomb","Explosive Potion","Fire Potion","Orichalcum"],"campfire_rested":5,"item_purchase_floors":[53,53,53,53],"current_hp_per_floor":[70,70,72,72,72,72,72,72,72,72,67,71,71,72,72,59,72,64,64,64,69,53,53,72,72,72,72,72,31,31,38,59,18,72,72,45,36,50,50,71,71,66,66,66,72,47,47,52,72,37,72,72,72,57,0],"gold":133,"neow_bonus":"ONE_RARE_RELIC","is_prod":false,"is_daily":false,"chose_seed":false,"campfire_upgraded":5,"win_rate":0,"timestamp":1548727998,"path_taken":["M","?","?","M","$","R","M","M","T","$","E","M","R","M","R","BOSS","M","?","$","M","?","R","M","?","T","?","R","E","R","M","R","BOSS","M","M","?","?","?","R","?","M","T","?","R","E","?","M","R","BOSS","R","$","E","BOSS"],"build_version":"2019-01-23","purchased_purges":4,"victory":false,"max_hp_per_floor":[72,72,72,72,72,72,72,72,72,72,72,72,72,72,72,72,72,72,72,72,72,72,72,72,72,72,72,72,72,72,72,72,72,72,72,72,72,72,72,72,72,72,72,72,72,72,72,72,72,72,72,72,72,79,79],"card_choices":[{"not_picked":["Intimidate","Clothesline"],"picked":"Uppercut","floor":1},{"not_picked":["Dual Wield","Body Slam","Twin Strike"],"picked":"SKIP","floor":3},{"not_picked":["Iron Wave","Sword Boomerang"],"picked":"Warcry","floor":4},{"not_picked":["Hemokinesis","Armaments"],"picked":"Demon Form","floor":7},{"not_picked":["Clothesline","Flex"],"picked":"Thunderclap","floor":8},{"not_picked":["Shockwave","Evolve","Wild Strike"],"picked":"SKIP","floor":11},{"not_picked":["Anger","Pommel Strike"],"picked":"Twin Strike","floor":12},{"not_picked":["Clothesline","Rage"],"picked":"Shrug It Off","floor":14},{"not_picked":["Offering","Double Tap"],"picked":"Reaper","floor":16},{"not_picked":["Carnage","Shockwave","Sentinel"],"picked":"SKIP","floor":18},{"not_picked":["Clothesline","Inflame"],"picked":"Sword Boomerang","floor":21},{"not_picked":["Perfected Strike","True Grit+1","Headbutt"],"picked":"SKIP","floor":24},{"not_picked":["Dual Wield","Warcry","Pommel Strike"],"picked":"SKIP","floor":27},{"not_picked":["Seeing Red","Blood for Blood","Warcry"],"picked":"SKIP","floor":29},{"not_picked":["Heavy Blade","Berserk"],"picked":"Sword Boomerang","floor":31},{"not_picked":["Spot Weakness","Wild Strike+1"],"picked":"Sword Boomerang","floor":35},{"not_picked":["Spot Weakness+1","True Grit+1","Combust+1"],"picked":"SKIP","floor":36},{"not_picked":["Hemokinesis+1","Anger","Iron Wave"],"picked":"SKIP","floor":42},{"not_picked":["Thinking Ahead","Transmutation"],"picked":"Dark Shackles","floor":44},{"not_picked":["Combust+1","Shrug It Off","True Grit+1"],"picked":"SKIP","floor":46},{"not_picked":["Body Slam+1","Second Wind+1"],"picked":"Reaper","floor":48},{"not_picked":["Sword Boomerang","Shockwave","Clothesline"],"picked":"SKIP","floor":54}],"player_experience":778487,"relics_obtained":[{"floor":9,"key":"War Paint"},{"floor":11,"key":"Bottled Lightning"},{"floor":22,"key":"Nilry\u0027s Codex"},{"floor":29,"key":"Juzu Bracelet"},{"floor":38,"key":"StoneCalendar"},{"floor":41,"key":"Thread and Needle"},{"floor":43,"key":"PreservedInsect"},{"floor":46,"key":"Pocketwatch"},{"floor":54,"key":"Strawberry"}],"event_choices":[{"cards_removed":["Strike_R"],"damage_healed":0,"gold_gain":0,"player_choice":"Purged","damage_taken":0,"max_hp_gain":0,"max_hp_loss":0,"event_name":"Purifier","floor":2,"gold_loss":0},{"damage_healed":0,"gold_gain":99,"player_choice":"Stole From Cult","damage_taken":0,"max_hp_gain":0,"max_hp_loss":0,"event_name":"Nest","floor":19,"gold_loss":0},{"damage_healed":0,"gold_gain":0,"player_choice":"Obtained Book","damage_taken":16,"max_hp_gain":0,"max_hp_loss":0,"event_name":"Cursed Tome","floor":22,"gold_loss":0},{"damage_healed":0,"gold_gain":0,"player_choice":"Bet on Owner","damage_taken":0,"max_hp_gain":0,"max_hp_loss":0,"event_name":"The Joust","floor":25,"gold_loss":50},{"damage_healed":0,"gold_gain":0,"player_choice":"Embrace Madness","damage_taken":9,"max_hp_gain":0,"max_hp_loss":0,"event_name":"Winding Halls","floor":37,"gold_loss":0,"cards_obtained":["Madness","Madness"]},{"damage_healed":0,"gold_gain":0,"player_choice":"Fight","damage_taken":0,"max_hp_gain":0,"max_hp_loss":0,"event_name":"MindBloom","floor":38,"gold_loss":0},{"damage_healed":0,"gold_gain":0,"player_choice":"Ignored","damage_taken":0,"max_hp_gain":0,"max_hp_loss":0,"event_name":"Tomb of Lord Red Mask","floor":39,"gold_loss":0},{"damage_healed":0,"gold_gain":0,"player_choice":"Memory 1","damage_taken":0,"max_hp_gain":0,"max_hp_loss":0,"event_name":"SensoryStone","floor":44,"gold_loss":0},{"cards_removed":["Strike_R"],"damage_healed":0,"gold_gain":0,"player_choice":"Removed Attack","damage_taken":0,"max_hp_gain":0,"max_hp_loss":0,"event_name":"Falling","floor":47,"gold_loss":0}],"is_beta":true,"boss_relics":[{"not_picked":["Astrolabe","Mark of Pain"],"picked":"Runic Pyramid"},{"not_picked":["Snecko Eye","Busted Crown"],"picked":"Fusion Hammer"}],"items_purged_floors":[5,10,20,53],"is_endless":false,"potions_floor_spawned":[1,11,12,14,18,33,38,46],"killed_by":"The Heart","ascension_level":0}