{"gold_per_floor":[109,384,394,79,95,125,142,157,181,191,191,203,216,232,232,333,333,348,102,62,82,532,532,302,302,302,302,316,148,159,159,159,159],"floor_reached":33,"playtime":2455,"items_purged":["Regret","Strike_B","Defend_B"],"score":276,"play_id":"b25f9351-286b-43ff-a12e-6d14f55e55b3","local_time":"20190129173730","is_ascension_mode":false,"campfire_choices":[{"floor":15.0,"key":"REST"},{"floor":23,"key":"REST"},{"floor":25,"key":"REST"},{"data":"Double Energy","floor":27,"key":"SMITH"},{"floor":32,"key":"REST"}],"neow_cost":"NONE","seed_source_timestamp":0,"circlet_count":0,"master_deck":["Defend_B","Defend_B","Defend_B","Zap","Dualcast","Steam Power+1","Hyperbeam+1","Chaos+1","Storm","Glacier","Mayhem+1","Hologram","Ball Lightning","Double Energy+1","White Noise","Chaos","Cold Snap","Buffer","Glacier","Chill","Coolheaded","Cold Snap","Capacitor","Coolheaded","BootSequence","Capacitor","Conserve Battery"],"special_seed":0,"relics":["Astrolabe"],"potions_floor_usage":[18,30,33,33],"damage_taken":[{"damage":0.0,"enemies":"2 Louse","floor":1.0,"turns":2.0},{"damage":8.0,"enemies":"Cultist","floor":3.0,"turns":3.0},{"damage":0.0,"enemies":"Jaw Worm","floor":5.0,"turns":6.0},{"damage":26.0,"enemies":"3 Sentries","floor":6.0,"turns":7.0},{"damage":0.0,"enemies":"Red Slaver","floor":7.0,"turns":4.0},{"damage":8.0,"enemies":"Blue Slaver","floor":8.0,"turns":6.0},{"damage":7.0,"enemies":"Gremlin Gang","floor":10.0,"turns":2.0},{"damage":9.0,"enemies":"3 Louse","floor":12.0,"turns":3.0},{"damage":1.0,"enemies":"Red Slaver","floor":13.0,"turns":4.0},{"damage":5.0,"enemies":"Exordium Thugs","floor":14.0,"turns":3.0},{"damage":18.0,"enemies":"Hexaghost","floor":16.0,"turns":12.0},{"damage":13,"enemies":"2 Thieves","floor":18,"turns":4},{"damage":10,"enemies":"Spheric Guardian","floor":21,"turns":4},{"damage":16,"enemies":"Snake Plant","floor":28,"turns":6},{"damage":13,"enemies":"Centurion and Healer","floor":30,"turns":5},{"damage":48,"enemies":"Collector","floor":33,"turns":18}],"seed_played":"-8704698102103040205","potions_obtained":[{"floor":1.0,"key":"Block Potion"},{"floor":5.0,"key":"FearPotion"},{"floor":10.0,"key":"Dexterity Potion"},{"floor":14.0,"key":"EssenceOfSteel"},{"floor":16.0,"key":"PowerPotion"},{"floor":20,"key":"GamblersBrew"},{"floor":20,"key":"SmokeBomb"},{"floor":20,"key":"Explosive Potion"},{"floor":30,"key":"FearPotion"}],"is_trial":false,"path_per_floor":["M","?","M","$","M","E","M","M","T","M","?","M","M","M","R","B",null,"M","$","?","M","?","R","$","R","T","R","M","$","M","?","R","B"],"character_chosen":"DEFECT","items_purchased":["Mayhem","Hologram","Glacier","Chill","Coolheaded","Cold Snap","Coolheaded","BootSequence","Capacitor"],"campfire_rested":4,"item_purchase_floors":[4,4,19,19,24,24,29,29,29],"current_hp_per_floor":[75,75,67,67,67,41,41,33,33,26,26,17,16,11,33,15,75,62,62,62,52,10,32,32,54,54,54,38,38,25,11,35,0],"gold":159,"neow_bonus":"BOSS_RELIC","is_prod":false,"is_daily":false,"chose_seed":false,"campfire_upgraded":1,"win_rate":0,"timestamp":1548745650,"path_taken":["M","?","M","$","M","E","?","M","T","M","?","M","M","M","R","BOSS","M","?","?","?","?","R","$","R","T","R","?","?","?","?","R","BOSS"],"build_version":"2019-01-23","purchased_purges":3,"victory":false,"max_hp_per_floor":[75,75,75,75,75,75,75,75,75,75,75,75,75,75,75,75,75,75,75,75,75,75,75,75,75,75,75,75,75,75,80,80,80],"card_choices":[{"not_picked":["Scrape","Tempest"],"picked":"Storm","floor":1.0},{"not_picked":["FTL","Gash"],"picked":"Glacier","floor":3.0},{"not_picked":["Barrage","Rebound"],"picked":"Ball Lightning","floor":5.0},{"not_picked":["Go for the Eyes","All For One","Tempest"],"picked":"SKIP","floor":6.0},{"not_picked":["Melter","Fusion"],"picked":"Double Energy","floor":7.0},{"not_picked":["Streamline","Sweeping Beam"],"picked":"White Noise","floor":8.0},{"not_picked":["Compile Driver","Hello World","Aggregate"],"picked":"SKIP","floor":10.0},{"not_picked":["Conserve Battery","Barrage"],"picked":"Chaos","floor":12.0},{"not_picked":["Ball Lightning","BootSequence"],"picked":"Cold Snap","floor":13.0},{"not_picked":["Lockon","Go for the Eyes","Barrage"],"picked":"SKIP","floor":14.0},{"not_picked":["Lockon","Go for the Eyes","Barrage"],"picked":"SKIP","floor":14.0},{"not_picked":["Amplify","Core Surge"],"picked":"Buffer","floor":16.0},{"not_picked":["Self Repair","Turbo","Sunder"],"picked":"SKIP","floor":18},{"not_picked":["Leap","Recycle","Stack"],"picked":"SKIP","floor":21},{"not_picked":["Coolheaded","Rebound+1"],"picked":"Capacitor","floor":28},{"not_picked":["Streamline","Coolheaded+1"],"picked":"Conserve Battery","floor":30}],"player_experience":529793,"relics_obtained":[],"event_choices":[{"damage_healed":0.0,"max_hp_gain":0.0,"max_hp_loss":0.0,"gold_gain":275.0,"event_name":"Golden Shrine","player_choice":"Desecrate","floor":2.0,"gold_loss":0.0,"damage_taken":0.0,"cards_obtained":["Regret"]},{"damage_healed":0.0,"max_hp_gain":0.0,"max_hp_loss":0.0,"gold_gain":0.0,"event_name":"Accursed Blacksmith","player_choice":"Forge","floor":11.0,"gold_loss":0.0,"damage_taken":0.0,"cards_upgraded":["Mayhem"]},{"damage_healed":0,"gold_gain":0,"player_choice":"Bought 3 Potions","damage_taken":0,"max_hp_gain":0,"max_hp_loss":0,"event_name":"The Woman in Blue","floor":20,"gold_loss":0},{"damage_healed":0,"gold_gain":450,"player_choice":"GOLD GOLD GOLD GOLD GOLD ","damage_taken":42,"max_hp_gain":0,"max_hp_loss":0,"event_name":"Knowing Skull","floor":22,"potions_obtained":[],"gold_loss":0,"cards_obtained":[]},{"damage_healed":0,"gold_gain":0,"player_choice":"Shed Blood","damage_taken":19,"max_hp_gain":5,"max_hp_loss":0,"event_name":"Forgotten Altar","floor":31,"gold_loss":0}],"is_beta":false,"boss_relics":[{"not_picked":["Fusion Hammer","Inserter","Empty Cage"]}],"items_purged_floors":[4,19,24],"is_endless":false,"potions_floor_spawned":[1,5,10,14,16,28,30],"killed_by":"Collector","ascension_level":0}