{"gold_per_floor":[119,119,119,133,151,161,161,194,263,263,294,307,205,215,215,314,314,328,356,372,32,50,50,85,85,164,196,34,67,78,98,98,195,195,214,214,214,224,21,50,50,64,134,187,187,200,60,77,77,77],"floor_reached":50,"playtime":1840,"items_purged":["Strike_B","Defend_B","Zap","Dualcast","Hello World+1"],"score":624,"play_id":"e6234745-ddf7-4e8e-9bea-f467a96bfbc2","local_time":"20190211201344","is_ascension_mode":true,"campfire_choices":[{"data":"Hyperbeam","floor":7,"key":"SMITH"},{"data":"Beam Cell","floor":10,"key":"SMITH"},{"floor":15,"key":"REST"},{"data":"Conserve Battery","floor":23,"key":"SMITH"},{"data":"Beam Cell","floor":25,"key":"SMITH"},{"data":"Hologram","floor":32,"key":"SMITH"},{"data":"Reprogram","floor":41,"key":"SMITH"},{"data":"Conserve Battery","floor":45,"key":"SMITH"},{"data":"Defend_B","floor":49,"key":"SMITH"}],"neow_cost":"NONE","seed_source_timestamp":10180449178557,"circlet_count":0,"master_deck":["Strike_B","Strike_B+1","Defend_B+1","Defend_B+1","Defend_B","Hyperbeam+1","Beam Cell+1","Conserve Battery+1","FTL","Compile Driver","Beam Cell+1","Creative AI+1","Hologram+1","Conserve Battery+1","Bandage Up","Reprogram+1","Rebound","Stack+1","Parasite"],"relics":["Cracked Core","Pocketwatch","Frozen Egg 2","Happy Flower","Busted Crown","Red Mask","Gremlin Horn","Meat on the Bone","Tiny Chest","The Courier","Art of War","Coffee Dripper","Sundial","Mummified Hand","Du-Vu Doll"],"potions_floor_usage":[16,16,27,40,44,44,50],"damage_taken":[{"damage":7,"enemies":"Jaw Worm","floor":1,"turns":2},{"damage":0,"enemies":"Small Slimes","floor":4,"turns":2},{"damage":0,"enemies":"Cultist","floor":5,"turns":2},{"damage":0,"enemies":"Large Slime","floor":6,"turns":3},{"damage":9,"enemies":"3 Sentries","floor":8,"turns":3},{"damage":0,"enemies":"Gremlin Nob","floor":11,"turns":2},{"damage":2,"enemies":"3 Louse","floor":12,"turns":3},{"damage":15,"enemies":"Lots of Slimes","floor":14,"turns":2},{"damage":6,"enemies":"Hexaghost","floor":16,"turns":5},{"damage":0,"enemies":"2 Thieves","floor":18,"turns":2},{"damage":0,"enemies":"Masked Bandits","floor":19,"turns":3},{"damage":20,"enemies":"Shell Parasite","floor":20,"turns":4},{"damage":8,"enemies":"Cultist and Chosen","floor":22,"turns":2},{"damage":5,"enemies":"Gremlin Leader","floor":24,"turns":4},{"damage":7,"enemies":"Slavers","floor":27,"turns":3},{"damage":12,"enemies":"Gremlin Leader","floor":29,"turns":4},{"damage":0,"enemies":"Centurion and Healer","floor":30,"turns":2},{"damage":0,"enemies":"Chosen and Byrds","floor":31,"turns":3},{"damage":44,"enemies":"Automaton","floor":33,"turns":7},{"damage":0,"enemies":"Orb Walker","floor":35,"turns":3},{"damage":4,"enemies":"3 Shapes","floor":38,"turns":1},{"damage":50,"enemies":"Nemesis","floor":40,"turns":9},{"damage":14,"enemies":"Spire Growth","floor":42,"turns":4},{"damage":7,"enemies":"2 Orb Walkers","floor":44,"turns":3},{"damage":23,"enemies":"Writhing Mass","floor":46,"turns":4},{"damage":24,"enemies":"Sphere and 2 Shapes","floor":48,"turns":6},{"damage":45,"enemies":"Time Eater","floor":50,"turns":9}],"seed_played":"-2702493597947619850","potions_obtained":[{"floor":5,"key":"Poison Potion"},{"floor":8,"key":"SteroidPotion"},{"floor":11,"key":"Weak Potion"},{"floor":20,"key":"Poison Potion"},{"floor":27,"key":"Fire Potion"},{"floor":29,"key":"EssenceOfSteel"},{"floor":31,"key":"Regen Potion"},{"floor":42,"key":"Swift Potion"},{"floor":46,"key":"SkillPotion"}],"is_trial":false,"path_per_floor":["M","?","?","M","M","M","R","E","T","R","E","M","$","M","R","B",null,"M","?","M","$","M","R","E","R","T","E","$","E","M","M","R","B",null,"M","?","?","M","$","E","R","M","T","?","R","M","$","M","R","B"],"character_chosen":"DEFECT","items_purchased":["Beam Cell","Gremlin Horn","Hologram","Conserve Battery","Reprogram","Rebound"],"campfire_rested":1,"item_purchase_floors":[13,21,28,28,39,39],"current_hp_per_floor":[68,61,46,46,46,46,46,37,37,37,37,35,35,20,42,36,75,75,75,55,55,47,47,42,42,42,47,47,47,47,47,47,15,75,75,75,75,71,71,39,39,41,41,46,46,39,39,31,31,0],"gold":77,"neow_bonus":"ONE_RANDOM_RARE_CARD","is_prod":false,"is_daily":false,"chose_seed":false,"campfire_upgraded":8,"win_rate":0,"timestamp":1549912424,"path_taken":["M","?","?","M","M","M","R","E","T","R","E","?","?","M","R","BOSS","M","?","M","$","M","R","E","R","T","E","$","E","M","M","R","BOSS","M","?","?","M","$","E","R","?","T","?","R","M","$","M","R","BOSS"],"build_version":"2019-01-23","purchased_purges":5,"victory":false,"max_hp_per_floor":[75,75,75,75,75,75,75,75,75,75,75,75,75,75,75,75,75,75,75,75,75,75,75,75,75,75,75,75,75,75,75,75,75,75,75,75,75,75,75,75,75,75,75,75,75,75,75,75,75,75],"card_choices":[{"not_picked":["Ball Lightning","Darkness"],"picked":"Beam Cell","floor":1},{"not_picked":["Blizzard","Double Energy","Force Field"],"picked":"SKIP","floor":4},{"not_picked":["Capacitor","Static Discharge"],"picked":"Conserve Battery","floor":5},{"not_picked":["Rip and Tear","Tempest","Glacier"],"picked":"SKIP","floor":6},{"not_picked":["Auto Shields","Capacitor"],"picked":"FTL","floor":8},{"not_picked":["Chaos","Glacier"],"picked":"Compile Driver","floor":11},{"not_picked":["Redo","Static Discharge+1"],"picked":"Hello World+1","floor":12},{"not_picked":["Steam","Gash","Streamline"],"picked":"SKIP","floor":14},{"not_picked":["Amplify","Seek"],"picked":"Creative AI+1","floor":16},{"not_picked":["Reinforced Body"],"picked":"SKIP","floor":18},{"not_picked":["Fusion"],"picked":"SKIP","floor":20},{"not_picked":["Cold Snap"],"picked":"SKIP","floor":22},{"not_picked":["Redo"],"picked":"SKIP","floor":24},{"not_picked":["Darkness"],"picked":"SKIP","floor":27},{"not_picked":["Gash"],"picked":"SKIP","floor":29},{"not_picked":["Rebound"],"picked":"SKIP","floor":30},{"not_picked":["Streamline"],"picked":"SKIP","floor":31},{"not_picked":["Consume"],"picked":"SKIP","floor":35},{"not_picked":[],"picked":"Bandage Up","floor":36},{"not_picked":["Compile Driver"],"picked":"SKIP","floor":38},{"not_picked":["Conserve Battery"],"picked":"SKIP","floor":40},{"not_picked":["Beam Cell"],"picked":"SKIP","floor":42},{"not_picked":[],"picked":"Stack+1","floor":44},{"not_picked":["Coolheaded"],"picked":"SKIP","floor":46},{"not_picked":["Compile Driver+1"],"picked":"SKIP","floor":48}],"player_experience":61837,"relics_obtained":[{"floor":8,"key":"Pocketwatch"},{"floor":9,"key":"Frozen Egg 2"},{"floor":11,"key":"Happy Flower"},{"floor":19,"key":"Red Mask"},{"floor":24,"key":"Meat on the Bone"},{"floor":26,"key":"Tiny Chest"},{"floor":27,"key":"The Courier"},{"floor":29,"key":"Art of War"},{"floor":40,"key":"Sundial"},{"floor":43,"key":"Mummified Hand"},{"floor":44,"key":"Du-Vu Doll"}],"event_choices":[{"cards_removed":["Strike_B"],"damage_healed":0,"gold_gain":0,"player_choice":"Card Removal","damage_taken":7,"max_hp_gain":0,"max_hp_loss":0,"event_name":"Golden Wing","floor":2,"gold_loss":0},{"damage_healed":0,"gold_gain":0,"player_choice":"Entered Light","damage_taken":15,"max_hp_gain":0,"max_hp_loss":0,"event_name":"Shining Light","floor":3,"gold_loss":0,"cards_upgraded":["Strike_B","Defend_B"]},{"damage_healed":0,"gold_gain":0,"player_choice":"Fought Bandits","damage_taken":0,"max_hp_gain":0,"max_hp_loss":0,"event_name":"Masked Bandits","floor":19,"gold_loss":0},{"damage_healed":0,"gold_gain":0,"player_choice":"Memory 1","damage_taken":0,"max_hp_gain":0,"max_hp_loss":0,"event_name":"SensoryStone","floor":36,"gold_loss":0},{"damage_healed":0,"gold_gain":0,"player_choice":"0 cards matched","damage_taken":0,"max_hp_gain":0,"max_hp_loss":0,"event_name":"Match and Keep!","floor":37,"gold_loss":0,"cards_obtained":[]},{"damage_healed":0,"gold_gain":0,"player_choice":"Fight","damage_taken":0,"max_hp_gain":0,"max_hp_loss":0,"event_name":"Mysterious Sphere","floor":44,"gold_loss":0}],"is_beta":false,"boss_relics":[{"not_picked":["Runic Dome","Astrolabe"],"picked":"Busted Crown"},{"not_picked":["Cursed Key","Velvet Choker"],"picked":"Coffee Dripper"}],"items_purged_floors":[13,21,28,39,47],"is_endless":false,"potions_floor_spawned":[5,8,11,20,27,29,31,35,38,42,46],"killed_by":"Time Eater","ascension_level":2}