{"gold_per_floor":[110,35,48,48,13,13,48,48,48,48,48,75,92,106,106,106],"floor_reached":16,"playtime":568,"items_purged":[],"score":173,"play_id":"26d3f578-03bc-49ac-b776-3e9d3d4a30c6","local_time":"20180913163157","is_ascension_mode":true,"campfire_choices":[{"data":"Neutralize","floor":6,"key":"SMITH"},{"data":"Dash","floor":8,"key":"SMITH"},{"floor":10,"key":"REST"},{"data":"Cloak And Dagger","floor":15,"key":"SMITH"}],"neow_cost":"NONE","seed_source_timestamp":133359126964263,"circlet_count":0,"master_deck":["Defend_G","Defend_G","Defend_G","Defend_G","Defend_G","Strike_G","Strike_G","Strike_G","Strike_G","Survivor","Neutralize+1","AscendersBane","Blade Dance","Dash+1","Blade Dance","Dash","Cloak And Dagger+1","Blade Dance","Terror"],"relics":["Runic Dome","Boot","Tingsha","Girya","Snake Skull"],"potions_floor_usage":[16,16],"damage_taken":[{"damage":7,"enemies":"2 Louse","floor":1,"turns":2},{"damage":0,"enemies":"Cultist","floor":3,"turns":4},{"damage":26,"enemies":"Gremlin Nob","floor":7,"turns":5},{"damage":27,"enemies":"Lagavulin","floor":12,"turns":6},{"damage":0,"enemies":"Jaw Worm","floor":13,"turns":2},{"damage":0,"enemies":"Looter","floor":14,"turns":3},{"damage":33,"enemies":"The Guardian","floor":16,"turns":11}],"seed_played":"905920201626047569","potions_obtained":[{"floor":1,"key":"Fire Potion"},{"floor":12,"key":"Fire Potion"},{"floor":13,"key":"Block Potion"}],"is_trial":false,"path_per_floor":["M","$","M","?","?","R","E","R","T","R","?","E","M","M","R"],"character_chosen":"THE_SILENT","items_purchased":["Dash"],"campfire_rested":1,"item_purchase_floors":[2],"current_hp_per_floor":[56,56,56,56,70,70,44,44,44,65,58,31,31,31,31,0],"gold":106,"neow_bonus":"BOSS_RELIC","is_prod":false,"is_daily":false,"chose_seed":false,"campfire_upgraded":3,"win_rate":0,"timestamp":1536870717,"path_taken":["M","$","M","?","?","R","E","R","T","R","?","E","M","M","R","BOSS"],"build_version":"2018-09-06","purchased_purges":0,"victory":false,"max_hp_per_floor":[70,70,70,70,70,70,70,70,70,70,70,70,70,70,70,70],"card_choices":[{"not_picked":["Finisher","Calculated Gamble"],"picked":"Blade Dance","floor":1},{"not_picked":["Acrobatics","Tactician"],"picked":"Blade Dance","floor":3},{"not_picked":["Flying Knee","Underhanded Strike"],"picked":"Dash","floor":7},{"not_picked":["Quick Slash","Predator"],"picked":"Cloak And Dagger","floor":12},{"not_picked":["Concentrate","Dodge and Roll"],"picked":"Blade Dance","floor":13},{"not_picked":["Quick Slash","Dagger Spray"],"picked":"Terror","floor":14}],"player_experience":1525795,"relics_obtained":[{"floor":7,"key":"Tingsha"},{"floor":9,"key":"Girya"},{"floor":12,"key":"Snake Skull"}],"event_choices":[{"event_name":"WeMeetAgain","player_choice":"Potion","floor":4,"damage_taken":0},{"event_name":"The Cleric","player_choice":"Healed","floor":5,"damage_taken":0},{"event_name":"Golden Wing","player_choice":"Card Removal","floor":11,"damage_taken":0}],"is_beta":false,"boss_relics":[],"items_purged_floors":[],"is_endless":false,"potions_floor_spawned":[1,12,13],"killed_by":"The Guardian","ascension_level":12}