{"path_per_floor":["M","M","$","?","M","E","R","$","T","E","?","R","?","M","R","B",null,"M","?","M","M","M"],"character_chosen":"IRONCLAD","items_purchased":["Perfected Strike","Wild Strike"],"gold_per_floor":[119,130,6,6,24,49,49,3,3,28,90,90,90,107,107,208,238,258,258,275,287,299,299],"floor_reached":23,"campfire_rested":2,"playtime":1578,"item_purchase_floors":[3,8],"current_hp_per_floor":[68,62,62,62,62,45,69,69,69,68,53,79,67,75,75,71,92,92,92,78,76,27,0],"items_purged":["Defend_R"],"gold":299,"score":226,"play_id":"140f5fed-be1a-4a2d-8ab8-b29300e06d26","local_time":"20180530165110","is_prod":false,"is_daily":false,"chose_seed":false,"is_ascension_mode":false,"campfire_upgraded":0,"win_rate":0,"timestamp":1527713470,"campfire_choices":[{"floor":7,"key":"REST"},{"floor":12,"key":"REST"},{"data":"Defend_R","floor":15,"key":"PURGE"}],"path_taken":["M","M","$","?","M","E","R","$","T","E","?","R","?","M","R","BOSS","M","?","M","M","M","E"],"build_version":"2018-05-24","seed_source_timestamp":260326526696856,"purchased_purges":1,"victory":false,"master_deck":["Strike_R","Strike_R","Strike_R+1","Strike_R","Strike_R","Defend_R","Bash","Cleave","Cleave","Perfected Strike","Uppercut","Wild Strike","Wild Strike","Anger","Twin Strike","Immolate","Cleave","Perfected Strike","Cleave+1","Pummel+1"],"max_hp_per_floor":[80,80,80,80,80,80,80,80,80,87,87,87,87,87,87,87,92,92,92,92,92,92,92],"relics":["Burning Blood","Peace Pipe","Ginger","Strawberry","Dead Branch","Blood Vial","Tiny House","Sundial"],"card_choices":[{"not_picked":["Sword Boomerang","Twin Strike"],"picked":"Cleave","floor":1},{"not_picked":["Anger","Corruption"],"picked":"Cleave","floor":2},{"not_picked":["Twin Strike","Rage"],"picked":"Uppercut","floor":5},{"not_picked":["Heavy Blade","Rupture"],"picked":"Wild Strike","floor":6},{"not_picked":["Feed","Sword Boomerang"],"picked":"Anger","floor":10},{"not_picked":["Burning Pact","Fire Breathing"],"picked":"Twin Strike","floor":14},{"not_picked":["Feed","Limit Break"],"picked":"Immolate","floor":16},{"not_picked":["Havoc","Clothesline"],"picked":"Cleave","floor":17},{"not_picked":["Rupture","Iron Wave"],"picked":"Perfected Strike","floor":18},{"not_picked":["Havoc","Searing Blow","Heavy Blade+1"],"picked":"SKIP","floor":20},{"not_picked":["Warcry","Rupture"],"picked":"Cleave+1","floor":21},{"not_picked":["Carnage","Berserk"],"picked":"Pummel+1","floor":22}],"player_experience":210231,"potions_floor_usage":[6,16,20,21,22,22],"damage_taken":[{"damage":18,"enemies":"Jaw Worm","floor":1,"turns":3},{"damage":12,"enemies":"Small Slimes","floor":2,"turns":3},{"damage":6,"enemies":"Cultist","floor":5,"turns":3},{"damage":35,"enemies":"3 Sentries","floor":6,"turns":5},{"damage":14,"enemies":"Gremlin Nob","floor":10,"turns":3},{"damage":21,"enemies":"Gremlin Nob","floor":11,"turns":4},{"damage":0,"enemies":"Large Slime","floor":14,"turns":3},{"damage":12,"enemies":"Slime Boss","floor":16,"turns":7},{"damage":0,"enemies":"Chosen","floor":18,"turns":3},{"damage":20,"enemies":"2 Thieves","floor":20,"turns":3},{"damage":10,"enemies":"Cultist and Chosen","floor":21,"turns":4},{"damage":57,"enemies":"Slaver and Parasite","floor":22,"turns":5},{"damage":34,"enemies":"Slavers","floor":23,"turns":2}],"relics_obtained":[{"floor":6,"key":"Peace Pipe"},{"floor":9,"key":"Ginger"},{"floor":10,"key":"Strawberry"}],"event_choices":[{"event_name":"The Cleric","player_choice":"Leave","floor":4,"damage_taken":0},{"event_name":"Dead Adventurer","player_choice":"Searched \u00272\u0027 times","floor":11,"damage_taken":0},{"event_name":"Scrap Ooze","player_choice":"success","floor":13,"damage_taken":12},{"event_name":"The Mausoleum","player_choice":"Yes","floor":19,"damage_taken":0}],"boss_relics":[{"not_picked":["Ectoplasm","Eternal Feather"],"picked":"Tiny House"}],"items_purged_floors":[3],"potions_floor_spawned":[5,10,11,20,21,22],"seed_played":"4853881875303150553","killed_by":"Slavers","ascension_level":0,"potions_obtained":[{"floor":5,"key":"Regen Potion"},{"floor":10,"key":"Swift Potion"},{"floor":11,"key":"EssenceOfSteel"},{"floor":17,"key":"Block Potion"},{"floor":20,"key":"Strength Potion"},{"floor":21,"key":"FearPotion"},{"floor":22,"key":"SpeedPotion"}],"is_trial":false}