{"gold_per_floor":[110,126,141,152,49,49,84,84,84,84,159,172,172,202,202,300,300,312,326,326,15,15],"floor_reached":22,"playtime":865,"items_purged":[],"score":243,"play_id":"44a21ab4-b02d-452d-ad9a-f3d133b20227","local_time":"20180709175921","is_ascension_mode":true,"campfire_choices":[{"data":"Noxious Fumes","floor":6,"key":"SMITH"},{"floor":8,"key":"REST"},{"data":"Terror","floor":10,"key":"SMITH"},{"floor":15,"key":"REST"}],"neow_cost":"NONE","seed_source_timestamp":507267853078280,"circlet_count":0,"master_deck":["Defend_G","Defend_G","Defend_G","Defend_G","Defend_G","Strike_G","Strike_G","Strike_G","Strike_G","Strike_G","Survivor","Neutralize","Footwork","Poisoned Stab","Noxious Fumes+1","Terror+1","Noxious Fumes+1","Deadly Poison","Footwork","Bane","Backflip","Adrenaline","Poisoned Stab","PiercingWail","Panache","Poisoned Stab","Well Laid Plans"],"relics":["Ring of the Snake","NeowsBlessing","Pen Nib","Dodecahedron","Matryoshka","Eternal Feather"],"potions_floor_usage":[14,18,22],"damage_taken":[{"damage":0,"enemies":"Jaw Worm","floor":1,"turns":1},{"damage":0,"enemies":"2 Louse","floor":2,"turns":1},{"damage":0,"enemies":"Small Slimes","floor":3,"turns":1},{"damage":12,"enemies":"Blue Slaver","floor":4,"turns":5},{"damage":19,"enemies":"Lagavulin","floor":7,"turns":6},{"damage":5,"enemies":"3 Louse","floor":12,"turns":6},{"damage":20,"enemies":"3 Sentries","floor":14,"turns":5},{"damage":38,"enemies":"Slime Boss","floor":16,"turns":9},{"damage":35,"enemies":"2 Thieves","floor":18,"turns":4},{"damage":16,"enemies":"Spheric Guardian","floor":19,"turns":5},{"damage":8,"enemies":"Snake Plant","floor":22,"turns":3}],"seed_played":"-2252254625225074524","potions_obtained":[{"floor":2,"key":"SpeedPotion"},{"floor":7,"key":"SteroidPotion"},{"floor":12,"key":"Regen Potion"},{"floor":16,"key":"Energy Potion"}],"is_trial":false,"path_per_floor":["M","M","M","M","$","R","E","R","T","R","?","M","?","E","R","B",null,"M","M","?","$"],"character_chosen":"THE_SILENT","items_purchased":["Noxious Fumes","Deadly Poison","Panache","Poisoned Stab","Well Laid Plans"],"campfire_rested":2,"item_purchase_floors":[5,5,21,21,21],"current_hp_per_floor":[70,70,70,58,58,58,39,60,60,60,49,44,44,38,59,21,58,23,7,7,7,0],"gold":15,"neow_bonus":"THREE_ENEMY_KILL","is_prod":false,"is_daily":false,"chose_seed":false,"campfire_upgraded":2,"win_rate":0,"timestamp":1531173561,"path_taken":["M","M","M","M","$","R","E","R","T","R","?","M","?","E","R","BOSS","M","M","?","$","M"],"build_version":"2018-07-05","purchased_purges":0,"victory":false,"max_hp_per_floor":[70,70,70,70,70,70,70,70,70,70,70,70,70,70,70,70,70,70,70,70,70,70],"card_choices":[{"not_picked":["Deflect","Sucker Punch"],"picked":"Footwork","floor":1},{"not_picked":["PiercingWail","Acrobatics"],"picked":"Poisoned Stab","floor":2},{"not_picked":["Finisher","Deadly Poison"],"picked":"Noxious Fumes","floor":3},{"not_picked":["Reflex","Storm of Steel"],"picked":"Terror","floor":4},{"not_picked":["PiercingWail","Concentrate"],"picked":"Footwork","floor":7},{"not_picked":["Deflect","Quick Slash"],"picked":"Bane","floor":12},{"not_picked":["Acrobatics","Outmaneuver"],"picked":"Backflip","floor":14},{"not_picked":["Burst","Night Terror"],"picked":"Adrenaline","floor":16},{"not_picked":["Flying Knee","Cloak And Dagger+1"],"picked":"Poisoned Stab","floor":18},{"not_picked":["Dodge and Roll+1","Distraction"],"picked":"PiercingWail","floor":19}],"player_experience":1015516,"relics_obtained":[{"floor":7,"key":"Pen Nib"},{"floor":9,"key":"Dodecahedron"},{"floor":14,"key":"Matryoshka"}],"event_choices":[{"event_name":"World of Goop","player_choice":"Gather Gold","floor":11,"damage_taken":0},{"event_name":"Living Wall","player_choice":"Grow","floor":13,"damage_taken":0},{"event_name":"Vampires","player_choice":"Ignored","floor":20,"damage_taken":0}],"boss_relics":[{"not_picked":["Calling Bell","Velvet Choker"],"picked":"Eternal Feather"}],"items_purged_floors":[],"is_endless":false,"potions_floor_spawned":[2,7,12,16],"killed_by":"Snake Plant","ascension_level":5}