{"gold_per_floor":[115,133,6,18,33,33,33,62,62,127,127],"floor_reached":11,"playtime":797,"items_purged":[],"score":73,"play_id":"d85df5c7-cbf4-415c-9971-a8bfe4ffd516","local_time":"20190107160055","is_ascension_mode":false,"campfire_choices":[{"data":"Barricade","floor":6.0,"key":"SMITH"}],"neow_cost":"NONE","seed_source_timestamp":292120934714292,"circlet_count":0,"master_deck":["Strike_R","Strike_R","Strike_R","Strike_R","Defend_R","Defend_R","Defend_R","Defend_R","Bash","Sword Boomerang","Body Slam","Barricade+1","Pummel","Body Slam","Shrug It Off","Flex"],"special_seed":0,"relics":["Burning Blood","Girya","Bottled Flame"],"potions_floor_usage":[8,8,10],"damage_taken":[{"damage":8.0,"enemies":"Jaw Worm","floor":1.0,"turns":4.0},{"damage":8.0,"enemies":"2 Louse","floor":2.0,"turns":3.0},{"damage":0.0,"enemies":"Cultist","floor":4.0,"turns":3.0},{"damage":8.0,"enemies":"3 Louse","floor":5.0,"turns":5.0},{"damage":46,"enemies":"Gremlin Nob","floor":8,"turns":5},{"damage":36,"enemies":"Gremlin Nob","floor":10,"turns":5},{"damage":8,"enemies":"Gremlin Gang","floor":11,"turns":1}],"seed_played":"-6786023895228513812","potions_obtained":[{"floor":2.0,"key":"Swift Potion"},{"floor":8,"key":"Swift Potion"},{"floor":10,"key":"Strength Potion"}],"is_trial":false,"path_per_floor":["M","M","$","M","M","R","$","E","T","?","M"],"character_chosen":"IRONCLAD","items_purchased":["Barricade","Poison Potion"],"campfire_rested":0,"item_purchase_floors":[3,3],"current_hp_per_floor":[78,76,76,80,78,78,78,38,38,8,0],"gold":127,"neow_bonus":"REMOVE_CARD","is_prod":false,"is_daily":false,"chose_seed":false,"campfire_upgraded":1,"win_rate":0,"timestamp":1546894855,"path_taken":["M","M","$","M","M","R","$","E","T","?","M"],"build_version":"2019-01-03v4","purchased_purges":0,"victory":false,"max_hp_per_floor":[80,80,80,80,80,80,80,80,80,80,80],"card_choices":[{"not_picked":["Bloodletting","Iron Wave"],"picked":"Sword Boomerang","floor":1.0},{"not_picked":["Wild Strike","Heavy Blade"],"picked":"Body Slam","floor":2.0},{"not_picked":["Twin Strike","Warcry"],"picked":"Pummel","floor":4.0},{"not_picked":["Havoc","Power Through"],"picked":"Body Slam","floor":5.0},{"not_picked":["Evolve","Twin Strike"],"picked":"Shrug It Off","floor":8},{"not_picked":["Perfected Strike","Clash"],"picked":"Flex","floor":10}],"player_experience":2043328,"relics_obtained":[{"floor":8,"key":"Girya"},{"floor":10,"key":"Bottled Flame"}],"event_choices":[{"damage_healed":0,"gold_gain":0,"player_choice":"Searched \u00271\u0027 times","damage_taken":0,"max_hp_gain":0,"max_hp_loss":0,"event_name":"Dead Adventurer","floor":10,"gold_loss":0}],"is_beta":false,"boss_relics":[],"items_purged_floors":[],"is_endless":false,"potions_floor_spawned":[2,8,10],"killed_by":"Gremlin Gang","ascension_level":0}