{"gold_per_floor":[115,115,131,147,161,161,188,188,211,51,67,67,79,112,112,185,185,201,151,162,182,182,182,19,19,19,19,46,64,78,78,78,78],"floor_reached":33,"playtime":6412,"items_purged":[],"score":592,"play_id":"a1199779-04c0-4188-b5b1-46fcf4e0bd0c","local_time":"20190209192114","is_ascension_mode":true,"campfire_choices":[{"data":"Footwork","floor":6.0,"key":"SMITH"},{"data":"After Image","floor":12.0,"key":"SMITH"},{"data":"Caltrops","floor":15.0,"key":"SMITH"},{"data":"Phantasmal Killer","floor":23,"key":"SMITH"},{"floor":25,"key":"REST"},{"data":"Infinite Blades","floor":27,"key":"SMITH"},{"data":"Malaise","floor":32,"key":"SMITH"}],"neow_cost":"CURSE","seed_source_timestamp":65122310763148,"circlet_count":0,"master_deck":["AscendersBane","Defend_G","Defend_G","Defend_G","Defend_G+1","Defend_G","Strike_G","Strike_G","Strike_G","Strike_G","Strike_G","Survivor","Neutralize+1","Doubt","Caltrops+1","Backflip","Footwork+1","Terror+1","Well Laid Plans+1","After Image+1","Deflect","Malaise+1","Cloak And Dagger","Phantasmal Killer+1","Infinite Blades+1","Backstab","Predator","Escape Plan","Adrenaline"],"special_seed":0,"relics":["Ring of the Snake","Gambling Chip","PreservedInsect","War Paint","Centennial Puzzle","Cursed Key","Bag of Preparation","Gremlin Horn","Smiling Mask","Spirit Poop"],"potions_floor_usage":[21,21,33,33],"damage_taken":[{"damage":0.0,"enemies":"2 Louse","floor":1.0,"turns":4.0},{"damage":19.0,"enemies":"Cultist","floor":3.0,"turns":5.0},{"damage":4.0,"enemies":"Jaw Worm","floor":4.0,"turns":7.0},{"damage":5.0,"enemies":"Exordium Thugs","floor":5.0,"turns":8.0},{"damage":25.0,"enemies":"3 Sentries","floor":7.0,"turns":13.0},{"damage":0.0,"enemies":"2 Fungi Beasts","floor":11.0,"turns":5.0},{"damage":0.0,"enemies":"Lots of Slimes","floor":13.0,"turns":6.0},{"damage":0.0,"enemies":"Lagavulin","floor":14.0,"turns":8.0},{"damage":2.0,"enemies":"The Guardian","floor":16.0,"turns":15.0},{"damage":2.0,"enemies":"3 Byrds","floor":18.0,"turns":4.0},{"damage":4.0,"enemies":"2 Thieves","floor":19.0,"turns":5.0},{"damage":24.0,"enemies":"3 Cultists","floor":20.0,"turns":8.0},{"damage":10,"enemies":"Cultist and Chosen","floor":21,"turns":7},{"damage":4,"enemies":"Book of Stabbing","floor":28,"turns":5},{"damage":0,"enemies":"Snake Plant","floor":29,"turns":4},{"damage":2,"enemies":"3 Cultists","floor":30,"turns":5},{"damage":62,"enemies":"Champ","floor":33,"turns":14}],"seed_played":"9069492651375935301","potions_obtained":[{"floor":1.0,"key":"Explosive Potion"},{"floor":5.0,"key":"Explosive Potion"},{"floor":11.0,"key":"GhostInAJar"},{"floor":14.0,"key":"GamblersBrew"},{"floor":16.0,"key":"Ancient Potion"},{"floor":19.0,"key":"FearPotion"},{"floor":29,"key":"SteroidPotion"},{"floor":30,"key":"Strength Potion"}],"is_trial":false,"path_per_floor":["M","?","M","M","M","R","E","?","T","$","M","R","M","E","R","B",null,"M","M","M","M","?","R","$","R","T","R","E","M","M","?","R","B"],"character_chosen":"THE_SILENT","items_purchased":["After Image","Bag of Preparation"],"campfire_rested":1,"item_purchase_floors":[10,24],"current_hp_per_floor":[59,59,40,36,31,31,6,6,6,6,6,6,6,6,6,4,51,49,45,21,11,11,11,11,30,30,30,26,26,24,24,24,0],"gold":78,"neow_bonus":"ONE_RARE_RELIC","is_prod":false,"is_daily":false,"chose_seed":false,"campfire_upgraded":6,"win_rate":0,"timestamp":1549736474,"path_taken":["M","?","M","M","?","R","E","?","T","$","M","R","M","E","R","BOSS","M","?","M","M","?","R","?","R","T","R","E","M","M","?","R","BOSS"],"build_version":"2019-01-23","purchased_purges":0,"victory":false,"max_hp_per_floor":[66,66,66,66,66,66,66,66,66,66,66,66,66,66,66,66,66,66,66,66,66,66,66,66,66,66,66,66,66,66,66,66,66],"card_choices":[{"not_picked":["Poisoned Stab","Well Laid Plans"],"picked":"Caltrops","floor":1.0},{"not_picked":["Accuracy","Blade Dance"],"picked":"Backflip","floor":3.0},{"not_picked":["PiercingWail","Acrobatics"],"picked":"Footwork","floor":4.0},{"not_picked":["Underhanded Strike","Outmaneuver"],"picked":"Terror","floor":5.0},{"not_picked":["Underhanded Strike","Escape Plan"],"picked":"Well Laid Plans","floor":7.0},{"not_picked":["Choke","Finisher"],"picked":"Deflect","floor":11.0},{"not_picked":["Poisoned Stab","Dagger Throw"],"picked":"Malaise","floor":13.0},{"not_picked":["Flechettes","Infinite Blades"],"picked":"Cloak And Dagger","floor":14.0},{"not_picked":["Wraith Form v2","Grand Finale"],"picked":"Phantasmal Killer","floor":16.0},{"not_picked":["Deadly Poison","Slice"],"picked":"Infinite Blades","floor":18.0},{"not_picked":["PiercingWail","Endless Agony+1","Underhanded Strike"],"picked":"SKIP","floor":19.0},{"not_picked":["Bane+1","Blade Dance"],"picked":"Backstab","floor":20.0},{"not_picked":["All Out Attack","Deflect","Flying Knee"],"picked":"SKIP","floor":21},{"not_picked":["Dodge and Roll","Blade Dance"],"picked":"Predator","floor":28},{"not_picked":["Catalyst","Poisoned Stab"],"picked":"Escape Plan","floor":29},{"not_picked":["Outmaneuver","Deflect+1"],"picked":"Adrenaline","floor":30}],"player_experience":1381763,"relics_obtained":[{"floor":7.0,"key":"PreservedInsect"},{"floor":9.0,"key":"War Paint"},{"floor":14.0,"key":"Centennial Puzzle"},{"floor":26,"key":"Gremlin Horn"},{"floor":28,"key":"Smiling Mask"}],"event_choices":[{"damage_healed":0.0,"max_hp_gain":0.0,"max_hp_loss":0.0,"gold_gain":0.0,"event_name":"Upgrade Shrine","player_choice":"Upgraded","floor":2.0,"gold_loss":0.0,"damage_taken":0.0,"cards_upgraded":["Neutralize"]},{"damage_healed":0.0,"max_hp_gain":0.0,"max_hp_loss":0.0,"gold_gain":0.0,"event_name":"Accursed Blacksmith","player_choice":"Forge","floor":8.0,"gold_loss":0.0,"damage_taken":0.0,"cards_upgraded":["Well Laid Plans"]},{"damage_healed":0,"gold_gain":0,"player_choice":"Ignored","damage_taken":0,"max_hp_gain":0,"max_hp_loss":0,"event_name":"Cursed Tome","floor":22,"gold_loss":0},{"cards_removed":["Regret"],"damage_healed":0,"gold_gain":0,"player_choice":"Offered Curse","damage_taken":0,"relics_obtained":["Spirit Poop"],"max_hp_gain":0,"max_hp_loss":0,"event_name":"Bonfire Elementals","floor":31,"gold_loss":0}],"is_beta":false,"boss_relics":[{"not_picked":["Lizard Tail","Astrolabe"],"picked":"Cursed Key"}],"items_purged_floors":[],"is_endless":false,"potions_floor_spawned":[1,5,11,14,16,19,29,30],"killed_by":"Champ","ascension_level":19}