{"gold_per_floor":[119,130,149,163,88,88,144,157,239,239,239,257,282,294,294,392,392,402,253,272,291,23,23,23,23,23,53,67,67,33,46,46,151,151,167,185,203,203],"floor_reached":38,"playtime":2032,"items_purged":["Strike_B","Strike_B"],"score":392,"play_id":"05e9aef2-1654-4c3e-b9ba-77bc4aba9626","local_time":"20190208195134","is_ascension_mode":false,"campfire_choices":[{"data":"Defend_B","floor":6,"key":"SMITH"},{"data":"Defragment","floor":10,"key":"SMITH"},{"floor":15,"key":"REST"},{"data":"Transmutation","floor":23,"key":"SMITH"},{"data":"Go for the Eyes","floor":25,"key":"SMITH"},{"floor":32,"key":"REST"}],"neow_cost":"NONE","seed_source_timestamp":14607300869306,"circlet_count":0,"master_deck":["Defend_B+1","Defend_B","Defend_B","Zap","Dualcast","Beam Cell","Sweeping Beam","Go for the Eyes+1","Defragment+1","Ball Lightning","Conserve Battery","Transmutation+1","Reprogram","Cold Snap","Go for the Eyes+1","Loop","All For One","Creative AI","Hologram+1","Leap+1","Defragment"],"relics":["Cracked Core","NeowsBlessing","Tiny Chest","Mercury Hourglass","Calipers","Sozu","Orichalcum","Bottled Flame","Empty Cage"],"potions_floor_usage":[7,7,13,13,27],"damage_taken":[{"damage":0,"enemies":"Cultist","floor":1,"turns":1},{"damage":0,"enemies":"Small Slimes","floor":2,"turns":1},{"damage":0,"enemies":"2 Louse","floor":3,"turns":1},{"damage":2,"enemies":"Looter","floor":4,"turns":4},{"damage":4,"enemies":"3 Sentries","floor":7,"turns":4},{"damage":7,"enemies":"Exordium Wildlife","floor":8,"turns":4},{"damage":0,"enemies":"2 Fungi Beasts","floor":12,"turns":2},{"damage":18,"enemies":"Lagavulin","floor":13,"turns":4},{"damage":11,"enemies":"Gremlin Gang","floor":14,"turns":3},{"damage":16,"enemies":"Slime Boss","floor":16,"turns":5},{"damage":12,"enemies":"Shell Parasite","floor":18,"turns":3},{"damage":5,"enemies":"2 Thieves","floor":20,"turns":4},{"damage":11,"enemies":"Snecko","floor":21,"turns":5},{"damage":0,"enemies":"Centurion and Healer","floor":27,"turns":4},{"damage":0,"enemies":"3 Cultists","floor":28,"turns":3},{"damage":8,"enemies":"Cultist and Chosen","floor":31,"turns":5},{"damage":46,"enemies":"Collector","floor":33,"turns":12},{"damage":12,"enemies":"3 Shapes","floor":35,"turns":4},{"damage":15,"enemies":"Orb Walker","floor":36,"turns":4},{"damage":21,"enemies":"Maw","floor":37,"turns":9},{"damage":35,"enemies":"2 Orb Walkers","floor":38,"turns":3}],"seed_played":"2231235781265500413","potions_obtained":[{"floor":3,"key":"EssenceOfSteel"},{"floor":4,"key":"AttackPotion"},{"floor":7,"key":"SkillPotion"},{"floor":12,"key":"AttackPotion"},{"floor":13,"key":"EssenceOfSteel"}],"is_trial":false,"path_per_floor":["M","M","M","M","$","R","E","M","T","R","?","M","E","M","R","B",null,"M","$","M","M","$","R","?","R","T","M","M","?","$","M","R","B",null,"M","M","M","?"],"character_chosen":"DEFECT","items_purchased":["Conserve Battery","Transmutation","Reprogram","Loop"],"campfire_rested":2,"item_purchase_floors":[19,22,22,30],"current_hp_per_floor":[75,75,75,73,73,73,69,62,62,62,55,55,37,26,48,32,75,63,63,58,47,47,47,47,47,47,47,47,33,33,25,49,3,80,68,53,32,0],"gold":203,"neow_bonus":"THREE_ENEMY_KILL","is_prod":false,"is_daily":false,"chose_seed":false,"campfire_upgraded":4,"win_rate":0.0,"timestamp":1549651894,"path_taken":["M","?","M","M","$","R","E","M","T","R","?","M","E","M","R","BOSS","M","$","M","M","$","R","?","R","T","M","M","?","$","M","R","BOSS","M","M","M","?"],"build_version":"2019-01-23","purchased_purges":2,"victory":false,"max_hp_per_floor":[75,75,75,75,75,75,75,75,75,75,75,75,75,75,75,75,75,75,75,75,75,75,75,75,75,75,75,75,80,80,80,80,80,80,80,80,80,80],"card_choices":[{"not_picked":["Coolheaded","Barrage","Stack"],"picked":"SKIP","floor":1},{"not_picked":["Stack","Double Energy","Compile Driver"],"picked":"SKIP","floor":2},{"not_picked":["Echo Form","Hologram"],"picked":"Beam Cell","floor":3},{"not_picked":["Streamline","Force Field"],"picked":"Sweeping Beam","floor":4},{"not_picked":["Lockon","Doom and Gloom"],"picked":"Go for the Eyes","floor":7},{"not_picked":["Sunder","Beam Cell"],"picked":"Defragment","floor":8},{"not_picked":["Redo","Streamline"],"picked":"Ball Lightning","floor":12},{"not_picked":["Hello World","Sweeping Beam","Chill"],"picked":"SKIP","floor":13},{"not_picked":["Multi-Cast","Streamline","Sweeping Beam"],"picked":"SKIP","floor":14},{"not_picked":["Hologram","Gash","Steam Power"],"picked":"SKIP","floor":18},{"not_picked":["Redo","Turbo","Double Energy"],"picked":"SKIP","floor":20},{"not_picked":["Barrage+1","Ball Lightning","Redo"],"picked":"SKIP","floor":21},{"not_picked":["Genetic Algorithm","Streamline+1"],"picked":"Cold Snap","floor":27},{"not_picked":["Rebound","Redo"],"picked":"Go for the Eyes+1","floor":28},{"not_picked":["Conserve Battery+1","Streamline"],"picked":"All For One","floor":31},{"not_picked":["Rainbow","Meteor Strike"],"picked":"Creative AI","floor":33},{"not_picked":["Lockon+1","Redo+1"],"picked":"Hologram+1","floor":35},{"not_picked":["Coolheaded+1","Conserve Battery"],"picked":"Leap+1","floor":36},{"not_picked":["Scrape","Lockon"],"picked":"Defragment","floor":37}],"player_experience":13028,"relics_obtained":[{"floor":7,"key":"Tiny Chest"},{"floor":9,"key":"Mercury Hourglass"},{"floor":13,"key":"Calipers"},{"floor":26,"key":"Bottled Flame"}],"event_choices":[{"cards_removed":["Strike_B"],"damage_healed":0,"gold_gain":0,"player_choice":"Card Removal","damage_taken":7,"max_hp_gain":0,"max_hp_loss":0,"event_name":"Golden Wing","floor":11,"gold_loss":0},{"damage_healed":0,"gold_gain":0,"player_choice":"Opened","damage_taken":0,"relics_obtained":["Orichalcum"],"max_hp_gain":0,"max_hp_loss":0,"event_name":"The Mausoleum","floor":24,"gold_loss":0},{"damage_healed":0,"gold_gain":0,"player_choice":"Shed Blood","damage_taken":19,"max_hp_gain":5,"max_hp_loss":0,"event_name":"Forgotten Altar","floor":29,"gold_loss":0},{"damage_healed":0,"gold_gain":0,"player_choice":"Fight","damage_taken":0,"max_hp_gain":0,"max_hp_loss":0,"event_name":"Mysterious Sphere","floor":38,"gold_loss":0}],"is_beta":false,"boss_relics":[{"not_picked":["Runic Pyramid","Orrery"],"picked":"Sozu"},{"not_picked":["FrozenCore","Tiny House"],"picked":"Empty Cage"}],"items_purged_floors":[5,19],"is_endless":false,"potions_floor_spawned":[3,4,7,12,13,18,21,27,37],"killed_by":"2 Orb Walkers","ascension_level":0}