{"gold_per_floor":[112,112,131,81,6,6,39,56,82,94,94,122,152,187,187,289,289,309,259,273,273,3,3,3,3,29,29,63,77,106,136,136,233,233,251,473,518,618,635,635,686,699,726,739,758,758,773,786,786,786],"floor_reached":50,"playtime":1854,"items_purged":["Defend_B","Strike_B"],"score":588,"play_id":"4972c874-d75c-43ee-85a7-edf74079e75b","local_time":"20190215031139","is_ascension_mode":false,"campfire_choices":[{"data":"Zap","floor":6,"key":"SMITH"},{"data":"Dualcast","floor":11,"key":"SMITH"},{"floor":15,"key":"RECALL"},{"data":"Electrodynamics","floor":23,"key":"SMITH"},{"data":"Coolheaded","floor":25,"key":"SMITH"},{"data":"Seek","floor":32,"key":"SMITH"},{"data":"Ball Lightning","floor":40,"key":"SMITH"},{"data":"Ball Lightning","floor":46,"key":"SMITH"},{"floor":49,"key":"REST"}],"neow_cost":"NONE","seed_source_timestamp":1982074959537552,"circlet_count":0,"master_deck":["Strike_B+1","Strike_B+1","Defend_B+1","Defend_B","Zap+1","Dualcast+1","Ball Lightning+1","Genetic Algorithm","Coolheaded+1","Ball Lightning+1","Electrodynamics+1","Ball Lightning+1","Ball Lightning+1","Seek+1","Echo Form","Consume+1","Defragment+1"],"relics":["Cracked Core","NeowsBlessing","Orichalcum","Bronze Scales","Odd Mushroom","Smiling Mask","Velvet Choker","Membership Card","Juzu Bracelet","Pen Nib","Mercury Hourglass","Regal Pillow","Red Mask","Eternal Feather","Bird Faced Urn","Unceasing Top","Whetstone"],"potions_floor_usage":[14,16,30,33,41,50,50],"damage_taken":[{"damage":0,"enemies":"2 Louse","floor":1,"turns":1},{"damage":0,"enemies":"Small Slimes","floor":3,"turns":1},{"damage":0,"enemies":"Gremlin Nob","floor":7,"turns":1},{"damage":0,"enemies":"Cultist","floor":8,"turns":2},{"damage":0,"enemies":"Looter","floor":10,"turns":2},{"damage":1,"enemies":"The Mushroom Lair","floor":12,"turns":3},{"damage":9,"enemies":"Lagavulin","floor":14,"turns":4},{"damage":25,"enemies":"Slime Boss","floor":16,"turns":6},{"damage":0,"enemies":"Chosen","floor":18,"turns":4},{"damage":2,"enemies":"2 Thieves","floor":20,"turns":3},{"damage":13,"enemies":"Slavers","floor":28,"turns":3},{"damage":0,"enemies":"3 Cultists","floor":29,"turns":2},{"damage":0,"enemies":"Book of Stabbing","floor":30,"turns":3},{"damage":0,"enemies":"Masked Bandits","floor":31,"turns":2},{"damage":14,"enemies":"Automaton","floor":33,"turns":6},{"damage":0,"enemies":"3 Darklings","floor":35,"turns":2},{"damage":0,"enemies":"Mind Bloom Boss Battle","floor":38,"turns":6},{"damage":0,"enemies":"Orb Walker","floor":39,"turns":2},{"damage":19,"enemies":"2 Orb Walkers","floor":41,"turns":3},{"damage":4,"enemies":"Transient","floor":42,"turns":5},{"damage":0,"enemies":"4 Shapes","floor":44,"turns":2},{"damage":26,"enemies":"Writhing Mass","floor":45,"turns":4},{"damage":10,"enemies":"Transient","floor":47,"turns":5},{"damage":0,"enemies":"4 Shapes","floor":48,"turns":2},{"damage":84,"enemies":"Awakened One","floor":50,"turns":5}],"seed_played":"-8270759825233861965","potions_obtained":[{"floor":7,"key":"Weak Potion"},{"floor":8,"key":"SteroidPotion"},{"floor":14,"key":"SneckoOil"},{"floor":16,"key":"Weak Potion"},{"floor":20,"key":"Swift Potion"},{"floor":28,"key":"PowerPotion"},{"floor":31,"key":"SteroidPotion"},{"floor":38,"key":"Weak Potion"},{"floor":45,"key":"SteroidPotion"},{"floor":47,"key":"Block Potion"}],"is_trial":false,"path_per_floor":["M","?","M","?","$","R","E","M","T","M","R","?","?","E","R","B",null,"M","$","M","?","$","R","?","R","T","$","E","M","E","?","R","B",null,"M","?","T","?","M","R","?","M","T","M","M","R","M","M","R","B"],"character_chosen":"DEFECT","items_purchased":["Membership Card","Juzu Bracelet"],"campfire_rested":1,"item_purchase_floors":[22,22],"current_hp_per_floor":[75,60,60,60,60,60,60,60,60,60,60,59,59,50,50,25,75,75,75,73,73,73,73,73,73,73,73,60,60,60,60,60,46,75,75,75,75,75,75,75,60,62,62,64,42,51,49,51,75,0],"gold":786,"neow_bonus":"THREE_ENEMY_KILL","is_prod":false,"is_daily":false,"chose_seed":false,"campfire_upgraded":7,"win_rate":0,"timestamp":1550221899,"path_taken":["M","?","M","?","$","R","E","M","T","M","R","?","?","E","R","BOSS","M","$","M","?","?","R","?","R","T","$","E","M","E","?","R","BOSS","M","?","?","?","M","R","?","M","T","M","M","R","M","M","R","BOSS"],"build_version":"2019-02-06","purchased_purges":2,"victory":false,"max_hp_per_floor":[75,75,75,75,75,75,75,75,75,75,75,75,75,75,75,75,75,75,75,75,75,75,75,75,75,75,75,75,75,75,75,75,75,75,75,75,75,75,75,75,75,75,75,75,75,75,75,75,75,75],"card_choices":[{"not_picked":["Hologram","Heatsinks"],"picked":"Ball Lightning","floor":1},{"not_picked":["Turbo","Skim"],"picked":"Genetic Algorithm","floor":3},{"not_picked":["Steam","Barrage"],"picked":"Coolheaded","floor":7},{"not_picked":["Stack","Turbo"],"picked":"Ball Lightning","floor":8},{"not_picked":["Stack","Rebound","Recycle"],"picked":"SKIP","floor":10},{"not_picked":["Conserve Battery","Steam Power","Darkness"],"picked":"SKIP","floor":14},{"not_picked":["Hyperbeam","Multi-Cast"],"picked":"Electrodynamics","floor":16},{"not_picked":["Aggregate","Beam Cell"],"picked":"Ball Lightning+1","floor":18},{"not_picked":["Aggregate+1","Go for the Eyes","Redo"],"picked":"SKIP","floor":20},{"not_picked":["Undo","Leap"],"picked":"Ball Lightning","floor":28},{"not_picked":["Coolheaded","Steam+1","Scrape"],"picked":"SKIP","floor":29},{"not_picked":["Sweeping Beam+1","Skim"],"picked":"Seek","floor":30},{"not_picked":["Amplify","Meteor Strike"],"picked":"Echo Form","floor":33},{"not_picked":["Gash+1","Streamline"],"picked":"Consume+1","floor":35},{"not_picked":["Hologram+1","Rebound","Fission"],"picked":"SKIP","floor":39},{"not_picked":["Go for the Eyes+1","Rip and Tear","Cold Snap"],"picked":"SKIP","floor":42},{"not_picked":["Cold Snap+1","Hello World+1","Chill+1"],"picked":"SKIP","floor":44},{"not_picked":["Steam+1","Turbo"],"picked":"Defragment+1","floor":45},{"not_picked":["Hologram","Stack","Cold Snap"],"picked":"SKIP","floor":47},{"not_picked":["Darkness","Melter","Turbo+1"],"picked":"SKIP","floor":48}],"player_experience":819989,"relics_obtained":[{"floor":7,"key":"Orichalcum"},{"floor":9,"key":"Bronze Scales"},{"floor":12,"key":"Odd Mushroom"},{"floor":14,"key":"Smiling Mask"},{"floor":26,"key":"Pen Nib"},{"floor":28,"key":"Mercury Hourglass"},{"floor":30,"key":"Regal Pillow"},{"floor":31,"key":"Red Mask"},{"floor":38,"key":"Bird Faced Urn"},{"floor":41,"key":"Unceasing Top"},{"floor":43,"key":"Whetstone"}],"event_choices":[{"damage_healed":0,"gold_gain":0,"player_choice":"Entered Light","damage_taken":15,"max_hp_gain":0,"max_hp_loss":0,"event_name":"Shining Light","floor":2,"gold_loss":0,"cards_upgraded":["Strike_B","Defend_B"]},{"cards_removed":["Strike_B"],"damage_healed":0,"gold_gain":0,"player_choice":"Card Removal","damage_taken":0,"max_hp_gain":0,"max_hp_loss":0,"event_name":"The Cleric","floor":4,"gold_loss":50},{"damage_healed":0,"gold_gain":0,"player_choice":"Fought Mushrooms","damage_taken":0,"max_hp_gain":0,"max_hp_loss":0,"event_name":"Mushrooms","floor":12,"gold_loss":0},{"damage_healed":0,"gold_gain":30,"player_choice":"Searched \u00271\u0027 times","damage_taken":0,"max_hp_gain":0,"max_hp_loss":0,"event_name":"Dead Adventurer","floor":13,"gold_loss":0},{"cards_removed":["Defend_B"],"damage_healed":0,"gold_gain":0,"player_choice":"Offered Basic","damage_taken":0,"max_hp_gain":0,"max_hp_loss":0,"event_name":"Bonfire Elementals","floor":21,"gold_loss":0},{"damage_healed":0,"gold_gain":0,"player_choice":"Fought Bandits","damage_taken":0,"max_hp_gain":0,"max_hp_loss":0,"event_name":"Masked Bandits","floor":31,"gold_loss":0},{"damage_healed":0,"gold_gain":222,"player_choice":"Wore Mask","damage_taken":0,"max_hp_gain":0,"max_hp_loss":0,"event_name":"Tomb of Lord Red Mask","floor":36,"gold_loss":0},{"damage_healed":0,"gold_gain":0,"player_choice":"Fight","damage_taken":0,"max_hp_gain":0,"max_hp_loss":0,"event_name":"MindBloom","floor":38,"gold_loss":0},{"damage_healed":0,"gold_gain":0,"player_choice":"Fight","damage_taken":0,"max_hp_gain":0,"max_hp_loss":0,"event_name":"Mysterious Sphere","floor":41,"gold_loss":0}],"is_beta":true,"boss_relics":[{"not_picked":["Busted Crown","Calling Bell"],"picked":"Velvet Choker"},{"not_picked":["Snecko Eye","Runic Pyramid"],"picked":"Eternal Feather"}],"items_purged_floors":[5,19],"is_endless":false,"potions_floor_spawned":[7,8,14,16,20,28,31,38,45,47,48],"killed_by":"Awakened One","ascension_level":0}