{"gold_per_floor":[113,263,263,275,293,307,324,324],"floor_reached":8,"playtime":291,"items_purged":[],"score":95,"play_id":"8d2ec651-77dc-4959-8b69-b3ec1e9ba5ba","local_time":"20181231234828","is_ascension_mode":true,"campfire_choices":[],"neow_cost":"NONE","seed_source_timestamp":1023841246120318,"circlet_count":0,"master_deck":["AscendersBane","Strike_B","Strike_B","Strike_B","Strike_B","Defend_B","Defend_B","Defend_B","Defend_B","Zap","Dualcast","Beam Cell","Doubt","Leap","Melter","Cold Snap","Streamline"],"relics":["Cracked Core","NeowsBlessing","GremlinMask"],"potions_floor_usage":[6,8],"damage_taken":[{"damage":0,"enemies":"Cultist","floor":1,"turns":1},{"damage":0,"enemies":"Jaw Worm","floor":4,"turns":1},{"damage":0,"enemies":"Small Slimes","floor":5,"turns":1},{"damage":20,"enemies":"Gremlin Gang","floor":6,"turns":6},{"damage":9,"enemies":"Blue Slaver","floor":7,"turns":4},{"damage":37,"enemies":"Lagavulin","floor":8,"turns":6}],"seed_played":"6643812872095101310","potions_obtained":[{"floor":1,"key":"Poison Potion"},{"floor":6,"key":"GamblersBrew"}],"is_trial":false,"path_per_floor":["M","?","?","M","M","M","M","E"],"character_chosen":"DEFECT","items_purchased":[],"campfire_rested":0,"item_purchase_floors":[],"current_hp_per_floor":[64,64,64,64,64,44,35,0],"gold":324,"neow_bonus":"THREE_ENEMY_KILL","is_prod":false,"is_daily":false,"chose_seed":false,"campfire_upgraded":0,"win_rate":0,"timestamp":1546318108,"path_taken":["M","?","?","M","?","M","M","E"],"build_version":"2018-12-20","purchased_purges":0,"victory":false,"max_hp_per_floor":[71,71,71,71,71,71,71,71],"card_choices":[{"not_picked":["Heatsinks","Hologram"],"picked":"Beam Cell","floor":1},{"not_picked":["Steam","Go for the Eyes"],"picked":"Leap","floor":4},{"not_picked":["Stack","Sweeping Beam"],"picked":"Melter","floor":5},{"not_picked":["Rebound","Rainbow"],"picked":"Cold Snap","floor":6},{"not_picked":["Chill","Stack"],"picked":"Streamline","floor":7}],"player_experience":1978330,"relics_obtained":[],"event_choices":[{"damage_healed":0,"gold_gain":150,"player_choice":"AGREE","damage_taken":0,"max_hp_gain":0,"max_hp_loss":0,"event_name":"Liars Game","floor":2,"gold_loss":0,"cards_obtained":["Doubt"]},{"damage_healed":0,"gold_gain":0,"player_choice":"Trade","damage_taken":0,"relics_obtained":["GremlinMask"],"max_hp_gain":0,"max_hp_loss":0,"event_name":"FaceTrader","floor":3,"gold_loss":0}],"is_beta":false,"boss_relics":[],"items_purged_floors":[],"is_endless":false,"potions_floor_spawned":[1,6],"killed_by":"Lagavulin","ascension_level":18}