{"gold_per_floor":[116,116,136,136,149,176,188,188,214,234,265,193,207,36,36,133,133,133,133,133,133,133,133,133,133,133,133,133,32,32,32,32,32,32,32,8,8,8,8,8,8,8,8,8,8,8,8,8,8,8,8,8,8,8,8],"floor_reached":55,"playtime":3679,"items_purged":["Strike_B"],"score":878,"play_id":"a64b2228-f240-4cf9-8407-449cc3ecaf14","local_time":"20181204222404","is_ascension_mode":false,"campfire_choices":[{"floor":15,"key":"REST"},{"floor":25,"key":"RECALL"},{"floor":28,"key":"REST"},{"data":"Capacitor","floor":32,"key":"SMITH"},{"data":"Defragment","floor":41,"key":"SMITH"},{"data":"Machine Learning","floor":44,"key":"SMITH"},{"data":"Zap","floor":49,"key":"SMITH"},{"data":"Dualcast","floor":52,"key":"SMITH"}],"neow_cost":"NONE","seed_source_timestamp":178972204237090,"circlet_count":0,"master_deck":["Strike_B+1","Strike_B+1","Strike_B+1","Defend_B+1","Defend_B+1","Defend_B+1","Defend_B+1","Zap+1","Dualcast+1","Defragment+1","Leap","Cold Snap","Cold Snap","Leap","Ball Lightning","Go for the Eyes","Capacitor+1","Coolheaded","Doom and Gloom","Hologram","Machine Learning+1","Compile Driver","Coolheaded+1","Skim","Chill","Conserve Battery","Seek","Echo Form","Redo+1","Go for the Eyes","Trip","Coolheaded","Conserve Battery+1","Chill","Coolheaded+1","Chaos+1"],"relics":["Lizard Tail","Anchor","Regal Pillow","Vajra","Blood Vial","Ectoplasm","Calipers","Red Mask","Bird Faced Urn","Sozu","Strawberry","Ginger","PreservedInsect","Bottled Tornado","Dream Catcher"],"potions_floor_usage":[11,11,22,24,24,29],"damage_taken":[{"damage":5,"enemies":"Jaw Worm","floor":1,"turns":4},{"damage":2,"enemies":"2 Louse","floor":3,"turns":4},{"damage":0,"enemies":"Small Slimes","floor":5,"turns":4},{"damage":10,"enemies":"3 Sentries","floor":6,"turns":9},{"damage":0,"enemies":"Blue Slaver","floor":7,"turns":4},{"damage":5,"enemies":"Exordium Wildlife","floor":10,"turns":6},{"damage":24,"enemies":"Gremlin Nob","floor":11,"turns":5},{"damage":0,"enemies":"Red Slaver","floor":13,"turns":4},{"damage":25,"enemies":"The Guardian","floor":16,"turns":10},{"damage":0,"enemies":"Chosen","floor":18,"turns":7},{"damage":5,"enemies":"Spheric Guardian","floor":20,"turns":4},{"damage":10,"enemies":"Centurion and Healer","floor":22,"turns":6},{"damage":29,"enemies":"Slavers","floor":23,"turns":6},{"damage":11,"enemies":"Masked Bandits","floor":24,"turns":5},{"damage":0,"enemies":"Gremlin Leader","floor":31,"turns":7},{"damage":39,"enemies":"Collector","floor":33,"turns":12},{"damage":15,"enemies":"3 Darklings","floor":35,"turns":7},{"damage":0,"enemies":"3 Shapes","floor":38,"turns":9},{"damage":10,"enemies":"Nemesis","floor":40,"turns":9},{"damage":12,"enemies":"Maw","floor":42,"turns":9},{"damage":0,"enemies":"Giant Head","floor":46,"turns":9},{"damage":15,"enemies":"Transient","floor":47,"turns":5},{"damage":0,"enemies":"Jaw Worm Horde","floor":48,"turns":6},{"damage":28,"enemies":"Awakened One","floor":50,"turns":19},{"damage":71,"enemies":"Shield and Spear","floor":54,"turns":11},{"damage":95,"enemies":"The Heart","floor":55,"turns":14}],"seed_played":"7534248106799932808","potions_obtained":[{"floor":7,"key":"SkillPotion"},{"floor":10,"key":"Regen Potion"},{"floor":11,"key":"SpeedPotion"},{"floor":13,"key":"FearPotion"},{"floor":20,"key":"AttackPotion"},{"floor":23,"key":"Explosive Potion"}],"is_trial":false,"path_per_floor":["M","?","M","?","M","E","M","?","T","M","E","$","M","$","R","B",null,"M","?","M","?","M","E","?","R","T","$","R","$","?","E","R","B",null,"M","$","?","M","T","E","R","M","T","R","?","E","M","M","R","B",null,"R","$","E","B"],"character_chosen":"DEFECT","items_purchased":["Capacitor","Doom and Gloom","Hologram","Fruit Juice","Go for the Eyes"],"campfire_rested":2,"item_purchase_floors":[12,14,14,29,36],"current_hp_per_floor":[70,67,65,65,65,55,55,60,60,55,45,45,47,47,80,55,80,80,80,75,75,67,40,31,31,31,31,70,75,75,77,77,46,85,74,74,74,85,92,82,82,82,82,82,82,92,79,92,92,74,92,92,92,27,0],"gold":8,"neow_bonus":"BOSS_RELIC","is_prod":false,"is_daily":false,"chose_seed":false,"campfire_upgraded":5,"win_rate":0,"timestamp":1543980244,"path_taken":["M","?","M","?","M","E","M","?","T","M","E","?","?","$","R","BOSS","M","?","M","?","M","E","?","R","T","?","R","$","?","E","R","BOSS","M","$","?","M","?","E","R","M","T","R","?","E","?","M","R","BOSS","R","$","E","BOSS"],"build_version":"2018-11-15","purchased_purges":1,"victory":false,"max_hp_per_floor":[75,75,75,75,75,75,75,80,80,80,80,80,80,80,80,80,80,80,80,80,80,80,80,80,80,80,80,80,85,85,85,85,85,85,85,85,85,85,92,92,92,92,92,92,92,92,92,92,92,92,92,92,92,92,92],"card_choices":[{"not_picked":["Sweeping Beam","Barrage"],"picked":"Defragment","floor":1},{"not_picked":["Beam Cell","Ball Lightning"],"picked":"Leap","floor":3},{"not_picked":["Turbo","Consume"],"picked":"Cold Snap","floor":5},{"not_picked":["Rebound","Chaos"],"picked":"Cold Snap","floor":6},{"not_picked":["BootSequence","Stack"],"picked":"Leap","floor":7},{"not_picked":["Coolheaded","Stack"],"picked":"Ball Lightning","floor":10},{"not_picked":["Aggregate","Reprogram"],"picked":"Go for the Eyes","floor":11},{"not_picked":["Turbo","Gash"],"picked":"Coolheaded","floor":13},{"not_picked":["Fission","Reboot"],"picked":"Machine Learning","floor":16},{"not_picked":["Melter","Recycle+1"],"picked":"Compile Driver","floor":18},{"not_picked":["Double Energy","Gash"],"picked":"Coolheaded+1","floor":20},{"not_picked":["Compile Driver","Steam"],"picked":"Skim","floor":22},{"not_picked":["White Noise+1","Stack"],"picked":"Chill","floor":23},{"not_picked":["Force Field","Gash+1"],"picked":"Conserve Battery","floor":24},{"not_picked":["Compile Driver","Go for the Eyes"],"picked":"Seek","floor":31},{"not_picked":["Creative AI","Multi-Cast"],"picked":"Echo Form","floor":33},{"not_picked":["Rebound","Turbo"],"picked":"Redo+1","floor":35},{"not_picked":["Sadistic Nature","Discovery"],"picked":"Trip","floor":37},{"not_picked":["Aggregate+1","Melter"],"picked":"Coolheaded","floor":38},{"not_picked":["Chaos+1","Rip and Tear"],"picked":"Conserve Battery+1","floor":40},{"not_picked":["Rip and Tear+1","Steam+1","Coolheaded+1"],"picked":"SKIP","floor":42},{"not_picked":["Heatsinks","Lockon"],"picked":"Chill","floor":46},{"not_picked":["Leap","Loop"],"picked":"Coolheaded+1","floor":47},{"not_picked":["Streamline+1","Auto Shields","Compile Driver+1"],"picked":"SKIP","floor":48},{"not_picked":["Cold Snap","Hologram+1"],"picked":"Chaos+1","floor":54}],"player_experience":1763893,"relics_obtained":[{"floor":6,"key":"Regal Pillow"},{"floor":9,"key":"Vajra"},{"floor":11,"key":"Blood Vial"},{"floor":23,"key":"Calipers"},{"floor":24,"key":"Red Mask"},{"floor":31,"key":"Bird Faced Urn"},{"floor":39,"key":"Strawberry"},{"floor":40,"key":"Ginger"},{"floor":43,"key":"PreservedInsect"},{"floor":46,"key":"Bottled Tornado"},{"floor":54,"key":"Dream Catcher"}],"event_choices":[{"damage_healed":0,"gold_gain":0,"player_choice":"Success","damage_taken":3,"relics_obtained":["Anchor"],"max_hp_gain":0,"max_hp_loss":0,"event_name":"Scrap Ooze","floor":2,"gold_loss":0},{"damage_healed":0,"gold_gain":0,"player_choice":"Ignored","damage_taken":0,"max_hp_gain":0,"max_hp_loss":0,"event_name":"Liars Game","floor":4,"gold_loss":0},{"damage_healed":0,"gold_gain":0,"player_choice":"Donut","damage_taken":0,"max_hp_gain":5,"max_hp_loss":0,"event_name":"Big Fish","floor":8,"gold_loss":0},{"damage_healed":0,"gold_gain":0,"player_choice":"Simplicity","damage_taken":0,"max_hp_gain":0,"max_hp_loss":0,"event_name":"Back to Basics","floor":19,"gold_loss":0,"cards_upgraded":["Strike_B","Strike_B","Strike_B","Defend_B","Defend_B","Defend_B","Defend_B"]},{"damage_healed":0,"gold_gain":0,"player_choice":"Ignored","damage_taken":0,"max_hp_gain":0,"max_hp_loss":0,"event_name":"Ghosts","floor":21,"gold_loss":0},{"damage_healed":0,"gold_gain":0,"player_choice":"Fought Bandits","damage_taken":0,"max_hp_gain":0,"max_hp_loss":0,"event_name":"Masked Bandits","floor":24,"gold_loss":0},{"damage_healed":0,"gold_gain":0,"player_choice":"Ignored","damage_taken":0,"max_hp_gain":0,"max_hp_loss":0,"event_name":"Cursed Tome","floor":30,"gold_loss":0},{"damage_healed":0,"gold_gain":0,"player_choice":"Memory 1","damage_taken":0,"max_hp_gain":0,"max_hp_loss":0,"event_name":"SensoryStone","floor":37,"gold_loss":0},{"damage_healed":0,"gold_gain":0,"player_choice":"Ignored","damage_taken":0,"max_hp_gain":0,"max_hp_loss":0,"event_name":"NoteForYourself","floor":45,"gold_loss":0}],"is_beta":false,"boss_relics":[{"not_picked":["White Beast Statue","Calling Bell"],"picked":"Ectoplasm"},{"not_picked":["Astrolabe","Coffee Dripper"],"picked":"Sozu"}],"items_purged_floors":[14],"is_endless":false,"potions_floor_spawned":[7,10,11,13,20,23,40,46,54],"killed_by":"The Heart","ascension_level":0}