{"path_per_floor":["M","?","$","M","?","R","E","M","T","R","M","R","?","$","R","B",null,"M","M","M","$"],"character_chosen":"DEFECT","items_purchased":["Pen Nib","Static Discharge","Darkness","Leap"],"gold_per_floor":[118,118,43,61,61,61,92,117,117,117,135,135,205,52,52,175,175,159,177,201,37,37],"floor_reached":22,"campfire_rested":3,"playtime":2187,"item_purchase_floors":[14,21,21,21],"current_hp_per_floor":[75,75,75,70,52,74,50,50,50,72,72,72,58,58,75,1,75,46,46,16,16,0],"items_purged":["Strike_B"],"gold":37,"score":193,"play_id":"9728a287-8213-4d88-a30c-98375290e452","local_time":"20180603230622","is_prod":false,"is_daily":false,"chose_seed":false,"is_ascension_mode":true,"campfire_upgraded":1,"win_rate":0,"timestamp":1528081582,"campfire_choices":[{"floor":6,"key":"REST"},{"floor":10,"key":"REST"},{"data":"Zap","floor":12,"key":"SMITH"},{"floor":15,"key":"REST"}],"path_taken":["M","?","$","M","?","R","E","M","T","R","?","R","?","$","R","BOSS","M","M","M","$","M"],"build_version":"2018-05-31","seed_source_timestamp":275497527094571,"purchased_purges":1,"victory":false,"master_deck":["Strike_B","Strike_B","Strike_B","Defend_B","Defend_B","Defend_B","Defend_B","Zap+1","Dualcast","Capacitor+1","Coolheaded","White Noise","Buffer","Consume","Conserve Battery","Seek","Ball Lightning+1","Steam","Auto Shields","Static Discharge","Darkness","Leap"],"max_hp_per_floor":[75,75,75,75,75,75,75,75,75,75,75,75,75,75,75,75,75,75,75,75,75,75],"relics":["Cracked Core","Boot","Golden Idol","Ornamental Fan","Orichalcum","Gremlin Horn","Pen Nib","Sozu"],"card_choices":[{"not_picked":["Redo","Sweeping Beam"],"picked":"Capacitor","floor":1},{"not_picked":["Stack","Gash"],"picked":"Coolheaded","floor":4},{"not_picked":["Ball Lightning","Redo"],"picked":"White Noise","floor":7},{"not_picked":["Turbo","Stack"],"picked":"Buffer","floor":8},{"not_picked":["Rebound","Leap"],"picked":"Consume","floor":11},{"not_picked":["Blizzard","Ball Lightning"],"picked":"Conserve Battery","floor":13},{"not_picked":["Biased Cognition","Machine Learning"],"picked":"Seek","floor":16},{"not_picked":["Stack+1","Beam Cell"],"picked":"Ball Lightning+1","floor":18},{"not_picked":["Gash","Cold Snap"],"picked":"Steam","floor":19},{"not_picked":["Tempest","Beam Cell"],"picked":"Auto Shields","floor":20}],"player_experience":310621,"potions_floor_usage":[7,8,16],"damage_taken":[{"damage":0,"enemies":"Small Slimes","floor":1,"turns":4},{"damage":5,"enemies":"Cultist","floor":4,"turns":4},{"damage":24,"enemies":"3 Sentries","floor":7,"turns":6},{"damage":0,"enemies":"2 Louse","floor":8,"turns":2},{"damage":0,"enemies":"Large Slime","floor":11,"turns":7},{"damage":14,"enemies":"3 Sentries","floor":13,"turns":6},{"damage":74,"enemies":"Hexaghost","floor":16,"turns":17},{"damage":29,"enemies":"2 Thieves","floor":18,"turns":5},{"damage":0,"enemies":"Shell Parasite","floor":19,"turns":4},{"damage":30,"enemies":"Cultist and Chosen","floor":20,"turns":8},{"damage":17,"enemies":"Snecko","floor":22,"turns":4}],"relics_obtained":[{"floor":7,"key":"Ornamental Fan"},{"floor":9,"key":"Orichalcum"},{"floor":13,"key":"Gremlin Horn"}],"event_choices":[{"event_name":"Upgrade Shrine","player_choice":"Upgraded","floor":2,"damage_taken":0},{"event_name":"Golden Idol","player_choice":"Take Damage","floor":5,"damage_taken":0},{"event_name":"Dead Adventurer","player_choice":"Searched \u00271\u0027 times","floor":13,"damage_taken":0}],"boss_relics":[{"not_picked":["Runic Dome","Orrery"],"picked":"Sozu"}],"items_purged_floors":[3],"potions_floor_spawned":[1,7,13,18,19],"seed_played":"-4983373193738536853","killed_by":"Snecko","ascension_level":1,"potions_obtained":[{"floor":1,"key":"Explosive Potion"},{"floor":7,"key":"AttackPotion"},{"floor":13,"key":"FocusPotion"}],"is_trial":false}