{"path_per_floor":["M","?","M","M","M","E","?","R","T","?","M","R","$","?","R"],"character_chosen":"THE_SILENT","items_purchased":["Footwork","Deadly Poison"],"gold_per_floor":[114,114,128,144,154,182,132,132,186,186,200,200,29,204,204,204],"floor_reached":16,"campfire_rested":1,"playtime":1207,"current_hp_per_floor":[58,45,45,45,45,32,32,32,32,32,16,34,34,34,34,0],"items_purged":["Strike_G"],"gold":204,"score":115,"play_id":"7a9f3bae-88a4-4745-8f7c-6955f2f9cba5","local_time":"20180517130628","is_prod":false,"is_daily":false,"chose_seed":false,"is_ascension_mode":true,"campfire_upgraded":2,"timestamp":1526555188,"path_taken":["M","?","M","?","M","E","?","R","T","?","?","R","$","?","R","BOSS"],"build_version":"2018-05-10","seed_source_timestamp":261355607713745,"purchased_purges":1,"victory":false,"master_deck":["Defend_G","Defend_G","Defend_G","Defend_G","Strike_G","Strike_G+1","Strike_G+1","Survivor","Neutralize","Finisher","Blur+1","Dodge and Roll","Malaise","Flying Knee","Footwork+1","Deadly Poison","Doubt"],"max_hp_per_floor":[63,63,63,63,63,63,63,63,63,63,63,63,63,63,63,63],"relics":["Ring of the Snake","Du-Vu Doll","Bottled Lightning","Art of War"],"card_choices":[{"not_picked":["Prepared","Bane"],"picked":"Finisher","floor":1},{"not_picked":["Backflip","Deflect"],"picked":"Blur","floor":3},{"not_picked":["Well Laid Plans","Masterful Stab"],"picked":"Dodge and Roll","floor":4},{"not_picked":["Quick Slash","Slice"],"picked":"Malaise","floor":5},{"not_picked":["Reflex","Poisoned Stab"],"picked":"Flying Knee","floor":6}],"player_experience":90430,"potions_floor_usage":[6],"damage_taken":[{"damage":5,"enemies":"2 Louse","floor":1,"turns":4},{"damage":0,"enemies":"Jaw Worm","floor":3,"turns":3},{"damage":0,"enemies":"Cultist","floor":4,"turns":3},{"damage":0,"enemies":"Blue Slaver","floor":5,"turns":5},{"damage":13,"enemies":"3 Sentries","floor":6,"turns":20},{"damage":16,"enemies":"Exordium Wildlife","floor":11,"turns":9},{"damage":36,"enemies":"Slime Boss","floor":16,"turns":14}],"event_choices":[{"event_name":"Shining Light","player_choice":"Entered Light","floor":2,"damage_taken":0},{"event_name":"The Cleric","player_choice":"Card Removal","floor":7,"damage_taken":0},{"event_name":"Living Wall","player_choice":"Forget","floor":10,"damage_taken":0},{"event_name":"Liars Game","player_choice":"agreed","floor":14,"damage_taken":0}],"boss_relics":[],"potions_floor_spawned":[3,6],"seed_played":"2919827386993221208","killed_by":"Slime Boss","ascension_level":3,"is_trial":false}