{"gold_per_floor":[144,189,234,163,208,298,343,343,418,463,538,628,628,673,673,973,973,1018,18,75,132,189,291,348,360,422,434,491,593,605,707,719,1031,1043,1100,1157,729,774,328,373,463,463,463,553,553,598,598,688,688,688],"floor_reached":51,"playtime":2090,"items_purged":[],"score":1061,"play_id":"b5148cd4-6ea7-475a-a258-85d101fc7d75","local_time":"20181213182301","daily_mods":["Insanity","Diverse","Midas"],"is_ascension_mode":false,"campfire_choices":[{"floor":8.0,"key":"REST"},{"floor":15.0,"key":"REST"},{"floor":25,"key":"REST"},{"floor":32,"key":"REST"},{"floor":47,"key":"REST"},{"floor":49,"key":"REST"}],"neow_cost":"","seed_source_timestamp":0,"circlet_count":0,"master_deck":["Steam","Static Discharge","Streamline","Body Slam","Heavy Blade","Rage","Sucker Punch","Ball Lightning","Chaos","Battle Trance","Go for the Eyes","Defragment","Rebound","Sentinel","Cloak And Dagger","True Grit","Cleave","Headbutt","Dagger Spray","Deflect","Heatsinks","Tactician","Clash","Rampage","Dagger Spray","Ball Lightning","Rupture","Twin Strike","All Out Attack+1","Sword Boomerang","Leg Sweep","Clash+1","Storm","Reflex","Carnage","PiercingWail","True Grit","Anger","Sweeping Beam","Go for the Eyes","Cloak And Dagger","Clash","Go for the Eyes","Thunderclap","Iron Wave","Flex","Cold Snap","Underhanded Strike","Pommel Strike","Pommel Strike","Cloak And Dagger","Ball Lightning","Undo","Compile Driver","FTL","Defragment","Dodge and Roll+1","Conserve Battery+1","Clothesline+1","Glass Knife+1","Dagger Spray+1","True Grit+1","Body Slam+1","Choke+1","Footwork","Decay","Shame","True Grit+1","Perfected Strike+1","Reaper+1","Conserve Battery+1","Self Repair+1","Shrug It Off+1","Immolate+1","Doubt","Writhe","Escape Plan+1","Warcry+1"],"special_seed":17878,"relics":["Cracked Core","DataDisk","Toxic Egg 2","Molten Egg 2","The Courier","Cursed Key","Chemical X","Whetstone","Darkstone Periapt","Mercury Hourglass","Kunai","MawBank","Singing Bowl","Oddly Smooth Stone","Lantern","Ancient Tea Set","Dodecahedron","Busted Crown","Dead Branch","Sling","Blue Candle","Anchor","Pen Nib","Letter Opener","Ornamental Fan","GremlinMask","Bronze Scales"],"potions_floor_usage":[16,16,28,29,33,33,50,50],"damage_taken":[{"damage":0.0,"enemies":"Cultist","floor":1.0,"turns":2.0},{"damage":0.0,"enemies":"Jaw Worm","floor":2.0,"turns":2.0},{"damage":0.0,"enemies":"2 Louse","floor":3.0,"turns":2.0},{"damage":0.0,"enemies":"2 Fungi Beasts","floor":5.0,"turns":3.0},{"damage":17.0,"enemies":"3 Sentries","floor":6.0,"turns":4.0},{"damage":8.0,"enemies":"Lots of Slimes","floor":7.0,"turns":2.0},{"damage":0.0,"enemies":"3 Louse","floor":10.0,"turns":3.0},{"damage":1.0,"enemies":"Gremlin Nob","floor":12.0,"turns":3.0},{"damage":0.0,"enemies":"Gremlin Gang","floor":14.0,"turns":1.0},{"damage":4,"enemies":"Slime Boss","floor":16,"turns":5},{"damage":15,"enemies":"3 Byrds","floor":18,"turns":4},{"damage":0,"enemies":"Chosen","floor":20,"turns":4},{"damage":3,"enemies":"Centurion and Healer","floor":21,"turns":5},{"damage":27,"enemies":"Shelled Parasite and Fungi","floor":22,"turns":4},{"damage":0,"enemies":"Gremlin Leader","floor":23,"turns":3},{"damage":9,"enemies":"Snake Plant","floor":24,"turns":4},{"damage":10,"enemies":"Snecko","floor":28,"turns":4},{"damage":21,"enemies":"Book of Stabbing","floor":29,"turns":4},{"damage":23,"enemies":"Slavers","floor":31,"turns":4},{"damage":47,"enemies":"Automaton","floor":33,"turns":9},{"damage":13,"enemies":"3 Darklings","floor":35,"turns":5},{"damage":10,"enemies":"3 Shapes","floor":36,"turns":3},{"damage":28,"enemies":"Maw","floor":38,"turns":7},{"damage":2,"enemies":"Jaw Worm Horde","floor":40,"turns":4},{"damage":20,"enemies":"Nemesis","floor":41,"turns":7},{"damage":41,"enemies":"Giant Head","floor":44,"turns":9},{"damage":0,"enemies":"Sphere and 2 Shapes","floor":46,"turns":4},{"damage":9,"enemies":"Reptomancer","floor":48,"turns":5},{"damage":54,"enemies":"Awakened One","floor":50,"turns":15}],"seed_played":"3805616008344582857","potions_obtained":[{"floor":2.0,"key":"FocusPotion"},{"floor":10.0,"key":"GamblersBrew"},{"floor":12.0,"key":"SteroidPotion"},{"floor":13.0,"key":"FearPotion"},{"floor":20,"key":"FocusPotion"},{"floor":22,"key":"Fire Potion"},{"floor":29,"key":"Weak Potion"},{"floor":31,"key":"Regen Potion"},{"floor":33,"key":"EssenceOfSteel"},{"floor":40,"key":"Ancient Potion"},{"floor":46,"key":"GamblersBrew"}],"is_trial":false,"path_per_floor":["M","M","M","$","M","E","M","R","T","M","T","E","?","M","R","B",null,"M","$","M","M","M","E","M","R","T","?","M","E","?","E","R","B",null,"M","M","$","M","$","M","E","?","T","E","?","M","R","E","R","B",null],"character_chosen":"DEFECT","items_purchased":["Undo","Chemical X","Whetstone","Darkstone Periapt","Mercury Hourglass","Kunai","MawBank","Dead Branch","Sling","Shrug It Off+1","Blue Candle","Anchor","Immolate+1"],"campfire_rested":6,"item_purchase_floors":[4,19,19,19,19,19,19,37,37,37,39,39,39],"current_hp_per_floor":[75,75,75,75,75,58,50,72,72,72,72,71,71,71,75,71,75,60,60,60,57,30,32,23,46,52,58,50,29,91,68,91,59,91,88,83,83,67,67,67,59,103,109,68,68,84,109,111,111,67],"gold":688,"neow_bonus":"","is_prod":false,"is_daily":true,"chose_seed":false,"campfire_upgraded":0,"win_rate":0,"timestamp":1544721781,"path_taken":["M","M","M","$","M","E","M","R","T","M","?","E","?","?","R","BOSS","M","$","M","M","M","E","M","R","T","?","M","E","?","E","R","BOSS","M","M","$","?","$","M","E","?","T","E","?","M","R","E","R","BOSS"],"build_version":"2018-12-06","purchased_purges":0,"victory":true,"max_hp_per_floor":[75,75,75,75,75,75,75,75,75,75,75,75,75,75,75,75,75,75,75,75,75,75,77,77,77,83,89,91,91,91,91,91,91,91,91,91,91,93,93,95,97,103,109,109,109,109,109,111,111,111],"card_choices":[{"not_picked":["Hologram","Clothesline"],"picked":"Pommel Strike","floor":1.0},{"not_picked":["Skewer","Warcry"],"picked":"Cloak And Dagger","floor":2.0},{"not_picked":["Loop","Battle Trance"],"picked":"Ball Lightning","floor":3.0},{"not_picked":["Pommel Strike","Brutality"],"picked":"Compile Driver","floor":5.0},{"not_picked":["Anger","Second Wind"],"picked":"FTL","floor":6.0},{"not_picked":["Distraction","Undo"],"picked":"Defragment","floor":7.0},{"not_picked":["Finisher","Cleave"],"picked":"Dodge and Roll+1","floor":10.0},{"not_picked":["Distraction+1","Flying Knee+1"],"picked":"Conserve Battery+1","floor":12.0},{"not_picked":["Turbo+1","Wild Strike+1"],"picked":"Clothesline+1","floor":14.0},{"not_picked":["All For One+1","Impervious+1"],"picked":"Glass Knife+1","floor":16},{"not_picked":["Sucker Punch+1","Endless Agony+1"],"picked":"Dagger Spray+1","floor":18},{"not_picked":["Deflect+1","Flex+1"],"picked":"True Grit+1","floor":20},{"not_picked":["FTL+1","Rebound+1"],"picked":"Body Slam+1","floor":21},{"not_picked":["Ghostly Armor+1","Flying Knee+1"],"picked":"Choke+1","floor":22},{"not_picked":["Underhanded Strike+1","Fusion+1","Cold Snap+1"],"picked":"Singing Bowl","floor":23},{"not_picked":["Reboot+1","Flex+1"],"picked":"Footwork","floor":24},{"not_picked":["Bane+1","Flex+1","Acrobatics+1"],"picked":"Singing Bowl","floor":28},{"not_picked":["Crippling Poison+1","Streamline+1"],"picked":"True Grit+1","floor":29},{"not_picked":["Terror+1","Flex+1"],"picked":"Perfected Strike+1","floor":31},{"not_picked":["Demon Form","Grand Finale+1"],"picked":"Reaper+1","floor":33},{"not_picked":[],"picked":"Conserve Battery+1","floor":35},{"not_picked":[],"picked":"Self Repair+1","floor":36},{"not_picked":["Deflect+1"],"picked":"Singing Bowl","floor":38},{"not_picked":["Clash+1"],"picked":"Singing Bowl","floor":40},{"not_picked":["Double Energy+1"],"picked":"Singing Bowl","floor":41},{"not_picked":[],"picked":"Escape Plan+1","floor":44},{"not_picked":[],"picked":"Warcry+1","floor":46},{"not_picked":["All Out Attack+1"],"picked":"Singing Bowl","floor":48}],"player_experience":1793813,"relics_obtained":[{"floor":6.0,"key":"DataDisk"},{"floor":9.0,"key":"Toxic Egg 2"},{"floor":11.0,"key":"Molten Egg 2"},{"floor":12.0,"key":"The Courier"},{"floor":23,"key":"Singing Bowl"},{"floor":26,"key":"Oddly Smooth Stone"},{"floor":29,"key":"Ancient Tea Set"},{"floor":31,"key":"Dodecahedron"},{"floor":41,"key":"Pen Nib"},{"floor":43,"key":"Letter Opener"},{"floor":44,"key":"Ornamental Fan"},{"floor":48,"key":"Bronze Scales"}],"event_choices":[{"damage_healed":0.0,"max_hp_gain":0.0,"max_hp_loss":0.0,"gold_gain":0.0,"event_name":"Lab","player_choice":"Got Potions","floor":13.0,"gold_loss":0.0,"damage_taken":0.0},{"damage_healed":0,"gold_gain":0,"player_choice":"Stole Relic","damage_taken":0,"relics_obtained":["Lantern"],"max_hp_gain":0,"max_hp_loss":0,"event_name":"Addict","floor":27,"gold_loss":0,"cards_obtained":["Shame"]},{"cards_removed":["Concentrate"],"damage_healed":62,"gold_gain":0,"player_choice":"Offered Uncommon","damage_taken":0,"max_hp_gain":0,"max_hp_loss":0,"event_name":"Bonfire Elementals","floor":30,"gold_loss":0},{"damage_healed":38,"gold_gain":0,"player_choice":"Heal","damage_taken":0,"max_hp_gain":0,"max_hp_loss":0,"event_name":"MindBloom","floor":42,"gold_loss":0,"cards_obtained":["Doubt"]},{"damage_healed":0,"gold_gain":0,"player_choice":"Trade","damage_taken":0,"relics_obtained":["GremlinMask"],"max_hp_gain":0,"max_hp_loss":0,"event_name":"FaceTrader","floor":45,"gold_loss":0}],"is_beta":false,"boss_relics":[{"not_picked":["Velvet Choker","Orrery"],"picked":"Cursed Key"},{"not_picked":["Philosopher\u0027s Stone","FrozenCore"],"picked":"Busted Crown"}],"items_purged_floors":[],"is_endless":false,"potions_floor_spawned":[2,10,12,14,20,22,29,31,33,40,44,46,48],"ascension_level":0}