{"gold_per_floor":[369,385,401,416,430,430,605,605,605,631,645,661,661,66,66,66],"floor_reached":16,"playtime":1018,"items_purged":[],"score":172,"play_id":"2a452b26-1025-40ca-818a-81d036cea3e6","local_time":"20180703134019","is_ascension_mode":true,"campfire_choices":[{"data":"Armaments","floor":6.0,"key":"SMITH"},{"data":"Body Slam","floor":8.0,"key":"SMITH"},{"data":"Body Slam","floor":13.0,"key":"SMITH"},{"floor":15.0,"key":"REST"}],"neow_cost":"","seed_source_timestamp":0,"circlet_count":0,"master_deck":["Strike_R","Strike_R","Strike_R","Strike_R","Strike_R","Defend_R","Defend_R","Defend_R","Defend_R","Bash","AscendersBane","Clothesline","Armaments+1","Heavy Blade","Body Slam+1","Body Slam+1","Doubt","Iron Wave","Headbutt","Metamorphosis"],"special_seed":0,"relics":["Burning Blood","Letter Opener","Darkstone Periapt","Molten Egg 2","Omamori"],"potions_floor_usage":[16],"damage_taken":[{"damage":4.0,"enemies":"Small Slimes","floor":1.0,"turns":4.0},{"damage":7.0,"enemies":"2 Louse","floor":2.0,"turns":4.0},{"damage":2.0,"enemies":"Cultist","floor":3.0,"turns":4.0},{"damage":13.0,"enemies":"Red Slaver","floor":4.0,"turns":5.0},{"damage":7.0,"enemies":"Looter","floor":5.0,"turns":4.0},{"damage":46.0,"enemies":"Gremlin Nob","floor":10.0,"turns":6.0},{"damage":15.0,"enemies":"Lots of Slimes","floor":11.0,"turns":5.0},{"damage":0.0,"enemies":"Large Slime","floor":12.0,"turns":5.0},{"damage":42,"enemies":"Slime Boss","floor":16,"turns":6}],"seed_played":"7285172380035295699","potions_obtained":[{"floor":2.0,"key":"Block Potion"},{"floor":11.0,"key":"Strength Potion"},{"floor":12.0,"key":"Ancient Potion"}],"is_trial":false,"path_per_floor":["M","M","M","M","M","R","?","R","T","E","M","M","R","$","R"],"character_chosen":"IRONCLAD","items_purchased":["Molten Egg 2","Omamori","Metamorphosis"],"campfire_rested":1,"item_purchase_floors":[],"current_hp_per_floor":[72,71,72,65,64,64,64,64,64,24,15,21,21,21,42,0],"gold":66,"neow_bonus":"","is_prod":false,"is_daily":false,"chose_seed":false,"campfire_upgraded":3,"win_rate":0,"timestamp":1530618019,"path_taken":["M","M","M","M","M","R","?","R","T","E","M","M","R","$","R","BOSS"],"build_version":"2018-07-02","purchased_purges":0,"victory":false,"max_hp_per_floor":[72,72,72,72,72,72,72,72,72,72,72,72,72,72,72,72],"card_choices":[{"not_picked":["Dual Wield","Anger"],"picked":"Clothesline","floor":1.0},{"not_picked":["Corruption","Warcry"],"picked":"Armaments","floor":2.0},{"not_picked":["Headbutt","Cleave"],"picked":"Heavy Blade","floor":3.0},{"not_picked":["Pommel Strike","Entrench"],"picked":"Body Slam","floor":4.0},{"not_picked":["Searing Blow","Iron Wave"],"picked":"Body Slam","floor":5.0},{"not_picked":["Exhume","Dropkick","Rage"],"picked":"SKIP","floor":10.0},{"not_picked":["Flex","Twin Strike"],"picked":"Iron Wave","floor":11.0},{"not_picked":["Sword Boomerang","Evolve"],"picked":"Headbutt","floor":12.0}],"player_experience":245377,"relics_obtained":[{"floor":9.0,"key":"Letter Opener"},{"floor":10.0,"key":"Darkstone Periapt"}],"event_choices":[{"event_name":"Liars Game","player_choice":"agreed","floor":7.0,"damage_taken":0.0}],"boss_relics":[],"items_purged_floors":[],"is_endless":false,"potions_floor_spawned":[2,11,12],"killed_by":"Slime Boss","ascension_level":13}