{"gold_per_floor":[10,10,30,54,66,66,82,82,162,162,162,162,20,46,46,118,118,134,134,57,57,57,57,67,17,44,44,70,70,98,115,115,192,192,207,207,207,282,337,337,350,350,373,70,87,105,123,138,138,138],"floor_reached":50,"playtime":2655,"items_purged":[],"score":769,"play_id":"eb1459c9-f53d-4563-87de-3b529d7e643d","local_time":"20180703001731","is_ascension_mode":true,"campfire_choices":[{"data":"True Grit","floor":6.0,"key":"SMITH"},{"data":"Havoc","floor":8.0,"key":"SMITH"},{"data":"Inflame","floor":10.0,"key":"SMITH"},{"data":"Heavy Blade","floor":12.0,"key":"SMITH"},{"data":"Barricade","floor":15.0,"key":"SMITH"},{"data":"Havoc","floor":23.0,"key":"SMITH"},{"data":"J.A.X.","floor":27.0,"key":"SMITH"},{"data":"Feel No Pain","floor":29.0,"key":"SMITH"},{"floor":32.0,"key":"REST"},{"data":"Heavy Blade","floor":40.0,"key":"SMITH"},{"data":"Pommel Strike","floor":42.0,"key":"SMITH"},{"floor":49,"key":"REST"}],"neow_cost":"","seed_source_timestamp":331878761812614,"circlet_count":0,"master_deck":["Strike_R+1","Defend_R+1","Defend_R+1","Defend_R+1","Defend_R+1","Bash","AscendersBane","Inflame+1","Seeing Red","Shrug It Off","True Grit+1","Heavy Blade+1","Havoc+1","Barricade+1","Uppercut","Immolate","Havoc+1","J.A.X.+1","Writhe","Intimidate","Shrug It Off","Feel No Pain+1","Offering","Heavy Blade+1","Blind","Secret Weapon","Mind Blast","Reckless Charge","Pommel Strike+1","Pommel Strike","Spot Weakness","Reckless Charge","Reckless Charge","Headbutt+1"],"special_seed":0,"relics":["Burning Blood","Juzu Bracelet","Question Card","Odd Mushroom","Busted Crown","Bag of Preparation","Pen Nib","Omamori","Charon\u0027s Ashes","Mark of Pain","Sundial","Dream Catcher","Happy Flower","Lantern"],"potions_floor_usage":[50,50],"damage_taken":[{"damage":8.0,"enemies":"Jaw Worm","floor":1.0,"turns":5.0},{"damage":0.0,"enemies":"Cultist","floor":3.0,"turns":5.0},{"damage":1.0,"enemies":"2 Louse","floor":5.0,"turns":3.0},{"damage":12.0,"enemies":"Exordium Wildlife","floor":7.0,"turns":5.0},{"damage":1.0,"floor":14.0,"turns":5.0},{"damage":53.0,"enemies":"Slime Boss","floor":16.0,"turns":18.0},{"damage":19.0,"enemies":"3 Byrds","floor":18.0,"turns":5.0},{"damage":0.0,"enemies":"Chosen","floor":24.0,"turns":1.0},{"damage":15.0,"enemies":"Book of Stabbing","floor":28.0,"turns":5.0},{"damage":31.0,"enemies":"Slavers","floor":30.0,"turns":7.0},{"damage":9.0,"enemies":"Centurion and Healer","floor":31.0,"turns":6.0},{"damage":19.0,"enemies":"Collector","floor":33.0,"turns":7.0},{"damage":4.0,"enemies":"3 Shapes","floor":35.0,"turns":3.0},{"damage":7.0,"floor":39.0,"turns":3.0},{"damage":4.0,"enemies":"Flame Bruiser 1 Orb","floor":41.0,"turns":3.0},{"damage":14.0,"enemies":"3 Darklings","floor":45.0,"turns":3.0},{"damage":17.0,"enemies":"Sphere and 2 Shapes","floor":46.0,"turns":4.0},{"damage":4.0,"enemies":"Spire Growth","floor":47.0,"turns":3.0},{"damage":4,"enemies":"4 Shapes","floor":48,"turns":2},{"damage":74,"enemies":"Awakened One","floor":50,"turns":8}],"seed_played":"8704219915393229005","potions_obtained":[{"floor":3.0,"key":"Energy Potion"},{"floor":7.0,"key":"Dexterity Potion"},{"floor":16.0,"key":"PowerPotion"},{"floor":18.0,"key":"SteroidPotion"},{"floor":33.0,"key":"AttackPotion"},{"floor":39.0,"key":"Strength Potion"}],"is_trial":false,"path_per_floor":["M","?","M","T","M","R","M","R","T","R","?","R","$","?","R","B",null,"M","?","?","?","$","R","M","$","T","R","E","R","E","M","R","B",null,"M","?","?","?","?","R","M","R","T","$","M","M","M","M","R"],"character_chosen":"IRONCLAD","items_purchased":["Barricade","Shrug It Off","Happy Flower","Lantern"],"campfire_rested":2,"item_purchase_floors":[],"current_hp_per_floor":[70,70,76,76,80,80,74,74,74,74,74,74,74,79,79,32,68,55,55,55,55,55,55,61,61,61,61,52,52,27,24,48,35,69,71,71,61,53,52,52,54,54,54,54,46,35,37,39,63,0],"gold":138,"neow_bonus":"","is_prod":false,"is_daily":false,"chose_seed":false,"campfire_upgraded":10,"win_rate":0,"timestamp":1530569851,"path_taken":["M","?","M","?","M","R","M","R","T","R","?","R","$","?","R","BOSS","M","?","?","?","$","R","M","?","T","R","E","R","E","M","R","BOSS","M","?","?","?","?","R","M","R","T","$","M","M","M","M","R","BOSS"],"build_version":"2018-06-29","purchased_purges":0,"victory":false,"max_hp_per_floor":[80,80,80,80,80,80,80,80,80,80,80,80,80,80,80,80,80,80,80,80,80,80,80,80,80,80,80,80,80,80,80,80,80,80,80,80,80,80,80,80,80,80,80,80,80,80,80,80,80,80],"card_choices":[{"not_picked":["Sword Boomerang","Entrench"],"picked":"Shrug It Off","floor":1.0},{"not_picked":["Entrench","Power Through"],"picked":"True Grit","floor":3.0},{"not_picked":["Blood for Blood","Wild Strike"],"picked":"Heavy Blade","floor":5.0},{"not_picked":["Rupture","Armaments"],"picked":"Havoc","floor":7.0},{"not_picked":["Sword Boomerang","Bloodletting","Bludgeon"],"picked":"Uppercut","floor":14.0},{"not_picked":["Bludgeon","Feed","Juggernaut"],"picked":"Immolate","floor":16.0},{"not_picked":["Cleave"],"picked":"Havoc","floor":18.0},{"not_picked":["True Grit"],"picked":"Intimidate","floor":24.0},{"not_picked":["Clash"],"picked":"Feel No Pain","floor":28.0},{"not_picked":["Wild Strike","Clash"],"picked":"SKIP","floor":30.0},{"not_picked":["Perfected Strike","Bloodletting"],"picked":"SKIP","floor":31.0},{"not_picked":["Feed"],"picked":"Offering","floor":33.0},{"not_picked":["Armaments+1"],"picked":"Heavy Blade","floor":35.0},{"not_picked":["Panache"],"picked":"Blind","floor":37.0},{"not_picked":["Secret Technique"],"picked":"Secret Weapon","floor":37.0},{"not_picked":["Magnetism"],"picked":"Mind Blast","floor":37.0},{"not_picked":["Searing Blow+1"],"picked":"Reckless Charge","floor":39.0},{"not_picked":["Pummel"],"picked":"Pommel Strike","floor":41.0},{"not_picked":["Cleave"],"picked":"Pommel Strike","floor":45.0},{"not_picked":["Carnage"],"picked":"Spot Weakness","floor":46.0},{"not_picked":["Anger"],"picked":"Reckless Charge","floor":47.0},{"not_picked":["Cleave+1"],"picked":"Reckless Charge","floor":48},{"not_picked":["Searing Blow"],"picked":"Headbutt+1","floor":49}],"player_experience":242722,"relics_obtained":[{"floor":4.0,"key":"Juzu Bracelet"},{"floor":9.0,"key":"Question Card"},{"floor":14.0,"key":"Odd Mushroom"},{"floor":26.0,"key":"Pen Nib"},{"floor":28.0,"key":"Omamori"},{"floor":30.0,"key":"Charon\u0027s Ashes"},{"floor":39.0,"key":"Sundial"},{"floor":43.0,"key":"Dream Catcher"}],"event_choices":[{"event_name":"Purifier","player_choice":"One Purge","floor":2.0,"damage_taken":0.0},{"event_name":"Liars Game","player_choice":"disagreed","floor":11.0,"damage_taken":0.0},{"event_name":"Mushrooms","player_choice":"Fought Mushrooms","floor":14.0,"damage_taken":0.0},{"event_name":"Back to Basics","player_choice":"Simplicity","floor":19.0,"damage_taken":0.0},{"event_name":"Drug Dealer","player_choice":"Got JAXXED","floor":20.0,"damage_taken":0.0},{"event_name":"The Mausoleum","player_choice":"Yes","floor":21.0,"damage_taken":0.0},{"event_name":"Falling","player_choice":"Removed Attack","floor":36.0,"damage_taken":0.0},{"event_name":"SensoryStone","player_choice":"Memory 3","floor":37.0,"damage_taken":0.0},{"event_name":"FaceTrader","player_choice":"Touch","floor":38.0,"damage_taken":0.0},{"event_name":"Mysterious Sphere","player_choice":"Fight","floor":39.0,"damage_taken":0.0}],"boss_relics":[{"not_picked":["White Beast Statue","Black Star"],"picked":"Busted Crown"},{"not_picked":["Astrolabe","Tiny House"],"picked":"Mark of Pain"}],"items_purged_floors":[],"is_endless":false,"potions_floor_spawned":[3,7,16,18,33,39,45,47],"killed_by":"Awakened One","ascension_level":13}