{"gold_per_floor":[144,189,234,125,95,185,185,230,280,325,337,54,144,189,189,489,489,534,579,624,669,714,714,759,849,849,894,939,899,522,567,567,867,867,912,403,448,448,448,448,493,538,563,125,125,200,245,290,290,290],"floor_reached":51,"playtime":2246,"items_purged":[],"score":812,"play_id":"0c854fc3-3074-424c-b320-f0c000cbac6a","local_time":"20180824130415","daily_mods":["Specialized","Midas","Vintage"],"is_ascension_mode":false,"campfire_choices":[{"floor":7.0,"key":"DIG"},{"floor":11.0,"key":"DIG"},{"floor":15.0,"key":"DIG"},{"floor":23.0,"key":"DIG"},{"floor":32.0,"key":"DIG"},{"floor":40,"key":"DIG"},{"floor":45,"key":"DIG"},{"floor":49,"key":"DIG"}],"neow_cost":"","seed_source_timestamp":0,"circlet_count":0,"master_deck":["Strike_R","Strike_R","Strike_R","Strike_R","Strike_R","Defend_R+1","Defend_R+1","Defend_R","Defend_R","Reaper","Reaper+1","Reaper","Reaper","Reaper+1","Disarm","Evolve","Iron Wave","Wild Strike","Rampage","Demon Form+1","Sword Boomerang","Twin Strike+1","Feel No Pain","Offering","Clothesline+1","Headbutt+1","Flame Barrier+1","Offering","Feel No Pain","Heavy Blade+1","Sword Boomerang+1","Shrug It Off+1","Trip+1","Doubt"],"special_seed":17767,"relics":["Burning Blood","Bronze Scales","Unceasing Top","Orichalcum","Strawberry","Shovel","Omamori","Self Forming Clay","Whetstone","MawBank","Matryoshka","Mercury Hourglass","Red Skull","Torii","War Paint","Bag of Preparation","Cursed Key","Ornamental Fan","Pen Nib","Dream Catcher","Juzu Bracelet","Potion Belt","Vajra","Gremlin Horn","Blood Vial","Molten Egg 2","Anchor","Meat on the Bone","Bottled Tornado","Bottled Flame","Mummified Hand","Boot","Ancient Tea Set","Orrery","Bag of Marbles","Kunai","Lantern","Peace Pipe","Regal Pillow","Toxic Egg 2","Art of War","Pantograph","Happy Flower","Gambling Chip","Singing Bowl","Bottled Lightning","Smiling Mask","Shuriken","Darkstone Periapt"],"potions_floor_usage":[50,50,50],"damage_taken":[{"damage":16.0,"enemies":"Cultist","floor":1.0,"turns":5.0},{"damage":6.0,"enemies":"Small Slimes","floor":2.0,"turns":6.0},{"damage":11.0,"enemies":"Jaw Worm","floor":3.0,"turns":3.0},{"damage":2.0,"enemies":"Looter","floor":5.0,"turns":4.0},{"damage":24.0,"enemies":"3 Sentries","floor":6.0,"turns":9.0},{"damage":6.0,"enemies":"3 Louse","floor":8.0,"turns":3.0},{"damage":11.0,"enemies":"Exordium Wildlife","floor":10.0,"turns":5.0},{"damage":31.0,"enemies":"Lagavulin","floor":13.0,"turns":7.0},{"damage":15.0,"enemies":"Exordium Thugs","floor":14.0,"turns":5.0},{"damage":12.0,"enemies":"The Guardian","floor":16.0,"turns":15.0},{"damage":11.0,"enemies":"Spheric Guardian","floor":18.0,"turns":5.0},{"damage":23.0,"enemies":"2 Thieves","floor":19.0,"turns":4.0},{"damage":23.0,"enemies":"Centurion and Healer","floor":20.0,"turns":6.0},{"damage":19.0,"enemies":"Shelled Parasite and Fungi","floor":21.0,"turns":6.0},{"damage":26.0,"enemies":"Chosen and Byrds","floor":22.0,"turns":5.0},{"damage":1.0,"enemies":"Cultist and Chosen","floor":24.0,"turns":5.0},{"damage":34.0,"enemies":"Gremlin Leader","floor":25.0,"turns":5.0},{"damage":20.0,"enemies":"Shelled Parasite and Fungi","floor":27.0,"turns":5.0},{"damage":24.0,"enemies":"Snecko","floor":28.0,"turns":5.0},{"damage":7.0,"enemies":"3 Cultists","floor":31.0,"turns":3.0},{"damage":1.0,"enemies":"Champ","floor":33.0,"turns":10.0},{"damage":6,"enemies":"Orb Walker","floor":35,"turns":2},{"damage":11,"enemies":"Flame Bruiser 1 Orb","floor":37,"turns":3},{"damage":6,"enemies":"Mind Bloom Boss Battle","floor":39,"turns":3},{"damage":29,"enemies":"Spire Growth","floor":41,"turns":4},{"damage":6,"enemies":"Sphere and 2 Shapes","floor":42,"turns":4},{"damage":13,"enemies":"Maw","floor":47,"turns":5},{"damage":6,"enemies":"Spire Growth","floor":48,"turns":3},{"damage":27,"enemies":"Donu and Deca","floor":50,"turns":6}],"seed_played":"-2736081404112847193","potions_obtained":[{"floor":2.0,"key":"Block Potion"},{"floor":3.0,"key":"Strength Potion"},{"floor":8.0,"key":"SpeedPotion"},{"floor":13.0,"key":"Strength Potion"},{"floor":16.0,"key":"Ancient Potion"},{"floor":20.0,"key":"Block Potion"},{"floor":21.0,"key":"Weak Potion"},{"floor":24.0,"key":"EssenceOfSteel"},{"floor":27.0,"key":"Ancient Potion"},{"floor":28.0,"key":"SpeedPotion"},{"floor":33.0,"key":"Ancient Potion"},{"floor":39,"key":"EssenceOfSteel"},{"floor":42,"key":"Ancient Potion"},{"floor":47,"key":"Fire Potion"}],"is_trial":false,"path_per_floor":["M","M","M","$","M","E","R","M","T","M","R","$","E","M","R","B",null,"M","M","M","M","M","R","M","E","T","M","M","?","$","M","R","B",null,"M","$","M","?","?","R","M","M","T","$","R","T","M","M","R","B"],"character_chosen":"IRONCLAD","items_purchased":["Disarm","Evolve","Mercury Hourglass","Wild Strike","Twin Strike+1","Feel No Pain","Bottled Flame","Offering","Kunai","Feel No Pain","Heavy Blade+1","Shrug It Off+1","Gambling Chip","Trip+1"],"campfire_rested":0,"item_purchase_floors":[4,4,12,12,30,30,30,36,36,36,36,44,44,44],"current_hp_per_floor":[70,79,77,77,87,87,87,87,87,87,87,87,77,81,81,87,87,82,82,87,87,87,87,87,87,87,81,75,75,75,87,87,87,87,87,87,87,87,87,87,75,87,87,87,87,87,87,87,87,87],"gold":290,"neow_bonus":"","is_prod":false,"is_daily":true,"chose_seed":false,"campfire_upgraded":0,"win_rate":0,"timestamp":1535108655,"path_taken":["M","M","M","$","M","E","R","M","T","M","R","$","E","M","R","BOSS","M","M","M","M","M","R","M","E","T","M","M","?","$","M","R","BOSS","M","$","M","?","?","R","M","M","T","$","R","?","M","M","R","BOSS"],"build_version":"2018-08-23v2","purchased_purges":0,"victory":true,"max_hp_per_floor":[80,80,80,80,87,87,87,87,87,87,87,87,87,87,87,87,87,87,87,87,87,87,87,87,87,87,87,87,87,87,87,87,87,87,87,87,87,87,87,87,87,87,87,87,87,87,87,87,87,87],"card_choices":[{"not_picked":["Clash","Seeing Red"],"picked":"Iron Wave","floor":6.0},{"not_picked":["Fire Breathing","Ghostly Armor"],"picked":"Rampage","floor":13.0},{"not_picked":["Immolate","Juggernaut"],"picked":"Demon Form","floor":16.0},{"not_picked":["Inflame","Wild Strike"],"picked":"Sword Boomerang","floor":25.0},{"not_picked":["Barricade","Double Tap"],"picked":"Offering","floor":33.0},{"not_picked":["Body Slam+1","Heavy Blade+1"],"picked":"Clothesline+1","floor":34},{"not_picked":["Warcry+1","Pommel Strike+1"],"picked":"Headbutt+1","floor":34},{"not_picked":["Rampage+1","Dropkick+1"],"picked":"Flame Barrier+1","floor":34},{"not_picked":["Searing Blow+1","Clothesline+1"],"picked":"Sword Boomerang+1","floor":39}],"player_experience":1337742,"relics_obtained":[{"floor":1.0,"key":"Bronze Scales"},{"floor":2.0,"key":"Unceasing Top"},{"floor":3.0,"key":"Orichalcum"},{"floor":5.0,"key":"Strawberry"},{"floor":6.0,"key":"Shovel"},{"floor":7.0,"key":"Omamori"},{"floor":8.0,"key":"Self Forming Clay"},{"floor":9.0,"key":"Whetstone"},{"floor":10.0,"key":"MawBank"},{"floor":11.0,"key":"Matryoshka"},{"floor":13.0,"key":"Red Skull"},{"floor":14.0,"key":"Torii"},{"floor":15.0,"key":"War Paint"},{"floor":16.0,"key":"Bag of Preparation"},{"floor":18.0,"key":"Ornamental Fan"},{"floor":19.0,"key":"Pen Nib"},{"floor":20.0,"key":"Dream Catcher"},{"floor":21.0,"key":"Juzu Bracelet"},{"floor":22.0,"key":"Potion Belt"},{"floor":23.0,"key":"Vajra"},{"floor":24.0,"key":"Gremlin Horn"},{"floor":25.0,"key":"Blood Vial"},{"floor":26.0,"key":"Molten Egg 2"},{"floor":26.0,"key":"Anchor"},{"floor":27.0,"key":"Meat on the Bone"},{"floor":28.0,"key":"Bottled Tornado"},{"floor":31.0,"key":"Mummified Hand"},{"floor":32.0,"key":"Boot"},{"floor":33.0,"key":"Ancient Tea Set"},{"floor":35,"key":"Bag of Marbles"},{"floor":37,"key":"Lantern"},{"floor":39,"key":"Peace Pipe"},{"floor":40,"key":"Regal Pillow"},{"floor":41,"key":"Toxic Egg 2"},{"floor":42,"key":"Art of War"},{"floor":43,"key":"Pantograph"},{"floor":43,"key":"Happy Flower"},{"floor":45,"key":"Singing Bowl"},{"floor":46,"key":"Bottled Lightning"},{"floor":47,"key":"Smiling Mask"},{"floor":48,"key":"Shuriken"},{"floor":49,"key":"Darkstone Periapt"}],"event_choices":[{"event_name":"Designer","player_choice":"Upgrade Card","floor":29.0,"damage_taken":0.0},{"event_name":"Falling","player_choice":"Removed Attack","floor":38,"damage_taken":0},{"event_name":"MindBloom","player_choice":"Fight","floor":39,"damage_taken":0}],"is_beta":false,"boss_relics":[{"not_picked":["Astrolabe","White Beast Statue"],"picked":"Cursed Key"},{"not_picked":["Runic Pyramid","Runic Cube"],"picked":"Orrery"}],"items_purged_floors":[],"is_endless":false,"potions_floor_spawned":[2,3,8,13,16,20,21,24,27,28,33,39,42,47],"ascension_level":0}