{"gold_per_floor":[112,35,35,49,63,63,63,63,140,173,190,190,207,220,220,325,355,370,295,311,311,311,311,322,342,393,410,437,454,466,12,12,117,117,130,130,130,130,148,148,166,166],"floor_reached":42,"playtime":2106,"items_purged":[],"score":765,"play_id":"b3e23d7f-bc8c-424c-953e-591dc4f8935e","local_time":"20180709183444","is_ascension_mode":true,"campfire_choices":[{"data":"Predator","floor":6,"key":"SMITH"},{"data":"Sucker Punch","floor":8,"key":"SMITH"},{"floor":12,"key":"REST"},{"floor":15,"key":"REST"},{"data":"Riddle With Holes","floor":23,"key":"SMITH"},{"floor":32,"key":"REST"},{"floor":40,"key":"REST"}],"neow_cost":"NONE","seed_source_timestamp":508148014912913,"circlet_count":0,"master_deck":["Defend_G","Defend_G","Defend_G","Defend_G","Defend_G","Survivor","Neutralize+1","Wraith Form v2+1","Calculated Gamble+1","Quick Slash+1","Malaise","Flying Knee","Sucker Punch+1","Predator+1","Quick Slash","Skewer","Escape Plan","Heel Hook","Dodge and Roll","Wraith Form v2","Riddle With Holes+1","Quick Slash+1","Dagger Spray","Terror","Noxious Fumes+1","After Image","Quick Slash","Bouncing Flask+1","Glass Knife","Bouncing Flask","Dodge and Roll+1","Madness","Madness","Envenom","Infinite Blades"],"relics":["Astrolabe","Mercury Hourglass","Paper Crane","Tiny House","Blood Vial","Regal Pillow","Sundial","Singing Bowl","Orrery","Peace Pipe"],"potions_floor_usage":[16,16,18,18,24,27,35],"damage_taken":[{"damage":4,"enemies":"Cultist","floor":1,"turns":5},{"damage":3,"enemies":"Small Slimes","floor":4,"turns":4},{"damage":4,"enemies":"2 Louse","floor":5,"turns":3},{"damage":28,"enemies":"Lagavulin","floor":10,"turns":5},{"damage":7,"enemies":"Lots of Slimes","floor":11,"turns":2},{"damage":0,"enemies":"Large Slime","floor":13,"turns":2},{"damage":6,"enemies":"Gremlin Gang","floor":14,"turns":3},{"damage":20,"enemies":"The Guardian","floor":16,"turns":10},{"damage":23,"enemies":"2 Thieves","floor":18,"turns":4},{"damage":10,"enemies":"Chosen","floor":20,"turns":4},{"damage":8,"enemies":"Centurion and Healer","floor":24,"turns":5},{"damage":3,"enemies":"Snecko","floor":25,"turns":4},{"damage":18,"enemies":"Chosen and Byrds","floor":27,"turns":6},{"damage":27,"enemies":"Snake Plant","floor":29,"turns":4},{"damage":0,"enemies":"Snecko","floor":30,"turns":6},{"damage":33,"enemies":"Collector","floor":33,"turns":11},{"damage":5,"enemies":"3 Shapes","floor":35,"turns":7},{"damage":12,"floor":38,"turns":8},{"damage":19,"enemies":"Orb Walker","floor":39,"turns":4},{"damage":14,"enemies":"Maw","floor":41,"turns":10},{"damage":63,"enemies":"3 Darklings","floor":42,"turns":6}],"seed_played":"6247144867589154085","potions_obtained":[{"floor":5,"key":"Energy Potion"},{"floor":10,"key":"Dexterity Potion"},{"floor":13,"key":"Weak Potion"},{"floor":14,"key":"Fire Potion"},{"floor":16,"key":"Energy Potion"},{"floor":17,"key":"Poison Potion"},{"floor":18,"key":"SpeedPotion"},{"floor":25,"key":"Ancient Potion"},{"floor":30,"key":"SpeedPotion"},{"floor":33,"key":"Poison Potion"},{"floor":39,"key":"LiquidBronze"}],"is_trial":false,"path_per_floor":["M","$","?","M","M","R","?","R","T","E","M","R","M","M","R","B",null,"M","?","M","?","?","R","M","M","T","M","T","M","M","$","R","B",null,"M","?","?","?","M","R","M"],"character_chosen":"THE_SILENT","items_purchased":["Flying Knee","Sucker Punch","Sundial","Singing Bowl"],"campfire_rested":4,"item_purchase_floors":[2,2,31,31],"current_hp_per_floor":[66,66,70,67,63,63,63,63,63,35,28,49,49,43,64,44,69,46,46,36,36,61,61,53,50,50,34,34,9,11,11,48,17,67,66,56,56,46,31,71,59,0],"gold":166,"neow_bonus":"BOSS_RELIC","is_prod":false,"is_daily":false,"chose_seed":false,"campfire_upgraded":3,"win_rate":0,"timestamp":1531175684,"path_taken":["M","$","?","M","?","R","?","R","T","E","M","R","?","?","R","BOSS","M","?","?","?","?","R","M","M","T","M","?","M","M","$","R","BOSS","M","?","?","?","M","R","M","M"],"build_version":"2018-07-05","purchased_purges":0,"victory":false,"max_hp_per_floor":[70,70,70,70,70,70,70,70,70,70,70,70,70,70,70,70,75,75,75,75,75,75,75,75,75,75,75,75,75,75,75,75,75,81,83,83,83,83,85,85,85,85],"card_choices":[{"not_picked":["Deflect","Sucker Punch"],"picked":"Malaise","floor":1},{"not_picked":["Backflip","Poisoned Stab"],"picked":"Predator","floor":4},{"not_picked":["Outmaneuver","Underhanded Strike"],"picked":"Quick Slash","floor":5},{"not_picked":["Bane","Setup"],"picked":"Skewer","floor":10},{"not_picked":["Deflect","Bane"],"picked":"Escape Plan","floor":11},{"not_picked":["Prepared","Distraction"],"picked":"Heel Hook","floor":13},{"not_picked":["Slice","Acrobatics"],"picked":"Dodge and Roll","floor":14},{"not_picked":["Corpse Explosion","Venomology"],"picked":"Wraith Form v2","floor":16},{"not_picked":["Sucker Punch","Deadly Poison"],"picked":"Riddle With Holes","floor":17},{"not_picked":["Deadly Poison","Cloak And Dagger"],"picked":"Quick Slash+1","floor":18},{"not_picked":["Masterful Stab+1","Calculated Gamble"],"picked":"Dagger Spray","floor":20},{"not_picked":["Dagger Spray+1","Crippling Poison+1"],"picked":"Terror","floor":24},{"not_picked":["Bane","All Out Attack"],"picked":"Noxious Fumes+1","floor":25},{"not_picked":["Finisher+1","Cloak And Dagger"],"picked":"After Image","floor":27},{"not_picked":["Poisoned Stab","Cloak And Dagger+1"],"picked":"Quick Slash","floor":29},{"not_picked":["Acrobatics","Dagger Spray"],"picked":"Bouncing Flask+1","floor":30},{"not_picked":["Storm of Steel","Doppelganger"],"picked":"Glass Knife","floor":33},{"not_picked":["Flechettes","Outmaneuver"],"picked":"Bouncing Flask","floor":34},{"not_picked":["Dagger Throw","Reflex"],"picked":"Dodge and Roll+1","floor":34},{"not_picked":["Slice+1","Prepared+1","Dodge and Roll"],"picked":"Singing Bowl","floor":34},{"not_picked":["Flying Knee+1","Underhanded Strike","Outmaneuver"],"picked":"Singing Bowl","floor":34},{"not_picked":["Masterful Stab","Bane","Dodge and Roll"],"picked":"Singing Bowl","floor":34},{"not_picked":["Outmaneuver+1","Setup+1","Dodge and Roll"],"picked":"Singing Bowl","floor":35},{"not_picked":["Backflip","Catalyst"],"picked":"Envenom","floor":38},{"not_picked":["Deadly Poison","Endless Agony+1","Prepared+1"],"picked":"Singing Bowl","floor":39},{"not_picked":["Outmaneuver+1","Dagger Spray+1"],"picked":"Infinite Blades","floor":41}],"player_experience":1016381,"relics_obtained":[{"floor":9,"key":"Mercury Hourglass"},{"floor":10,"key":"Paper Crane"},{"floor":26,"key":"Blood Vial"},{"floor":28,"key":"Regal Pillow"},{"floor":38,"key":"Peace Pipe"}],"event_choices":[{"event_name":"Big Fish","player_choice":"Banana","floor":3,"damage_taken":0},{"event_name":"Living Wall","player_choice":"Grow","floor":7,"damage_taken":0},{"event_name":"Beggar","player_choice":"Gave Gold","floor":19,"damage_taken":0},{"event_name":"Wheel of Change","player_choice":"Card Removal","floor":21,"damage_taken":0},{"event_name":"The Library","player_choice":"Heal","floor":22,"damage_taken":0},{"event_name":"Winding Halls","player_choice":"Embrace Madness","floor":36,"damage_taken":0},{"event_name":"Tomb of Lord Red Mask","player_choice":"Ignored","floor":37,"damage_taken":0},{"event_name":"MindBloom","player_choice":"Fight","floor":38,"damage_taken":0}],"boss_relics":[{"not_picked":["Snecko Eye","Runic Dome"],"picked":"Tiny House"},{"not_picked":["Velvet Choker","Black Star"],"picked":"Orrery"}],"items_purged_floors":[],"is_endless":false,"potions_floor_spawned":[5,10,13,14,16,18,25,30,33,39],"killed_by":"3 Darklings","ascension_level":5}