{"gold_per_floor":[18,30,30,48,67,67,85,49,72,72,99,117,169,203,203,203],"floor_reached":16,"playtime":533,"items_purged":[],"score":224,"play_id":"4e3ff956-590b-4bc4-a6d2-04081d22fae8","local_time":"20190211163840","is_ascension_mode":true,"campfire_choices":[{"data":"Storm of Steel","floor":6.0,"key":"SMITH"},{"data":"Footwork","floor":10.0,"key":"SMITH"},{"floor":15.0,"key":"REST"}],"neow_cost":"NO_GOLD","seed_source_timestamp":233895681899558,"circlet_count":0,"master_deck":["AscendersBane","Defend_G","Defend_G","Defend_G","Defend_G","Defend_G","Strike_G","Strike_G+1","Strike_G","Strike_G+1","Strike_G","Survivor","Neutralize","All Out Attack","Predator","Caltrops","Storm of Steel+1","Prepared","Footwork+1","Crippling Poison","Acrobatics","Flechettes","Backflip"],"special_seed":0,"relics":["Ring of the Snake","Tingsha","NlothsMask","Whetstone","Dream Catcher","Boot"],"potions_floor_usage":[],"damage_taken":[{"damage":2.0,"enemies":"2 Louse","floor":1.0,"turns":4.0},{"damage":1.0,"enemies":"Cultist","floor":2.0,"turns":4.0},{"damage":7.0,"enemies":"Jaw Worm","floor":4.0,"turns":3.0},{"damage":2.0,"enemies":"Gremlin Gang","floor":5.0,"turns":3.0},{"damage":10.0,"enemies":"3 Louse","floor":7.0,"turns":2.0},{"damage":13.0,"enemies":"Gremlin Nob","floor":11.0,"turns":3.0},{"damage":0.0,"enemies":"Red Slaver","floor":12.0,"turns":1.0},{"damage":22.0,"enemies":"Lagavulin","floor":14.0,"turns":6.0},{"damage":22,"enemies":"Slime Boss","floor":16,"turns":8}],"seed_played":"8336525665869596294","potions_obtained":[{"floor":2.0,"key":"Explosive Potion"},{"floor":4.0,"key":"Fire Potion"},{"floor":7.0,"key":"AttackPotion"},{"floor":12.0,"key":"Swift Potion"}],"is_trial":false,"path_per_floor":["M","M","?","M","M","R","M","$","T","R","E","M","T","E","R","B"],"character_chosen":"THE_SILENT","items_purchased":["Footwork"],"campfire_rested":1,"item_purchase_floors":[8],"current_hp_per_floor":[57,56,56,49,47,47,37,37,37,37,24,24,24,2,21,0],"gold":203,"neow_bonus":"ONE_RARE_RELIC","is_prod":false,"is_daily":false,"chose_seed":false,"campfire_upgraded":2,"win_rate":0,"timestamp":1549899520,"path_taken":["M","M","?","?","?","R","M","$","T","R","E","M","?","E","R","BOSS"],"build_version":"2019-01-23","purchased_purges":0,"victory":false,"max_hp_per_floor":[66,66,66,66,66,66,66,66,66,66,66,66,66,66,66,66],"card_choices":[{"not_picked":["Slice","Dagger Throw"],"picked":"All Out Attack","floor":1.0},{"not_picked":["Slice","Underhanded Strike"],"picked":"Predator","floor":2.0},{"not_picked":["PiercingWail","Terror"],"picked":"Caltrops","floor":4.0},{"not_picked":["Underhanded Strike","Riddle With Holes"],"picked":"Storm of Steel","floor":5.0},{"not_picked":["Flechettes","Outmaneuver"],"picked":"Prepared","floor":7.0},{"not_picked":["Poisoned Stab","Slice"],"picked":"Crippling Poison","floor":11.0},{"not_picked":["Dagger Spray","Dodge and Roll"],"picked":"Acrobatics","floor":12.0},{"not_picked":["Slice","Setup"],"picked":"Flechettes","floor":14.0},{"not_picked":["Sucker Punch","Riddle With Holes"],"picked":"Backflip","floor":15.0}],"player_experience":1401811,"relics_obtained":[{"floor":11.0,"key":"Whetstone"},{"floor":13.0,"key":"Dream Catcher"},{"floor":14.0,"key":"Boot"}],"event_choices":[{"damage_healed":0.0,"max_hp_gain":0.0,"max_hp_loss":0.0,"gold_gain":0.0,"event_name":"FaceTrader","player_choice":"Trade","floor":3.0,"gold_loss":0.0,"damage_taken":0.0,"relics_obtained":["NlothsMask"]}],"is_beta":false,"boss_relics":[],"items_purged_floors":[],"is_endless":false,"potions_floor_spawned":[2,4,7,12],"killed_by":"Slime Boss","ascension_level":20}