{"gold_per_floor":[114,69,89,189,138,164,9,9,9,9,19,33,44,44,44,44],"floor_reached":16,"playtime":284,"items_purged":[],"score":169,"play_id":"63c63b27-31ae-4ea6-a7de-19f237549ee6","local_time":"20190124171000","is_ascension_mode":true,"campfire_choices":[{"data":"Perfected Strike","floor":8,"key":"SMITH"},{"data":"Bash","floor":10,"key":"SMITH"},{"data":"Searing Blow","floor":15,"key":"SMITH"}],"neow_cost":"NONE","seed_source_timestamp":406378630113528,"circlet_count":0,"master_deck":["Strike_R","Strike_R","Strike_R","Strike_R","Strike_R","Defend_R","Defend_R","Defend_R","Defend_R","Bash+1","Perfected Strike+1","Cleave","Double Tap","Cleave","Searing Blow+1","Wild Strike"],"relics":["Burning Blood","NeowsBlessing","Bag of Preparation","Oddly Smooth Stone","Dodecahedron"],"potions_floor_usage":[13,16,16],"damage_taken":[{"damage":0,"enemies":"2 Louse","floor":1,"turns":1},{"damage":0,"enemies":"Cultist","floor":3,"turns":1},{"damage":0,"enemies":"Lagavulin","floor":6,"turns":1},{"damage":0,"enemies":"Small Slimes","floor":11,"turns":2},{"damage":0,"enemies":"2 Fungi Beasts","floor":12,"turns":2},{"damage":10,"enemies":"Gremlin Gang","floor":13,"turns":2},{"damage":76,"enemies":"Hexaghost","floor":16,"turns":10}],"seed_played":"1151885969339967887","potions_obtained":[{"floor":3,"key":"Weak Potion"},{"floor":6,"key":"Strength Potion"},{"floor":11,"key":"Energy Potion"}],"is_trial":false,"path_per_floor":["M","?","M","?","$","E","$","R","T","R","M","M","M","$","R","B"],"character_chosen":"IRONCLAD","items_purchased":["Cleave","Oddly Smooth Stone"],"campfire_rested":0,"item_purchase_floors":[5,7],"current_hp_per_floor":[78,78,80,80,80,80,80,80,80,80,80,80,76,76,76,0],"gold":44,"neow_bonus":"THREE_ENEMY_KILL","is_prod":false,"is_daily":false,"chose_seed":false,"campfire_upgraded":3,"win_rate":0,"timestamp":1548371400,"path_taken":["M","?","M","?","$","E","$","R","T","R","M","M","?","$","R","BOSS"],"build_version":"2019-01-23","purchased_purges":0,"victory":false,"max_hp_per_floor":[80,80,80,80,80,80,80,80,80,80,80,80,80,80,80,80],"card_choices":[{"not_picked":["Clash","Heavy Blade","Flex"],"picked":"SKIP","floor":1},{"not_picked":["Thunderclap","Heavy Blade"],"picked":"Perfected Strike","floor":3},{"not_picked":["Evolve","Entrench"],"picked":"Double Tap","floor":6},{"not_picked":["Perfected Strike","Body Slam"],"picked":"Cleave","floor":11},{"not_picked":["Perfected Strike","Iron Wave"],"picked":"Searing Blow","floor":12},{"not_picked":["Heavy Blade","Havoc"],"picked":"Wild Strike","floor":13}],"player_experience":635233,"relics_obtained":[{"floor":6,"key":"Bag of Preparation"},{"floor":9,"key":"Dodecahedron"}],"event_choices":[{"damage_healed":0,"gold_gain":0,"player_choice":"Left Gold","damage_taken":0,"max_hp_gain":0,"max_hp_loss":0,"event_name":"World of Goop","floor":2,"gold_loss":45},{"damage_healed":0,"gold_gain":100,"player_choice":"Pray","damage_taken":0,"max_hp_gain":0,"max_hp_loss":0,"event_name":"Golden Shrine","floor":4,"gold_loss":0}],"is_beta":true,"boss_relics":[],"items_purged_floors":[],"is_endless":false,"potions_floor_spawned":[3,6,11],"killed_by":"Hexaghost","ascension_level":7}