{"gold_per_floor":[109,59,71,86,99,99,134,134,202,236,236,262,340,354,354,453,453,467,479,479,490,490,490,490,490,490,42,56,73,21,39,39,142,142,154,167,179,196,196,196,196,216,243,261,275,295,295,148,148,148],"floor_reached":51,"playtime":3850,"items_purged":[],"score":935,"play_id":"e07fe209-82d8-4813-90d7-537d7a6d0d00","local_time":"20180828215703","is_ascension_mode":true,"campfire_choices":[{"data":"Bash","floor":6.0,"key":"SMITH"},{"floor":8.0,"key":"REST"},{"floor":11.0,"key":"REST"},{"data":"Clothesline","floor":15.0,"key":"SMITH"},{"floor":23.0,"key":"REST"},{"floor":32.0,"key":"REST"},{"floor":40.0,"key":"REST"},{"floor":47.0,"key":"REST"},{"floor":49.0,"key":"REST"}],"neow_cost":"NONE","seed_source_timestamp":664062237858381,"circlet_count":0,"master_deck":["Defend_R","Defend_R","Defend_R","Defend_R","Bash+1","AscendersBane","Thunderclap","Infernal Blade+1","Clothesline+1","Sword Boomerang","Feel No Pain","Warcry","Shrug It Off","Shrug It Off","Reaper","Havoc+1","Rage+1","Headbutt+1","Writhe","Warcry+1","Reckless Charge","Clash","Pummel+1","Limit Break","Seeing Red+1","Ghostly Armor+1","Clash+1","Intimidate","Flame Barrier+1","Intimidate","Metamorphosis","Pommel Strike+1","Ghostly Armor+1","Pommel Strike+1"],"special_seed":0,"relics":["Burning Blood","Potion Belt","Incense Burner","Shuriken","Orichalcum","Blue Candle","Question Card","Fusion Hammer","Centennial Puzzle","Happy Flower","Matryoshka","Thread and Needle","Vajra","Astrolabe","Red Skull","Bronze Scales","Champion Belt"],"potions_floor_usage":[50,50],"damage_taken":[{"damage":6.0,"enemies":"Cultist","floor":1.0,"turns":3.0},{"damage":0.0,"enemies":"Small Slimes","floor":3.0,"turns":3.0},{"damage":12.0,"enemies":"Jaw Worm","floor":4.0,"turns":2.0},{"damage":16.0,"enemies":"Blue Slaver","floor":5.0,"turns":4.0},{"damage":35.0,"enemies":"3 Sentries","floor":7.0,"turns":8.0},{"damage":32.0,"enemies":"Lagavulin","floor":10.0,"turns":6.0},{"damage":2.0,"enemies":"3 Sentries","floor":12.0,"turns":8.0},{"damage":11.0,"enemies":"Exordium Wildlife","floor":14.0,"turns":5.0},{"damage":75.0,"enemies":"The Guardian","floor":16.0,"turns":16.0},{"damage":4.0,"enemies":"Shell Parasite","floor":18.0,"turns":3.0},{"damage":33.0,"enemies":"2 Thieves","floor":19.0,"turns":5.0},{"damage":37.0,"enemies":"Snake Plant","floor":21.0,"turns":5.0},{"damage":3.0,"enemies":"Cultist and Chosen","floor":28.0,"turns":5.0},{"damage":0.0,"enemies":"Centurion and Healer","floor":29.0,"turns":5.0},{"damage":2.0,"enemies":"Shelled Parasite and Fungi","floor":31.0,"turns":3.0},{"damage":47.0,"enemies":"Champ","floor":33.0,"turns":10.0},{"damage":2.0,"enemies":"Orb Walker","floor":35.0,"turns":3.0},{"damage":20.0,"enemies":"Flame Bruiser 1 Orb","floor":36.0,"turns":8.0},{"damage":12.0,"enemies":"Spire Growth","floor":37.0,"turns":4.0},{"damage":32.0,"enemies":"3 Darklings","floor":38.0,"turns":6.0},{"damage":29.0,"enemies":"Flame Bruiser 2 Orb","floor":42.0,"turns":8.0},{"damage":34.0,"enemies":"Transient","floor":44.0,"turns":5.0},{"damage":4.0,"enemies":"Sphere and 2 Shapes","floor":45.0,"turns":3.0},{"damage":3.0,"enemies":"Maw","floor":46.0,"turns":7.0},{"damage":68,"enemies":"Donu and Deca","floor":50,"turns":10}],"seed_played":"-9057372110838106669","potions_obtained":[{"floor":3.0,"key":"Ancient Potion"},{"floor":7.0,"key":"Explosive Potion"},{"floor":10.0,"key":"EssenceOfSteel"},{"floor":12.0,"key":"Regen Potion"},{"floor":18.0,"key":"Swift Potion"},{"floor":19.0,"key":"Swift Potion"},{"floor":21.0,"key":"Explosive Potion"},{"floor":29.0,"key":"Regen Potion"},{"floor":31.0,"key":"SkillPotion"},{"floor":37.0,"key":"PowerPotion"},{"floor":42.0,"key":"Dexterity Potion"},{"floor":44.0,"key":"SpeedPotion"},{"floor":45.0,"key":"Regen Potion"}],"is_trial":false,"path_per_floor":["M","?","M","M","M","R","E","R","T","E","R","E","T","M","R","B",null,"M","M","?","M","?","R","?","T","T","$","M","M","$","M","R","B",null,"M","M","M","M","?","R","?","M","T","M","M","M","R","?","R","B"],"character_chosen":"IRONCLAD","items_purchased":["Thread and Needle","Vajra","Clash"],"campfire_rested":7,"item_purchase_floors":[27,27,30],"current_hp_per_floor":[72,72,78,72,62,62,33,57,57,31,55,71,71,80,80,11,63,65,48,48,17,17,41,41,41,41,41,54,70,70,80,80,48,72,80,72,66,54,54,78,78,59,59,31,61,68,80,80,80,37],"gold":148,"neow_bonus":"RANDOM_COMMON_RELIC","is_prod":false,"is_daily":false,"chose_seed":false,"campfire_upgraded":2,"win_rate":0,"timestamp":1535507823,"path_taken":["M","?","M","?","M","R","E","R","T","E","R","E","?","M","R","BOSS","M","M","?","M","?","R","?","?","T","?","M","M","$","M","R","BOSS","M","M","?","M","?","R","?","M","T","M","M","M","R","?","R","BOSS"],"build_version":"2018-08-23v2","purchased_purges":0,"victory":true,"max_hp_per_floor":[80,80,80,80,80,80,80,80,80,80,80,80,80,80,80,80,80,80,80,80,80,80,80,80,80,80,80,80,80,80,80,80,80,80,80,80,80,80,80,80,80,80,80,80,80,80,80,80,80,80],"card_choices":[{"not_picked":["Cleave","Flex"],"picked":"Thunderclap","floor":1.0},{"not_picked":["Perfected Strike","Sentinel"],"picked":"Infernal Blade","floor":3.0},{"not_picked":["Thunderclap","Intimidate"],"picked":"Clothesline","floor":4.0},{"not_picked":["Armaments","Feel No Pain"],"picked":"Sword Boomerang","floor":5.0},{"not_picked":["Wild Strike","Second Wind"],"picked":"Feel No Pain","floor":7.0},{"not_picked":["Armaments","Bloodletting"],"picked":"Warcry","floor":10.0},{"not_picked":["Spot Weakness","Armaments"],"picked":"Shrug It Off","floor":12.0},{"not_picked":["Clothesline","Dropkick","Evolve"],"picked":"Shrug It Off","floor":14.0},{"not_picked":["Offering","Impervious","Barricade"],"picked":"Reaper","floor":16.0},{"not_picked":["Thunderclap","Wild Strike","Perfected Strike"],"picked":"Havoc+1","floor":18.0},{"not_picked":["Sword Boomerang+1","Clash","Pommel Strike"],"picked":"Rage+1","floor":19.0},{"not_picked":["Anger","Brutality","Clothesline+1"],"picked":"Headbutt+1","floor":21.0},{"not_picked":["Blood for Blood","Shrug It Off+1","Flame Barrier+1"],"picked":"Warcry+1","floor":28.0},{"not_picked":["Cleave","Sever Soul","Thunderclap"],"picked":"Reckless Charge","floor":29.0},{"not_picked":["Rage","Sword Boomerang","Flame Barrier"],"picked":"Pummel+1","floor":31.0},{"not_picked":["Feed","Demon Form","Barricade"],"picked":"Limit Break","floor":33.0},{"not_picked":["Wild Strike","Twin Strike","Pommel Strike+1"],"picked":"Intimidate","floor":35.0},{"not_picked":["Rampage","Cleave+1","Armaments+1","Iron Wave"],"picked":"SKIP","floor":36.0},{"not_picked":["Flex+1","Inflame+1","Cleave"],"picked":"Flame Barrier+1","floor":37.0},{"not_picked":["Seeing Red","Wild Strike+1","Carnage"],"picked":"Intimidate","floor":38.0},{"not_picked":["Jack Of All Trades","Trip","Apotheosis"],"picked":"Metamorphosis","floor":39.0},{"not_picked":["Battle Trance","Flex+1","Wild Strike"],"picked":"Pommel Strike+1","floor":42.0},{"not_picked":["Burning Pact","Armaments","Sever Soul+1"],"picked":"Ghostly Armor+1","floor":44.0},{"not_picked":["Whirlwind+1","Headbutt","Heavy Blade+1"],"picked":"Pommel Strike+1","floor":45.0},{"not_picked":["Hemokinesis","Sword Boomerang","Dropkick+1","Clothesline"],"picked":"SKIP","floor":46.0}],"player_experience":1501346,"relics_obtained":[{"floor":7.0,"key":"Incense Burner"},{"floor":9.0,"key":"Shuriken"},{"floor":10.0,"key":"Orichalcum"},{"floor":12.0,"key":"Blue Candle"},{"floor":13.0,"key":"Question Card"},{"floor":25.0,"key":"Happy Flower"},{"floor":26.0,"key":"Matryoshka"},{"floor":43.0,"key":"Red Skull"},{"floor":43.0,"key":"Bronze Scales"}],"event_choices":[{"event_name":"The Cleric","player_choice":"Card Removal","floor":2.0,"damage_taken":0.0},{"event_name":"Back to Basics","player_choice":"Elegance","floor":20.0,"damage_taken":0.0},{"event_name":"The Mausoleum","player_choice":"Yes","floor":22.0,"damage_taken":0.0},{"event_name":"Accursed Blacksmith","player_choice":"Forge","floor":24.0,"damage_taken":0.0},{"event_name":"SensoryStone","player_choice":"Memory 1","floor":39.0,"damage_taken":0.0},{"event_name":"Tomb of Lord Red Mask","player_choice":"Ignored","floor":41.0,"damage_taken":0.0},{"event_name":"WeMeetAgain","player_choice":"Gold","floor":48.0,"damage_taken":0.0}],"is_beta":false,"boss_relics":[{"not_picked":["Tiny House","Lizard Tail"],"picked":"Fusion Hammer"},{"not_picked":["Velvet Choker","Pandora\u0027s Box"],"picked":"Astrolabe"}],"items_purged_floors":[],"is_endless":false,"potions_floor_spawned":[3,7,10,12,18,19,21,29,31,37,42,44,45],"ascension_level":10}