{"gold_per_floor":[116,129,146,146,146,181,210,210,210,210,210,229,154,172,172,271,271,290,290,41,45,65,65,95,95,95,125,135,135,135,148,148,148],"floor_reached":33,"playtime":3926,"items_purged":["Strike_G"],"score":339,"play_id":"a22ce3c2-56a9-4a91-be47-ac08a8a59769","local_time":"20180627052044","is_ascension_mode":true,"campfire_choices":[{"data":"Storm of Steel","floor":8.0,"key":"SMITH"},{"data":"Neutralize","floor":11.0,"key":"SMITH"},{"data":"Wraith Form v2","floor":15.0,"key":"SMITH"},{"data":"Doppelganger","floor":23,"key":"SMITH"},{"floor":25,"key":"REST"},{"floor":30,"key":"REST"},{"floor":32,"key":"REST"}],"neow_cost":"","seed_source_timestamp":0,"circlet_count":0,"master_deck":["Defend_G","Defend_G","Defend_G","Defend_G","Strike_G","Strike_G","Strike_G","Strike_G","Survivor","Neutralize+1","Storm of Steel+1","PiercingWail","Predator","Tools of the Trade+1","Prepared","Wraith Form v2+1","Expertise","Doppelganger+1","Backflip+1","Sucker Punch","Terror","Blade Dance","Ghostly","Ghostly","Ghostly","Ghostly","Ghostly","Skewer+1"],"special_seed":0,"relics":["Ring of the Snake","Blue Candle","Pen Nib","Odd Mushroom","Pear","Lizard Tail","Frozen Egg 2","Ice Cream","Molten Egg 2","Bottled Lightning"],"potions_floor_usage":[16,16,24,33,33,33],"damage_taken":[{"damage":4.0,"enemies":"Small Slimes","floor":1.0,"turns":4.0},{"damage":0.0,"enemies":"2 Louse","floor":2.0,"turns":3.0},{"damage":0.0,"enemies":"Cultist","floor":3.0,"turns":3.0},{"damage":33.0,"enemies":"Lagavulin","floor":6.0,"turns":8.0},{"damage":13.0,"floor":7.0,"turns":4.0},{"damage":2.0,"enemies":"Blue Slaver","floor":12.0,"turns":3.0},{"damage":5.0,"enemies":"3 Louse","floor":14.0,"turns":5.0},{"damage":18,"enemies":"Hexaghost","floor":16,"turns":10},{"damage":31,"enemies":"Shell Parasite","floor":18,"turns":5},{"damage":15,"enemies":"2 Thieves","floor":21,"turns":5},{"damage":29,"enemies":"Cultist and Chosen","floor":22,"turns":10},{"damage":36,"enemies":"Slavers","floor":24,"turns":10},{"damage":18,"enemies":"Gremlin Leader","floor":27,"turns":7},{"damage":3,"enemies":"Chosen and Byrds","floor":28,"turns":7},{"damage":26,"enemies":"Centurion and Healer","floor":31,"turns":10},{"damage":17,"enemies":"Champ","floor":33,"turns":15}],"seed_played":"-4962021306719884421","potions_obtained":[{"floor":3.0,"key":"Regen Potion"},{"floor":7.0,"key":"EssenceOfSteel"},{"floor":14.0,"key":"PowerPotion"},{"floor":22,"key":"GhostInAJar"},{"floor":24,"key":"AttackPotion"},{"floor":27,"key":"Ancient Potion"},{"floor":31,"key":"PowerPotion"}],"is_trial":false,"path_per_floor":["M","M","M","?","?","E","?","R","T","?","R","M","$","M","R","B",null,"M","?","$","M","M","R","E","R","T","E","M","?","R","M","R"],"character_chosen":"THE_SILENT","items_purchased":["Frozen Egg 2"],"campfire_rested":3,"item_purchase_floors":[20],"current_hp_per_floor":[66,66,66,54,54,35,22,22,32,32,32,30,30,25,25,7,80,49,49,49,34,5,5,14,38,38,20,17,17,29,3,15,0],"gold":148,"neow_bonus":"","is_prod":false,"is_daily":false,"chose_seed":false,"campfire_upgraded":4,"win_rate":0,"timestamp":1530094844,"path_taken":["M","M","M","?","?","E","?","R","T","?","R","M","$","?","R","BOSS","M","?","$","M","M","R","E","R","T","E","M","?","R","?","R","BOSS"],"build_version":"2018-06-26","purchased_purges":1,"victory":false,"max_hp_per_floor":[70,70,70,70,70,70,70,70,80,80,80,80,80,80,80,80,80,80,80,80,80,80,80,80,80,80,80,80,40,40,40,40,40],"card_choices":[{"not_picked":["Deadly Poison","Catalyst"],"picked":"PiercingWail","floor":1.0},{"not_picked":["Poisoned Stab","Prepared"],"picked":"Predator","floor":2.0},{"not_picked":["Slice","Outmaneuver","Deadly Poison"],"picked":"SKIP","floor":3.0},{"not_picked":["Skewer","Dash"],"picked":"Tools of the Trade","floor":6.0},{"not_picked":["Poisoned Stab","Slice"],"picked":"Prepared","floor":7.0},{"not_picked":["Finisher","Dodge and Roll"],"picked":"Wraith Form v2","floor":12.0},{"not_picked":["Outmaneuver","Dagger Spray"],"picked":"Expertise","floor":14.0},{"not_picked":["Burst","Night Terror"],"picked":"Doppelganger","floor":16},{"not_picked":["Bane","Flying Knee"],"picked":"Backflip+1","floor":18},{"not_picked":["Deadly Poison","Blur","Quick Slash"],"picked":"SKIP","floor":21},{"not_picked":["Dodge and Roll","Deflect"],"picked":"Sucker Punch","floor":22},{"not_picked":["Catalyst","Crippling Poison"],"picked":"Terror","floor":24},{"not_picked":["Corpse Explosion+1","Outmaneuver","Eviscerate+1"],"picked":"SKIP","floor":27},{"not_picked":["Dodge and Roll+1","PiercingWail+1"],"picked":"Blade Dance","floor":28},{"not_picked":["Blur","PiercingWail+1"],"picked":"Skewer+1","floor":31}],"player_experience":110369,"relics_obtained":[{"floor":6.0,"key":"Pen Nib"},{"floor":7.0,"key":"Odd Mushroom"},{"floor":9.0,"key":"Pear"},{"floor":24,"key":"Ice Cream"},{"floor":26,"key":"Molten Egg 2"},{"floor":27,"key":"Bottled Lightning"}],"event_choices":[{"event_name":"Scrap Ooze","player_choice":"success","floor":4.0,"damage_taken":12.0},{"event_name":"Match and Keep!","player_choice":"0 cards matched","floor":5.0,"damage_taken":0.0},{"event_name":"Mushrooms","player_choice":"Fought Mushrooms","floor":7.0,"damage_taken":0.0},{"event_name":"Accursed Blacksmith","player_choice":"Forge","floor":10.0,"damage_taken":0.0},{"event_name":"Back to Basics","player_choice":"Elegance","floor":19,"damage_taken":0},{"event_name":"Ghosts","player_choice":"Became a Ghost","floor":29,"damage_taken":0}],"boss_relics":[{"not_picked":["Fusion Hammer","Ectoplasm"],"picked":"Lizard Tail"}],"items_purged_floors":[],"is_endless":false,"potions_floor_spawned":[3,7,14,22,24,27,31],"killed_by":"Champ","ascension_level":2}