{"gold_per_floor":[114,131,231,231,231,265,265,284,284,284,307,323,11,11,11,140,140,164,164,164],"floor_reached":20,"playtime":2824,"items_purged":["Normality"],"score":244,"play_id":"397e82cc-85bb-4158-a7fe-99206388c3c0","local_time":"20180722204538","is_ascension_mode":true,"campfire_choices":[{"floor":10,"key":"REST"},{"floor":15,"key":"REST"}],"neow_cost":"","seed_source_timestamp":268165991729831,"circlet_count":0,"master_deck":["Defend_G","Defend_G","Defend_G","Defend_G","Defend_G","Strike_G","Strike_G","Strike_G","Strike_G","Strike_G","Survivor","Neutralize","Poisoned Stab","All Out Attack","Acrobatics","Bouncing Flask","After Image","Infinite Blades","Cloak And Dagger","Wraith Form v2"],"relics":["Ring of the Snake","Oddly Smooth Stone","Ginger","Golden Idol","Kunai","TwistedFunnel","Matryoshka","WristBlade"],"potions_floor_usage":[8,16,16,20,20,20],"damage_taken":[{"damage":5,"enemies":"2 Louse","floor":1,"turns":4},{"damage":0,"enemies":"Cultist","floor":2,"turns":4},{"damage":2,"enemies":"Small Slimes","floor":4,"turns":2},{"damage":30,"enemies":"3 Sentries","floor":6,"turns":8},{"damage":0,"enemies":"2 Fungi Beasts","floor":8,"turns":5},{"damage":19,"enemies":"3 Louse","floor":11,"turns":3},{"damage":1,"enemies":"Red Slaver","floor":12,"turns":6},{"damage":12,"enemies":"Hexaghost","floor":16,"turns":12},{"damage":28,"enemies":"3 Byrds","floor":18,"turns":6},{"damage":42,"enemies":"Chosen","floor":20,"turns":6}],"seed_played":"5018005805426638346","potions_obtained":[{"floor":2,"key":"SpeedPotion"},{"floor":6,"key":"EssenceOfSteel"},{"floor":12,"key":"Poison Potion"},{"floor":18,"key":"Regen Potion"},{"floor":19,"key":"Strength Potion"},{"floor":19,"key":"SpeedPotion"}],"is_trial":false,"path_per_floor":["M","M","?","M","?","E","?","M","T","R","M","M","$","T","R","B",null,"M","?"],"character_chosen":"THE_SILENT","items_purchased":["TwistedFunnel","Cloak And Dagger"],"campfire_rested":2,"item_purchase_floors":[13,13],"current_hp_per_floor":[58,58,58,56,56,26,26,26,26,45,26,25,25,25,44,32,57,29,29,0],"gold":164,"neow_bonus":"","is_prod":false,"is_daily":false,"chose_seed":false,"campfire_upgraded":0,"win_rate":0,"timestamp":1532258138,"path_taken":["M","M","?","?","?","E","?","M","T","R","M","M","$","?","R","BOSS","M","?","?"],"build_version":"2018-07-19v2","purchased_purges":1,"victory":false,"max_hp_per_floor":[70,70,70,70,70,70,65,65,65,65,65,65,65,65,65,65,65,65,65,65],"card_choices":[{"not_picked":["Flying Knee","Expertise"],"picked":"Poisoned Stab","floor":1},{"not_picked":["Bane","Slice"],"picked":"All Out Attack","floor":2},{"not_picked":["Calculated Gamble","Backflip","Flying Knee"],"picked":"SKIP","floor":4},{"not_picked":["Reflex","Masterful Stab"],"picked":"Acrobatics","floor":6},{"not_picked":["Concentrate","Cloak And Dagger"],"picked":"Bouncing Flask","floor":8},{"not_picked":["Backflip","Cloak And Dagger"],"picked":"After Image","floor":11},{"not_picked":["Dodge and Roll","Acrobatics"],"picked":"Infinite Blades","floor":12},{"not_picked":["Doppelganger","Glass Knife"],"picked":"Wraith Form v2","floor":16},{"not_picked":["Flying Knee","Calculated Gamble","Acrobatics"],"picked":"SKIP","floor":18}],"player_experience":230977,"relics_obtained":[{"floor":6,"key":"Ginger"},{"floor":9,"key":"Kunai"},{"floor":14,"key":"Matryoshka"}],"event_choices":[{"event_name":"Golden Shrine","player_choice":"Pray","floor":3,"damage_taken":0},{"event_name":"Accursed Blacksmith","player_choice":"Rummage","floor":5,"damage_taken":0},{"event_name":"Golden Idol","player_choice":"Lose Max HP","floor":7,"damage_taken":0},{"event_name":"The Lab","player_choice":"Got Potions","floor":19,"damage_taken":0}],"is_beta":false,"boss_relics":[{"not_picked":["Pandora\u0027s Box","Black Star"],"picked":"WristBlade"}],"items_purged_floors":[13],"is_endless":false,"potions_floor_spawned":[2,6,12,18],"killed_by":"Chosen","ascension_level":8}