{"gold_per_floor":[365,385,385,398,408,408,5,5,32,53,11,44,44,44,44,44],"floor_reached":16,"playtime":363,"items_purged":["Strike_B"],"score":200,"play_id":"4068a178-c6e5-49b3-b78e-6cfcb6a76d42","local_time":"20190209215938","is_ascension_mode":true,"campfire_choices":[{"floor":6.0,"key":"REST"},{"floor":15,"key":"REST"}],"neow_cost":"PERCENT_DAMAGE","seed_source_timestamp":546510031683026,"circlet_count":0,"master_deck":["AscendersBane","Strike_B","Strike_B","Strike_B","Defend_B","Defend_B","Defend_B","Defend_B","Zap","Dualcast","Redo","Conserve Battery","Sweeping Beam","Streamline","Chill","Panache","Go for the Eyes","Doom and Gloom","Loop","Sunder"],"special_seed":0,"relics":["Cracked Core","Golden Idol","Ancient Tea Set","Anchor","Art of War","Pen Nib"],"potions_floor_usage":[10,12],"damage_taken":[{"damage":1.0,"enemies":"Cultist","floor":1.0,"turns":3.0},{"damage":9.0,"enemies":"2 Louse","floor":2.0,"turns":3.0},{"damage":2.0,"enemies":"Jaw Worm","floor":4.0,"turns":4.0},{"damage":12.0,"enemies":"3 Louse","floor":5.0,"turns":3.0},{"damage":14,"enemies":"Exordium Thugs","floor":10,"turns":3},{"damage":24,"enemies":"Gremlin Nob","floor":12,"turns":4},{"damage":28,"enemies":"Slime Boss","floor":16,"turns":5}],"seed_played":"607823477097587200","potions_obtained":[{"floor":5.0,"key":"Fire Potion"},{"floor":10,"key":"PowerPotion"}],"is_trial":false,"path_per_floor":["M","M","?","M","M","R","$","?","T","M","$","E","?","?","R","B"],"character_chosen":"DEFECT","items_purchased":["Chill","Panache","Go for the Eyes","Loop"],"campfire_rested":2,"item_purchase_floors":[7,7,7,11],"current_hp_per_floor":[45,36,36,34,22,43,43,43,43,29,29,5,5,5,24,0],"gold":44,"neow_bonus":"TWO_FIFTY_GOLD","is_prod":false,"is_daily":false,"chose_seed":false,"campfire_upgraded":0,"win_rate":0,"timestamp":1549767578,"path_taken":["M","M","?","M","M","R","$","?","T","M","$","E","?","?","R","BOSS"],"build_version":"2019-01-23","purchased_purges":1,"victory":false,"max_hp_per_floor":[71,71,71,71,71,71,71,64,64,64,64,64,64,64,64,64],"card_choices":[{"not_picked":["Turbo","Stack"],"picked":"Redo","floor":1.0},{"not_picked":["FTL","Leap"],"picked":"Conserve Battery","floor":2.0},{"not_picked":["Force Field","Fusion"],"picked":"Sweeping Beam","floor":4.0},{"not_picked":["Conserve Battery","Coolheaded"],"picked":"Streamline","floor":5.0},{"not_picked":["White Noise","Reinforced Body"],"picked":"Doom and Gloom","floor":10},{"not_picked":["Seek","Scrape"],"picked":"Sunder","floor":12}],"player_experience":2380885,"relics_obtained":[{"floor":9,"key":"Ancient Tea Set"},{"floor":12,"key":"Anchor"},{"floor":14,"key":"Pen Nib"}],"event_choices":[{"damage_healed":0.0,"max_hp_gain":0.0,"max_hp_loss":0.0,"gold_gain":0.0,"event_name":"Shining Light","player_choice":"Ignored","floor":3.0,"gold_loss":0.0,"damage_taken":0.0},{"damage_healed":0,"gold_gain":0,"player_choice":"Lose Max HP","damage_taken":0,"relics_obtained":["Golden Idol"],"max_hp_gain":0,"max_hp_loss":7,"event_name":"Golden Idol","floor":8,"gold_loss":0},{"damage_healed":0,"gold_gain":0,"player_choice":"Searched \u00271\u0027 times","damage_taken":0,"relics_obtained":["Art of War"],"max_hp_gain":0,"max_hp_loss":0,"event_name":"Dead Adventurer","floor":13,"gold_loss":0},{"damage_healed":0,"gold_gain":0,"player_choice":"Relic","damage_taken":0,"max_hp_gain":0,"max_hp_loss":0,"event_name":"Wheel of Change","floor":14,"gold_loss":0}],"is_beta":false,"boss_relics":[],"items_purged_floors":[7],"is_endless":false,"potions_floor_spawned":[5,10],"killed_by":"Slime Boss","ascension_level":20}