{"gold_per_floor":[118,130,55,55,71,71,98,98,151,151,186,201,230,7,7,79,79,98,110,110,125,175,175,209,209,209,209,225,225,260,230,230,304,304,324,336,283,76,93,93,125,125,125,125,137,189,189,206,206,206],"floor_reached":51,"playtime":3086,"items_purged":["Strike_G"],"score":1333,"play_id":"f5bd9016-158e-4673-87cb-86200f4b8483","local_time":"20190211120657","is_ascension_mode":true,"campfire_choices":[{"data":"Poisoned Stab","floor":6,"key":"SMITH"},{"data":"Footwork","floor":8,"key":"SMITH"},{"data":"Quick Slash","floor":10,"key":"SMITH"},{"data":"Neutralize","floor":15,"key":"SMITH"},{"floor":23,"key":"REST"},{"floor":27,"key":"REST"},{"data":"1","floor":29,"key":"LIFT"},{"floor":32,"key":"REST"},{"data":"2","floor":40,"key":"LIFT"},{"data":"3","floor":42,"key":"LIFT"},{"data":"Calculated Gamble","floor":44,"key":"SMITH"},{"floor":49,"key":"REST"}],"neow_cost":"NONE","seed_source_timestamp":517329640010362,"circlet_count":0,"master_deck":["AscendersBane","Defend_G","Defend_G","Defend_G","Defend_G","Survivor","Neutralize+1","Quick Slash+1","Dagger Spray+1","Poisoned Stab+1","Footwork+1","Deadly Poison","Dodge and Roll","Adrenaline","Backflip","Acrobatics+1","Escape Plan+1","Well Laid Plans","Backflip","Calculated Gamble+1","Deflect","Venomology","A Thousand Cuts+1","Infinite Blades+1","Dash+1","Footwork+1","PiercingWail","Well Laid Plans","Dodge and Roll","PiercingWail+1"],"relics":["Ring of the Serpent","NeowsBlessing","Bronze Scales","Happy Flower","Thread and Needle","Odd Mushroom","Pen Nib","Dream Catcher","MutagenicStrength","Girya","Sundial","Astrolabe","Lantern","Letter Opener","Anchor"],"potions_floor_usage":[11,11,16,24,24,33,33,33,36,39,41,41,41,48,50,50,50],"damage_taken":[{"damage":0,"enemies":"Jaw Worm","floor":1,"turns":1},{"damage":0,"enemies":"2 Louse","floor":2,"turns":1},{"damage":0,"enemies":"Small Slimes","floor":5,"turns":1},{"damage":25,"enemies":"3 Sentries","floor":7,"turns":7},{"damage":12,"enemies":"Lagavulin","floor":11,"turns":6},{"damage":0,"enemies":"Blue Slaver","floor":12,"turns":3},{"damage":0,"enemies":"The Mushroom Lair","floor":13,"turns":3},{"damage":3,"enemies":"Hexaghost","floor":16,"turns":8},{"damage":5,"enemies":"2 Thieves","floor":18,"turns":4},{"damage":2,"enemies":"Shell Parasite","floor":19,"turns":5},{"damage":0,"enemies":"Snecko","floor":21,"turns":7},{"damage":34,"enemies":"Slavers","floor":24,"turns":6},{"damage":2,"enemies":"Sentry and Sphere","floor":28,"turns":6},{"damage":1,"enemies":"Gremlin Leader","floor":30,"turns":6},{"damage":31,"enemies":"Collector","floor":33,"turns":13},{"damage":9,"enemies":"3 Darklings","floor":35,"turns":7},{"damage":4,"enemies":"Orb Walker","floor":36,"turns":4},{"damage":0,"enemies":"Sphere and 2 Shapes","floor":39,"turns":3},{"damage":4,"enemies":"Giant Head","floor":41,"turns":10},{"damage":11,"enemies":"Maw","floor":45,"turns":7},{"damage":0,"enemies":"3 Darklings","floor":48,"turns":4},{"damage":6,"enemies":"Donu and Deca","floor":50,"turns":10}],"seed_played":"7356504233540189697","potions_obtained":[{"floor":1,"key":"GamblersBrew"},{"floor":7,"key":"AttackPotion"},{"floor":13,"key":"Ancient Potion"},{"floor":21,"key":"GamblersBrew"},{"floor":31,"key":"FairyPotion"},{"floor":31,"key":"EntropicBrew"},{"floor":33,"key":"AttackPotion"},{"floor":36,"key":"SteroidPotion"},{"floor":39,"key":"PowerPotion"},{"floor":48,"key":"PowerPotion"}],"is_trial":false,"path_per_floor":["M","M","?","?","M","R","E","R","T","R","E","M","?","$","R","B",null,"M","M","?","M","?","R","E","?","T","R","M","R","E","?","R","B",null,"M","M","$","$","M","R","E","R","T","R","M","T","?","M","R","B",null],"character_chosen":"THE_SILENT","items_purchased":["Pen Nib","FearPotion","PiercingWail","Well Laid Plans","Dodge and Roll"],"campfire_rested":4,"item_purchase_floors":[14,14,37,38,38],"current_hp_per_floor":[59,59,59,59,59,59,34,34,34,34,22,22,22,22,22,19,54,49,47,29,29,29,50,16,16,16,37,35,35,34,34,55,24,59,50,46,46,46,46,46,42,42,42,42,31,31,31,40,61,55],"gold":206,"neow_bonus":"THREE_ENEMY_KILL","is_prod":false,"is_daily":false,"chose_seed":false,"campfire_upgraded":5,"win_rate":0,"timestamp":1549904817,"path_taken":["M","M","?","?","M","R","E","R","T","R","E","M","?","?","R","BOSS","M","M","?","M","?","R","E","?","T","R","?","R","E","?","R","BOSS","M","M","?","$","M","R","E","R","T","R","M","?","?","?","R","BOSS"],"build_version":"2019-01-23","purchased_purges":1,"victory":true,"max_hp_per_floor":[66,66,66,66,66,66,66,66,66,66,66,66,66,66,66,66,66,66,66,71,71,71,71,71,71,71,71,71,71,71,71,71,71,71,71,71,71,71,71,71,71,71,71,71,71,71,71,71,71,71],"card_choices":[{"not_picked":["Escape Plan","Dodge and Roll"],"picked":"Quick Slash","floor":1},{"not_picked":["Escape Plan","Dodge and Roll"],"picked":"Dagger Spray","floor":2},{"not_picked":["Backflip","Catalyst"],"picked":"Poisoned Stab","floor":5},{"not_picked":["Poisoned Stab","Deadly Poison"],"picked":"Footwork","floor":7},{"not_picked":["Slice","Phantasmal Killer"],"picked":"Deadly Poison","floor":11},{"not_picked":["Dagger Throw","Accuracy","Bane"],"picked":"SKIP","floor":12},{"not_picked":["Dagger Throw","Concentrate"],"picked":"Dodge and Roll","floor":13},{"not_picked":["Doppelganger","Storm of Steel"],"picked":"Adrenaline","floor":16},{"not_picked":["Eviscerate","Bouncing Flask"],"picked":"Backflip","floor":18},{"not_picked":["Outmaneuver","Slice"],"picked":"Acrobatics+1","floor":19},{"not_picked":["Blade Dance","Skewer"],"picked":"Escape Plan+1","floor":21},{"not_picked":["Terror","All Out Attack"],"picked":"Well Laid Plans","floor":24},{"not_picked":["Acrobatics","Accuracy"],"picked":"Backflip","floor":27},{"not_picked":["Backflip","Setup"],"picked":"Calculated Gamble","floor":28},{"not_picked":["Cloak And Dagger+1","All Out Attack"],"picked":"Deflect","floor":30},{"not_picked":["Grand Finale","Phantasmal Killer"],"picked":"Venomology","floor":33},{"not_picked":["Acrobatics","Cloak And Dagger"],"picked":"Footwork+1","floor":35},{"not_picked":["Slice+1","Riddle With Holes","Flying Knee"],"picked":"SKIP","floor":36},{"not_picked":["Finisher","Dagger Throw+1"],"picked":"PiercingWail+1","floor":39},{"not_picked":["Doppelganger","Sucker Punch","Leg Sweep"],"picked":"SKIP","floor":41},{"not_picked":["Deadly Poison","Dagger Throw+1","Acrobatics"],"picked":"SKIP","floor":45},{"not_picked":["Sucker Punch","Leg Sweep","Concentrate"],"picked":"SKIP","floor":48}],"player_experience":631295,"relics_obtained":[{"floor":7,"key":"Bronze Scales"},{"floor":9,"key":"Happy Flower"},{"floor":11,"key":"Thread and Needle"},{"floor":13,"key":"Odd Mushroom"},{"floor":24,"key":"Dream Catcher"},{"floor":26,"key":"Girya"},{"floor":30,"key":"Sundial"},{"floor":41,"key":"Lantern"},{"floor":43,"key":"Letter Opener"},{"floor":46,"key":"Anchor"}],"event_choices":[{"cards_removed":["Strike_G"],"damage_healed":0,"gold_gain":0,"player_choice":"Card Removal","damage_taken":0,"max_hp_gain":0,"max_hp_loss":0,"event_name":"The Cleric","floor":3,"gold_loss":75},{"damage_healed":0,"gold_gain":0,"player_choice":"Grow","damage_taken":0,"max_hp_gain":0,"max_hp_loss":0,"event_name":"Living Wall","floor":4,"gold_loss":0,"cards_upgraded":["Dagger Spray"]},{"damage_healed":0,"gold_gain":0,"player_choice":"Fought Mushrooms","damage_taken":0,"max_hp_gain":0,"max_hp_loss":0,"event_name":"Mushrooms","floor":13,"gold_loss":0},{"damage_healed":0,"gold_gain":0,"player_choice":"Shed Blood","damage_taken":23,"max_hp_gain":5,"max_hp_loss":0,"event_name":"Forgotten Altar","floor":20,"gold_loss":0},{"damage_healed":0,"gold_gain":50,"player_choice":"Stole From Cult","damage_taken":0,"max_hp_gain":0,"max_hp_loss":0,"event_name":"Nest","floor":22,"gold_loss":0},{"damage_healed":0,"gold_gain":0,"player_choice":"Inject Mutagens","damage_taken":0,"relics_obtained":["MutagenicStrength"],"max_hp_gain":0,"max_hp_loss":0,"event_name":"Drug Dealer","floor":25,"gold_loss":0},{"damage_healed":0,"gold_gain":0,"player_choice":"Bought 2 Potions","damage_taken":0,"max_hp_gain":0,"max_hp_loss":0,"event_name":"The Woman in Blue","floor":31,"gold_loss":0},{"cards_removed":["Defend_G"],"damage_healed":0,"gold_gain":0,"player_choice":"Purged","damage_taken":0,"max_hp_gain":0,"max_hp_loss":0,"event_name":"Purifier","floor":47,"gold_loss":0}],"is_beta":false,"boss_relics":[{"not_picked":["Tiny House","Busted Crown"],"picked":"Ring of the Serpent"},{"not_picked":["Velvet Choker","Calling Bell"],"picked":"Astrolabe"}],"items_purged_floors":[38],"is_endless":false,"potions_floor_spawned":[1,7,13,21,33,36,39,48],"ascension_level":19}