{"gold_per_floor":[110,130,204,204,222,222,249,249,249,283,28,41,41,6,6,81,81,81,101,11,11,11],"floor_reached":22,"playtime":759,"items_purged":["Strike_B"],"score":374,"play_id":"c30d6567-2c0d-4cb2-ba90-7e8299916ca3","local_time":"20190207173131","is_ascension_mode":true,"campfire_choices":[{"floor":6.0,"key":"REST"},{"floor":8.0,"key":"REST"},{"floor":15.0,"key":"DIG"}],"neow_cost":"NONE","seed_source_timestamp":357199599174815,"circlet_count":0,"master_deck":["AscendersBane","Strike_B","Defend_B","Defend_B","Defend_B","Defend_B","Zap+1","Dualcast","Conserve Battery","Doom and Gloom","Steam Power","Ball Lightning","Defragment","Beam Cell","Echo Form","Heatsinks","Creative AI","Hologram","Defragment","Aggregate"],"special_seed":0,"relics":["Cracked Core","Pantograph","Pear","Shovel","Letter Opener","Cursed Key"],"potions_floor_usage":[],"damage_taken":[{"damage":1.0,"enemies":"Cultist","floor":1.0,"turns":3.0},{"damage":1.0,"enemies":"2 Louse","floor":2.0,"turns":3.0},{"damage":9.0,"enemies":"Small Slimes","floor":5.0,"turns":2.0},{"damage":30.0,"enemies":"Lagavulin","floor":7.0,"turns":5.0},{"damage":33.0,"enemies":"3 Sentries","floor":10.0,"turns":6.0},{"damage":11.0,"enemies":"Blue Slaver","floor":12.0,"turns":3.0},{"damage":65.0,"enemies":"Hexaghost","floor":16.0,"turns":10.0},{"damage":0.0,"enemies":"3 Byrds","floor":18.0,"turns":1.0},{"damage":38.0,"enemies":"Spheric Guardian","floor":19.0,"turns":6.0},{"damage":26,"enemies":"Centurion and Healer","floor":22,"turns":3}],"seed_played":"-9168603236686507070","potions_obtained":[{"floor":2.0,"key":"Weak Potion"},{"floor":7.0,"key":"SteroidPotion"},{"floor":10.0,"key":"SmokeBomb"},{"floor":16.0,"key":"Regen Potion"}],"is_trial":false,"path_per_floor":["M","M","?","?","M","R","E","R","T","E","$","M","?","?","R","B",null,"M","M","$","?","M"],"character_chosen":"DEFECT","items_purchased":["Echo Form","Defragment"],"campfire_rested":2,"item_purchase_floors":[11,20],"current_hp_per_floor":[63,62,62,62,53,71,41,62,72,39,39,28,28,48,48,8,63,63,25,25,25,0],"gold":11,"neow_bonus":"UPGRADE_CARD","is_prod":false,"is_daily":false,"chose_seed":false,"campfire_upgraded":0,"win_rate":0,"timestamp":1549578691,"path_taken":["M","?","?","?","?","R","E","R","T","E","$","M","?","?","R","BOSS","M","M","$","?","M"],"build_version":"2019-01-23","purchased_purges":1,"victory":false,"max_hp_per_floor":[71,71,71,71,71,71,71,71,81,81,81,81,81,81,81,81,81,81,81,81,81,81],"card_choices":[{"not_picked":["Steam","Genetic Algorithm"],"picked":"Conserve Battery","floor":1.0},{"not_picked":["Rebound","Redo"],"picked":"Doom and Gloom","floor":2.0},{"not_picked":["Cold Snap","Beam Cell"],"picked":"Ball Lightning","floor":5.0},{"not_picked":["Aggregate","Cold Snap"],"picked":"Defragment","floor":7.0},{"not_picked":["Meteor Strike","Stack"],"picked":"Beam Cell","floor":10.0},{"not_picked":["Cold Snap","Conserve Battery"],"picked":"Heatsinks","floor":12.0},{"not_picked":["Rainbow","Thunder Strike"],"picked":"Creative AI","floor":16.0},{"not_picked":["Gash+1","Turbo"],"picked":"Hologram","floor":19.0}],"player_experience":2334747,"relics_obtained":[{"floor":7.0,"key":"Pantograph"},{"floor":9.0,"key":"Pear"},{"floor":10.0,"key":"Shovel"},{"floor":15.0,"key":"Letter Opener"}],"event_choices":[{"damage_healed":0.0,"max_hp_gain":0.0,"max_hp_loss":0.0,"gold_gain":74.0,"event_name":"Golden Wing","player_choice":"Gained Gold","floor":3.0,"gold_loss":0.0,"damage_taken":0.0},{"damage_healed":0.0,"max_hp_gain":0.0,"max_hp_loss":0.0,"gold_gain":0.0,"cards_transformed":["Strike_B"],"event_name":"Transmorgrifier","player_choice":"Transformed","floor":4.0,"gold_loss":0.0,"damage_taken":0.0,"cards_obtained":["Steam Power"]},{"damage_healed":0.0,"max_hp_gain":0.0,"max_hp_loss":0.0,"gold_gain":0.0,"event_name":"Shining Light","player_choice":"Ignored","floor":13.0,"gold_loss":0.0,"damage_taken":0.0},{"damage_healed":20.0,"max_hp_gain":0.0,"max_hp_loss":0.0,"gold_gain":0.0,"event_name":"The Cleric","player_choice":"Healed","floor":14.0,"gold_loss":35.0,"damage_taken":0.0},{"damage_healed":0.0,"max_hp_gain":0.0,"max_hp_loss":0.0,"gold_gain":0.0,"cards_transformed":["Strike_B"],"event_name":"Transmorgrifier","player_choice":"Transformed","floor":21.0,"gold_loss":0.0,"damage_taken":0.0,"cards_obtained":["Aggregate"]}],"is_beta":false,"boss_relics":[{"not_picked":["Busted Crown","Runic Pyramid"],"picked":"Cursed Key"}],"items_purged_floors":[11],"is_endless":false,"potions_floor_spawned":[2,7,10,16],"killed_by":"Centurion and Healer","ascension_level":19}