{"gold_per_floor":[113,6,21,21,21,49,63,93,93,127,137,149,149,177,177,273,273,284,298,329,329,329,329,343,343,422,442,367,384,384,410,410,513,513,523,523,47,147,161,161,175,175,475,489,489],"floor_reached":45,"playtime":1769,"items_purged":[],"score":617,"play_id":"2b725349-8939-422f-ad42-e300e4b1ba8d","local_time":"20181101130733","is_ascension_mode":true,"campfire_choices":[{"floor":13,"key":"RECALL"},{"floor":15,"key":"REST"},{"floor":23,"key":"REST"},{"floor":25,"key":"REST"},{"floor":30,"key":"REST"},{"floor":32,"key":"REST"},{"data":"Defragment","floor":40,"key":"SMITH"},{"floor":42,"key":"REST"}],"neow_cost":"NONE","seed_source_timestamp":1028163375903872,"circlet_count":0,"master_deck":["Strike_B","Strike_B","Strike_B","Defend_B","Defend_B","Defend_B","Defend_B","Zap+1","Dualcast","Scrape","Defragment+1","Ball Lightning","Defragment","Gash","Fission+1","Steam+1","Darkness+1","White Noise+1","Recycle+1","Echo Form","Rip and Tear+1","Conserve Battery+1","Turbo+1","Fission+1","Redo+1","Cold Snap+1","White Noise+1","Buffer","BootSequence+1","Apotheosis+1","Double Energy+1","Go for the Eyes+1"],"relics":["Cracked Core","NeowsBlessing","Toxic Egg 2","PreservedInsect","Centennial Puzzle","Dead Branch","Inserter","Red Mask","Cables","Omamori","White Beast Statue","Mango","Ice Cream","Old Coin"],"potions_floor_usage":[7,8,8,8,8,12,12,20,20,24,38,41,44,45,45,45],"damage_taken":[{"damage":0,"enemies":"2 Louse","floor":1,"turns":1},{"damage":0,"enemies":"Cultist","floor":3,"turns":1},{"damage":0,"enemies":"3 Sentries","floor":6,"turns":1},{"damage":5,"enemies":"Small Slimes","floor":7,"turns":2},{"damage":9,"enemies":"Lagavulin","floor":8,"turns":4},{"damage":0,"enemies":"Gremlin Nob","floor":10,"turns":2},{"damage":8,"enemies":"Blue Slaver","floor":11,"turns":3},{"damage":14,"enemies":"Exordium Thugs","floor":12,"turns":2},{"damage":10,"enemies":"3 Sentries","floor":14,"turns":3},{"damage":8,"enemies":"Slime Boss","floor":16,"turns":6},{"damage":12,"enemies":"Chosen","floor":18,"turns":2},{"damage":22,"enemies":"2 Thieves","floor":19,"turns":3},{"damage":34,"enemies":"Masked Bandits","floor":20,"turns":4},{"damage":4,"enemies":"Chosen and Byrds","floor":24,"turns":5},{"damage":8,"enemies":"Snake Plant","floor":27,"turns":3},{"damage":3,"enemies":"Snecko","floor":29,"turns":5},{"damage":59,"enemies":"Automaton","floor":33,"turns":8},{"damage":4,"enemies":"3 Shapes","floor":35,"turns":3},{"damage":22,"enemies":"Mind Bloom Boss Battle","floor":38,"turns":5},{"damage":0,"enemies":"Orb Walker","floor":39,"turns":3},{"damage":59,"enemies":"Writhing Mass","floor":41,"turns":5},{"damage":0,"enemies":"Sphere and 2 Shapes","floor":44,"turns":4},{"damage":41,"enemies":"Giant Head","floor":45,"turns":6}],"seed_played":"-7874591142983877737","potions_obtained":[{"floor":1,"key":"Explosive Potion"},{"floor":6,"key":"EntropicBrew"},{"floor":7,"key":"Dexterity Potion"},{"floor":10,"key":"Regen Potion"},{"floor":14,"key":"Poison Potion"},{"floor":19,"key":"Energy Potion"},{"floor":20,"key":"SkillPotion"},{"floor":33,"key":"Energy Potion"},{"floor":35,"key":"Explosive Potion"},{"floor":38,"key":"Strength Potion"},{"floor":39,"key":"Fire Potion"},{"floor":41,"key":"PowerPotion"},{"floor":44,"key":"GamblersBrew"}],"is_trial":false,"path_per_floor":["M","$","M","?","?","E","M","E","T","E","M","M","R","E","R","B",null,"M","M","?","?","?","R","M","R","T","M","?","M","R","T","R","B",null,"M","?","$","?","M","R","M","R","T","M","E"],"character_chosen":"DEFECT","items_purchased":["Defragment","Ball Lightning","Mango","Apotheosis+1"],"campfire_rested":6,"item_purchase_floors":[2,2,37,37],"current_hp_per_floor":[75,75,75,75,75,75,70,61,61,61,53,44,44,34,56,48,75,63,41,7,7,7,29,25,47,47,39,39,36,58,58,75,16,75,71,75,89,67,67,67,8,34,34,34,0],"gold":489,"neow_bonus":"THREE_ENEMY_KILL","is_prod":false,"is_daily":false,"chose_seed":false,"campfire_upgraded":1,"win_rate":0,"timestamp":1541095653,"path_taken":["M","$","M","?","?","E","?","E","T","E","M","M","R","E","R","BOSS","M","M","?","?","?","R","M","R","T","?","?","M","R","?","R","BOSS","M","?","$","?","M","R","M","R","T","?","E"],"build_version":"2018-10-31v2","purchased_purges":0,"victory":false,"max_hp_per_floor":[75,75,75,75,75,75,75,75,75,75,75,75,75,75,75,75,75,75,75,75,75,75,75,75,75,75,75,75,75,75,75,75,75,75,75,75,89,89,89,89,89,89,89,89,89],"card_choices":[{"not_picked":["Hello World","Loop"],"picked":"Scrape","floor":1},{"not_picked":["Double Energy","Turbo","Coolheaded"],"picked":"SKIP","floor":3},{"not_picked":["Lockon","Reinforced Body"],"picked":"Defragment","floor":6},{"not_picked":["Leap+1","Self Repair"],"picked":"Gash","floor":7},{"not_picked":["Scrape","Hologram+1"],"picked":"Fission+1","floor":8},{"not_picked":["Skim+1","Rebound"],"picked":"Steam+1","floor":10},{"not_picked":["Machine Learning","Stack+1"],"picked":"Darkness+1","floor":11},{"not_picked":["Barrage","Stack+1"],"picked":"White Noise+1","floor":12},{"not_picked":["Machine Learning","Beam Cell"],"picked":"Recycle+1","floor":14},{"not_picked":["Thunder Strike","Buffer"],"picked":"Echo Form","floor":16},{"not_picked":["Streamline","Sweeping Beam"],"picked":"Rip and Tear+1","floor":18},{"not_picked":["Sweeping Beam","Gash"],"picked":"Conserve Battery+1","floor":19},{"not_picked":["Sweeping Beam+1","Ball Lightning"],"picked":"Turbo+1","floor":20},{"not_picked":["Recycle+1","Fusion+1"],"picked":"Redo+1","floor":24},{"not_picked":["Melter","Hologram+1"],"picked":"Cold Snap+1","floor":27},{"not_picked":["Electrodynamics","Recycle+1"],"picked":"White Noise+1","floor":29},{"not_picked":["Creative AI","Biased Cognition"],"picked":"Buffer","floor":33},{"not_picked":["Sunder","Heatsinks"],"picked":"BootSequence+1","floor":35},{"not_picked":["Ball Lightning","Barrage","Conserve Battery+1"],"picked":"SKIP","floor":39},{"not_picked":["Sweeping Beam+1","Capacitor+1"],"picked":"Double Energy+1","floor":41},{"not_picked":["Reprogram+1","Leap+1"],"picked":"Go for the Eyes+1","floor":44}],"player_experience":501496,"relics_obtained":[{"floor":6,"key":"Toxic Egg 2"},{"floor":8,"key":"PreservedInsect"},{"floor":10,"key":"Centennial Puzzle"},{"floor":14,"key":"Dead Branch"},{"floor":20,"key":"Red Mask"},{"floor":26,"key":"Cables"},{"floor":31,"key":"Omamori"},{"floor":38,"key":"Ice Cream"},{"floor":43,"key":"Old Coin"}],"event_choices":[{"damage_healed":0,"gold_gain":0,"player_choice":"Ignored","damage_taken":0,"max_hp_gain":0,"max_hp_loss":0,"event_name":"Liars Game","floor":4,"gold_loss":0},{"damage_healed":0,"gold_gain":0,"player_choice":"Upgraded","damage_taken":0,"max_hp_gain":0,"max_hp_loss":0,"event_name":"Upgrade Shrine","floor":5,"gold_loss":0,"cards_upgraded":["Zap"]},{"damage_healed":0,"gold_gain":0,"player_choice":"Fought Bandits","damage_taken":0,"max_hp_gain":0,"max_hp_loss":0,"event_name":"Masked Bandits","floor":20,"gold_loss":0},{"damage_healed":0,"gold_gain":0,"player_choice":"Ignored","damage_taken":0,"max_hp_gain":0,"max_hp_loss":0,"event_name":"Cursed Tome","floor":21,"gold_loss":0},{"damage_healed":0,"gold_gain":0,"player_choice":"Copied","damage_taken":0,"max_hp_gain":0,"max_hp_loss":0,"event_name":"Duplicator","floor":22,"gold_loss":0,"cards_obtained":["Fission"]},{"cards_removed":["Strike_B"],"damage_healed":0,"gold_gain":0,"player_choice":"Gave Gold","damage_taken":0,"max_hp_gain":0,"max_hp_loss":0,"event_name":"Beggar","floor":28,"gold_loss":75},{"damage_healed":19,"gold_gain":0,"player_choice":"Writhe","damage_taken":0,"max_hp_gain":0,"max_hp_loss":0,"event_name":"Winding Halls","floor":36,"gold_loss":0,"cards_obtained":["Writhe"]},{"damage_healed":0,"gold_gain":0,"player_choice":"Fight","damage_taken":0,"max_hp_gain":0,"max_hp_loss":0,"event_name":"MindBloom","floor":38,"gold_loss":0}],"is_beta":true,"boss_relics":[{"not_picked":["Orrery","Eternal Feather"],"picked":"Inserter"},{"not_picked":["Calling Bell","Empty Cage"],"picked":"White Beast Statue"}],"items_purged_floors":[],"is_endless":false,"potions_floor_spawned":[1,6,7,10,14,19,20,33,35,38,39,41,44],"killed_by":"Giant Head","ascension_level":4}