{"gold_per_floor":[113,13,13,33,45,45,63,9,9,29,29,43,43,109,109,204,204,223,241,18,68,68],"floor_reached":22,"playtime":1045,"items_purged":["Strike_B","Ball Lightning+1"],"score":285,"play_id":"c0d06829-d29a-47e6-a380-f96940a12bdc","local_time":"20180720150436","is_ascension_mode":true,"campfire_choices":[{"data":"Blizzard","floor":6,"key":"SMITH"},{"data":"Coolheaded","floor":11,"key":"SMITH"},{"floor":15,"key":"REST"}],"neow_cost":"","seed_source_timestamp":576862676422904,"circlet_count":0,"master_deck":["Defend_B","Defend_B","Defend_B","Defend_B","Zap+1","Dualcast","AscendersBane","Hologram","Leap","Blizzard+1","Glacier","Coolheaded+1","Capacitor","Fission","Aggregate+1","Sunder+1","Cold Snap+1","Loop","Dark Shackles"],"relics":["Cracked Core","Molten Egg 2","SsserpentHead","Astrolabe","Darkstone Periapt"],"potions_floor_usage":[7,10,22],"damage_taken":[{"damage":1,"enemies":"Cultist","floor":1,"turns":4},{"damage":13,"enemies":"Small Slimes","floor":4,"turns":4},{"damage":5,"enemies":"2 Louse","floor":5,"turns":2},{"damage":25,"enemies":"Gremlin Gang","floor":7,"turns":5},{"damage":2,"enemies":"Blue Slaver","floor":10,"turns":4},{"damage":12,"enemies":"Lots of Slimes","floor":12,"turns":3},{"damage":8,"enemies":"Looter","floor":14,"turns":5},{"damage":22,"enemies":"The Guardian","floor":16,"turns":13},{"damage":40,"enemies":"Chosen","floor":18,"turns":7},{"damage":19,"enemies":"Spheric Guardian","floor":19,"turns":8},{"damage":15,"enemies":"Snecko","floor":22,"turns":5}],"seed_played":"-4530813232313583145","potions_obtained":[{"floor":1,"key":"Ancient Potion"},{"floor":5,"key":"Regen Potion"},{"floor":7,"key":"Regen Potion"},{"floor":18,"key":"Ancient Potion"}],"is_trial":false,"path_per_floor":["M","$","?","M","M","R","M","$","T","M","R","M","?","M","R","B",null,"M","M","$","T"],"character_chosen":"DEFECT","items_purchased":["Leap","Coolheaded","Loop","Dark Shackles"],"campfire_rested":1,"item_purchase_floors":[2,8,20,20],"current_hp_per_floor":[67,67,67,54,49,49,38,38,38,45,45,33,33,25,47,25,63,23,4,4,4,0],"gold":68,"neow_bonus":"","is_prod":false,"is_daily":false,"chose_seed":false,"campfire_upgraded":2,"win_rate":0,"timestamp":1532113476,"path_taken":["M","?","?","M","M","R","M","$","T","M","R","M","?","?","R","BOSS","M","M","$","?","M"],"build_version":"2018-07-19v2","purchased_purges":2,"victory":false,"max_hp_per_floor":[75,75,75,75,75,75,75,75,75,75,75,75,75,75,75,75,75,75,75,75,75,75],"card_choices":[{"not_picked":["Streamline","Rip and Tear"],"picked":"Hologram","floor":1},{"not_picked":["Go for the Eyes","Seek"],"picked":"Blizzard","floor":4},{"not_picked":["Ball Lightning","Conserve Battery"],"picked":"Glacier","floor":5},{"not_picked":["Scrape","Steam Power","Rebound"],"picked":"SKIP","floor":7},{"not_picked":["Steam","Recycle","Sweeping Beam+1"],"picked":"SKIP","floor":10},{"not_picked":["Leap","Ball Lightning+1"],"picked":"Capacitor","floor":12},{"not_picked":["Stack","Lockon+1","Force Field"],"picked":"SKIP","floor":14},{"not_picked":["Creative AI","Reboot"],"picked":"Fission","floor":16},{"not_picked":["Go for the Eyes+1","Rebound+1"],"picked":"Cold Snap+1","floor":18},{"not_picked":["Ball Lightning+1","Turbo","Conserve Battery"],"picked":"SKIP","floor":19}],"player_experience":1195490,"relics_obtained":[{"floor":9,"key":"Molten Egg 2"},{"floor":21,"key":"Darkstone Periapt"}],"event_choices":[{"event_name":"Accursed Blacksmith","player_choice":"Forge","floor":3,"damage_taken":0},{"event_name":"FaceTrader","player_choice":"Trade","floor":13,"damage_taken":0}],"is_beta":false,"boss_relics":[{"not_picked":["Coffee Dripper","Calling Bell"],"picked":"Astrolabe"}],"items_purged_floors":[2,20],"is_endless":false,"potions_floor_spawned":[1,5,7,18,19],"killed_by":"Snecko","ascension_level":12}