{"gold_per_floor":[219,231,116,47,59,93,93,105,129,146,146,71,96,113,113,213,213,225,225,239,239,252,252,62,62,89,89,89,89,99,199,199,298,298,313,323,129,147,147,147],"floor_reached":40,"playtime":3173,"items_purged":["Strike_R"],"score":386,"play_id":"2266fc6d-33ac-4cca-abbc-828c14be74cb","local_time":"20190110160413","is_ascension_mode":false,"campfire_choices":[{"data":"Impervious","floor":7,"key":"SMITH"},{"data":"Body Slam","floor":11,"key":"SMITH"},{"data":"Entrench","floor":15,"key":"SMITH"},{"data":"Headbutt","floor":23,"key":"SMITH"},{"data":"Ghostly Armor","floor":25,"key":"SMITH"},{"data":"Ghostly Armor","floor":28,"key":"SMITH"},{"data":"Armaments","floor":32,"key":"SMITH"}],"neow_cost":"NONE","seed_source_timestamp":1743174752416767,"circlet_count":0,"master_deck":["Strike_R","Strike_R","Strike_R","Strike_R","Defend_R","Defend_R","Defend_R","Defend_R","Bash","Headbutt+1","Body Slam+1","Impervious+1","Ghostly Armor+1","Twin Strike","Pommel Strike","Ghostly Armor+1","Entrench+1","Headbutt+1","Double Tap","Armaments+1","Perfected Strike","Demon Form","Twin Strike","Shrug It Off+1"],"relics":["Black Blood","Pen Nib","Lantern","Bronze Scales","Odd Mushroom","Runic Pyramid","Gremlin Horn","Bag of Marbles","Red Skull"],"potions_floor_usage":[13,16,33,33,33,33,35,38,38,40],"damage_taken":[{"damage":0,"enemies":"2 Louse","floor":1,"turns":4},{"damage":1,"enemies":"Cultist","floor":2,"turns":3},{"damage":0,"enemies":"Small Slimes","floor":5,"turns":2},{"damage":21,"enemies":"3 Sentries","floor":6,"turns":8},{"damage":8,"enemies":"Exordium Wildlife","floor":8,"turns":5},{"damage":0,"enemies":"Looter","floor":10,"turns":1},{"damage":7,"enemies":"The Mushroom Lair","floor":13,"turns":4},{"damage":0,"enemies":"Large Slime","floor":14,"turns":5},{"damage":22,"enemies":"The Guardian","floor":16,"turns":11},{"damage":0,"enemies":"Spheric Guardian","floor":18,"turns":4},{"damage":0,"enemies":"Shell Parasite","floor":20,"turns":4},{"damage":0,"enemies":"Chosen and Byrds","floor":22,"turns":2},{"damage":0,"enemies":"Cultist and Chosen","floor":30,"turns":5},{"damage":51,"enemies":"Champ","floor":33,"turns":11},{"damage":0,"enemies":"3 Shapes","floor":35,"turns":1},{"damage":4,"enemies":"3 Darklings","floor":36,"turns":6},{"damage":7,"enemies":"Transient","floor":38,"turns":5},{"damage":94,"enemies":"Giant Head","floor":40,"turns":9}],"seed_played":"-7827193802830318262","potions_obtained":[{"floor":10,"key":"EssenceOfSteel"},{"floor":13,"key":"FearPotion"},{"floor":14,"key":"Ancient Potion"},{"floor":16,"key":"Block Potion"},{"floor":18,"key":"SteroidPotion"},{"floor":22,"key":"EntropicBrew"},{"floor":36,"key":"Poison Potion"},{"floor":38,"key":"GamblersBrew"}],"is_trial":false,"path_per_floor":["M","M","?","$","M","E","R","M","T","M","R","$","?","M","R","B",null,"M","?","M","T","M","R","$","R","T","$","R","?","M","?","R","B",null,"M","M","$","M","$","E"],"character_chosen":"IRONCLAD","items_purchased":["Impervious","Entrench","Double Tap","Armaments","Energy Potion","Red Skull"],"campfire_rested":0,"item_purchase_floors":[4,12,24,24,37,37],"current_hp_per_floor":[80,80,80,80,80,65,65,63,63,69,69,69,68,74,74,58,80,80,65,71,71,77,77,77,77,77,77,77,77,83,83,83,38,85,85,85,85,85,85,0],"gold":147,"neow_bonus":"HUNDRED_GOLD","is_prod":false,"is_daily":false,"chose_seed":false,"campfire_upgraded":7,"win_rate":0,"timestamp":1547165053,"path_taken":["M","M","?","?","M","E","R","M","T","?","R","?","?","M","R","BOSS","M","?","M","?","M","R","$","R","T","?","R","?","M","?","R","BOSS","M","?","?","M","$","E"],"build_version":"2019-01-03v4","purchased_purges":1,"victory":false,"max_hp_per_floor":[80,80,80,80,80,80,80,80,80,80,80,80,80,80,80,80,80,80,85,85,85,85,85,85,85,85,85,85,85,85,85,85,85,85,85,85,85,85,85,85],"card_choices":[{"not_picked":["Warcry","Intimidate"],"picked":"Headbutt","floor":1},{"not_picked":["Heavy Blade","Clothesline"],"picked":"Body Slam","floor":2},{"not_picked":["Shockwave","Shrug It Off"],"picked":"Ghostly Armor","floor":5},{"not_picked":["Offering","Pommel Strike"],"picked":"Twin Strike","floor":6},{"not_picked":["Intimidate","Pummel"],"picked":"Pommel Strike","floor":8},{"not_picked":["Whirlwind","Flex"],"picked":"Ghostly Armor","floor":10},{"not_picked":["Anger","Uppercut","Cleave"],"picked":"SKIP","floor":14},{"not_picked":["Warcry","Disarm"],"picked":"Headbutt+1","floor":18},{"not_picked":["Evolve","Fire Breathing","Whirlwind"],"picked":"SKIP","floor":20},{"not_picked":["Iron Wave","Wild Strike+1","Clothesline+1"],"picked":"SKIP","floor":22},{"not_picked":["Corruption","Body Slam"],"picked":"Demon Form","floor":30},{"not_picked":["Infernal Blade+1","Sever Soul+1","Thunderclap"],"picked":"SKIP","floor":35},{"not_picked":["Spot Weakness","Whirlwind+1"],"picked":"Twin Strike","floor":36},{"not_picked":["Power Through","Headbutt+1"],"picked":"Shrug It Off+1","floor":38}],"player_experience":102845,"relics_obtained":[{"floor":6,"key":"Lantern"},{"floor":9,"key":"Bronze Scales"},{"floor":13,"key":"Odd Mushroom"},{"floor":21,"key":"Gremlin Horn"},{"floor":26,"key":"Bag of Marbles"}],"event_choices":[{"damage_healed":0,"gold_gain":0,"player_choice":"Paid Gold","damage_taken":0,"relics_obtained":["Pen Nib"],"max_hp_gain":0,"max_hp_loss":0,"event_name":"WeMeetAgain","floor":3,"gold_loss":115},{"damage_healed":0,"gold_gain":0,"player_choice":"Fought Mushrooms","damage_taken":0,"max_hp_gain":0,"max_hp_loss":0,"event_name":"Mushrooms","floor":13,"gold_loss":0},{"damage_healed":0,"gold_gain":0,"player_choice":"Shed Blood","damage_taken":20,"max_hp_gain":5,"max_hp_loss":0,"event_name":"Forgotten Altar","floor":19,"gold_loss":0},{"damage_healed":0,"gold_gain":0,"player_choice":"Read","damage_taken":0,"max_hp_gain":0,"max_hp_loss":0,"event_name":"The Library","floor":29,"gold_loss":0,"cards_obtained":["Perfected Strike"]},{"damage_healed":0,"gold_gain":100,"player_choice":"Pray","damage_taken":0,"max_hp_gain":0,"max_hp_loss":0,"event_name":"Golden Shrine","floor":31,"gold_loss":0}],"is_beta":false,"boss_relics":[{"not_picked":["Black Star","Sozu"],"picked":"Runic Pyramid"},{"not_picked":["Astrolabe","Eternal Feather"],"picked":"Black Blood"}],"items_purged_floors":[24],"is_endless":false,"potions_floor_spawned":[10,13,14,16,18,22,36,38],"killed_by":"Giant Head","ascension_level":0}