{"gold_per_floor":[119,129,129,129,129,172,172,193,193,218,243,61,61,61,61,181,181,195,195,195,211,236,236,261,0,0,41,41,41,66,104,104,232,232,248,262,262,262,51,51,90,114,114,114,114,134,32,52,52,52],"floor_reached":51,"playtime":5493,"items_purged":["Strike_G","Strike_G"],"score":898,"play_id":"3368bd1b-7af4-4b26-93a9-b8e3a82a6bfa","local_time":"20180701182421","is_ascension_mode":true,"campfire_choices":[{"data":"Neutralize","floor":7,"key":"SMITH"},{"data":"Dodge and Roll","floor":13,"key":"SMITH"},{"floor":15,"key":"REST"},{"floor":23,"key":"REST"},{"floor":28,"key":"REST"},{"floor":32,"key":"REST"},{"data":"Dash","floor":40,"key":"SMITH"},{"data":"Cloak And Dagger","floor":45,"key":"SMITH"},{"data":"Cloak And Dagger","floor":49,"key":"SMITH"}],"neow_cost":"NONE","seed_source_timestamp":416948056762217,"circlet_count":0,"master_deck":["Defend_G","Defend_G","Defend_G","Defend_G","Strike_G","Survivor","Neutralize+1","Predator","Backstab","Dodge and Roll+1","Heel Hook","Die Die Die","Noxious Fumes+1","Necronomicurse","PiercingWail","Cloak And Dagger+1","Footwork+1","Adrenaline","Cloak And Dagger+1","Venomology","Caltrops+1","After Image+1","Caltrops+1","Backflip+1","A Thousand Cuts+1","Well Laid Plans+1","Dash+1","Backflip","A Thousand Cuts+1","Backstab"],"relics":["Ring of the Snake","Golden Idol","Mercury Hourglass","Torii","Oddly Smooth Stone","Frozen Egg 2","Lizard Tail","Necronomicon","Smiling Mask","Omamori","Ornamental Fan","Cursed Key","Ice Cream","Gambling Chip","Centennial Puzzle"],"potions_floor_usage":[6,16,22,27,30,31,33,33,37,50,50,50],"damage_taken":[{"damage":2,"enemies":"Small Slimes","floor":1,"turns":6},{"damage":2,"enemies":"Cultist","floor":2,"turns":4},{"damage":28,"enemies":"Gremlin Nob","floor":6,"turns":5},{"damage":1,"enemies":"Jaw Worm","floor":8,"turns":3},{"damage":12,"enemies":"Exordium Wildlife","floor":10,"turns":4},{"damage":1,"enemies":"Blue Slaver","floor":11,"turns":3},{"damage":19,"enemies":"Slime Boss","floor":16,"turns":9},{"damage":20,"enemies":"Spheric Guardian","floor":18,"turns":6},{"damage":3,"enemies":"Shell Parasite","floor":21,"turns":6},{"damage":12,"enemies":"Sentry and Sphere","floor":22,"turns":4},{"damage":18,"enemies":"Centurion and Healer","floor":24,"turns":7},{"damage":8,"enemies":"Book of Stabbing","floor":27,"turns":6},{"damage":10,"enemies":"Cultist and Chosen","floor":30,"turns":6},{"damage":15,"enemies":"Slavers","floor":31,"turns":7},{"damage":97,"enemies":"Automaton","floor":33,"turns":14},{"damage":7,"enemies":"3 Shapes","floor":35,"turns":3},{"damage":1,"enemies":"3 Darklings","floor":36,"turns":4},{"damage":0,"floor":37,"turns":8},{"damage":17,"enemies":"2 Orb Walkers","floor":41,"turns":5},{"damage":6,"enemies":"Flame Bruiser 2 Orb","floor":42,"turns":5},{"damage":0,"enemies":"Transient","floor":46,"turns":5},{"damage":0,"enemies":"Spire Growth","floor":48,"turns":4},{"damage":52,"enemies":"Donu and Deca","floor":50,"turns":7}],"seed_played":"-6947659196418743572","potions_obtained":[{"floor":2,"key":"SteroidPotion"},{"floor":11,"key":"Explosive Potion"},{"floor":16,"key":"Ancient Potion"},{"floor":22,"key":"Poison Potion"},{"floor":27,"key":"Swift Potion"},{"floor":30,"key":"Poison Potion"},{"floor":31,"key":"Swift Potion"},{"floor":36,"key":"Poison Potion"},{"floor":41,"key":"Swift Potion"}],"is_trial":false,"path_per_floor":["M","M","?","?","?","E","R","M","T","M","M","$","R","T","R","B",null,"M","?","?","M","M","R","M","$","T","E","R","?","M","E","R","B",null,"M","M","?","?","$","R","E","M","T","?","R","M","$","M","R","B"],"character_chosen":"THE_SILENT","items_purchased":["Heel Hook","Oddly Smooth Stone","Footwork+1","Adrenaline","Cloak And Dagger","Well Laid Plans+1","Dash","Backflip","PowerPotion"],"campfire_rested":4,"item_purchase_floors":[12,12,25,25,25,39,39,39,47],"current_hp_per_floor":[68,66,66,71,64,36,36,35,35,23,22,22,22,22,44,25,63,43,27,27,24,12,34,16,16,16,8,30,30,20,5,27,10,60,53,52,52,52,52,52,35,29,29,76,76,76,76,76,76,24],"gold":52,"neow_bonus":"TEN_PERCENT_HP_BONUS","is_prod":false,"is_daily":false,"chose_seed":false,"campfire_upgraded":5,"win_rate":0,"timestamp":1530487461,"path_taken":["M","M","?","?","?","E","R","M","T","M","M","?","R","?","R","BOSS","M","?","?","M","M","R","M","$","T","E","R","?","M","E","R","BOSS","M","M","?","?","$","R","E","M","T","?","R","M","$","M","R","BOSS"],"build_version":"2018-06-29","purchased_purges":2,"victory":true,"max_hp_per_floor":[77,77,71,76,76,76,76,76,76,76,76,76,76,76,76,76,76,76,76,76,76,76,76,76,76,76,76,76,76,76,76,76,76,76,76,76,76,76,76,76,76,76,76,76,76,76,76,76,76,76],"card_choices":[{"not_picked":["Quick Slash","PiercingWail"],"picked":"Predator","floor":1},{"not_picked":["Quick Slash","Blur","Underhanded Strike"],"picked":"SKIP","floor":2},{"not_picked":["Deflect","Quick Slash","Poisoned Stab"],"picked":"SKIP","floor":6},{"not_picked":["Dagger Spray","Cloak And Dagger"],"picked":"Backstab","floor":8},{"not_picked":["Deflect","Calculated Gamble","Masterful Stab"],"picked":"SKIP","floor":10},{"not_picked":["Eviscerate","Well Laid Plans"],"picked":"Dodge and Roll","floor":11},{"not_picked":["A Thousand Cuts+1","Glass Knife"],"picked":"Die Die Die","floor":16},{"not_picked":["Backflip","Choke"],"picked":"Noxious Fumes+1","floor":18},{"not_picked":["Predator","Dagger Throw"],"picked":"PiercingWail","floor":21},{"not_picked":["Catalyst","Dagger Spray"],"picked":"Cloak And Dagger","floor":22},{"not_picked":["Bouncing Flask","Backflip"],"picked":"Flechettes+1","floor":24},{"not_picked":["Acrobatics+1","Bane","Underhanded Strike"],"picked":"SKIP","floor":27},{"not_picked":["Crippling Poison","Deadly Poison+1"],"picked":"Venomology","floor":30},{"not_picked":["PiercingWail+1","Noxious Fumes+1"],"picked":"Caltrops+1","floor":31},{"not_picked":["Storm of Steel","Tactician"],"picked":"After Image+1","floor":33},{"not_picked":["Crippling Poison+1","Eviscerate+1"],"picked":"Caltrops+1","floor":35},{"not_picked":["Accuracy+1","Dagger Spray"],"picked":"Backflip+1","floor":36},{"not_picked":["Sucker Punch","Eviscerate+1"],"picked":"A Thousand Cuts+1","floor":41},{"not_picked":["Bane+1","Backstab+1","Acrobatics+1"],"picked":"SKIP","floor":42},{"not_picked":["Deflect","Masterful Stab+1","Poisoned Stab"],"picked":"SKIP","floor":46},{"not_picked":["Acrobatics","Deflect"],"picked":"Backstab","floor":48}],"player_experience":228660,"relics_obtained":[{"floor":6,"key":"Mercury Hourglass"},{"floor":9,"key":"Torii"},{"floor":14,"key":"Frozen Egg 2"},{"floor":19,"key":"Necronomicon"},{"floor":26,"key":"Smiling Mask"},{"floor":27,"key":"Omamori"},{"floor":31,"key":"Ornamental Fan"},{"floor":37,"key":"Ice Cream"},{"floor":41,"key":"Gambling Chip"},{"floor":43,"key":"Centennial Puzzle"}],"event_choices":[{"event_name":"Golden Idol","player_choice":"Lose Max HP","floor":3,"damage_taken":0},{"event_name":"Big Fish","player_choice":"Donut","floor":4,"damage_taken":0},{"event_name":"Golden Wing","player_choice":"Card Removal","floor":5,"damage_taken":0},{"event_name":"Cursed Tome","player_choice":"Obtained Book","floor":19,"damage_taken":0},{"event_name":"Vampires","player_choice":"Ignored","floor":20,"damage_taken":0},{"event_name":"Back to Basics","player_choice":"Elegance","floor":29,"damage_taken":0},{"event_name":"MindBloom","player_choice":"Fight","floor":37,"damage_taken":0},{"event_name":"Transmorgrifier","player_choice":"Transform","floor":38,"damage_taken":0},{"event_name":"Bonfire Elementals","player_choice":"UNCOMMON","floor":44,"damage_taken":0}],"boss_relics":[{"not_picked":["Philosopher\u0027s Stone","Pandora\u0027s Box"],"picked":"Lizard Tail"},{"not_picked":["Black Star","Runic Pyramid"],"picked":"Cursed Key"}],"items_purged_floors":[39,47],"is_endless":false,"potions_floor_spawned":[2,11,16,22,27,30,31,36,41,46],"ascension_level":7}