{"gold_per_floor":[110,110,130,130,55,55,95,95,95,95,129,29,29,50,50,176,176,195,70,70,88,88,126,126,150,150,0,0,20,119,119,119,243,243,259,84,107,126,126,126,126,126,151,212,227,352,393,416,416,416],"floor_reached":51,"playtime":1060,"items_purged":["Strike_R","Strike_R","Defend_R","Defend_R","Strike_R+1"],"score":899,"play_id":"515b631c-4c81-416c-b175-649371de228c","local_time":"20190213022106","is_ascension_mode":false,"campfire_choices":[{"data":"Searing Blow","floor":6,"key":"SMITH"},{"data":"Searing Blow+2","floor":8,"key":"SMITH"},{"data":"Searing Blow+3","floor":10,"key":"SMITH"},{"data":"Searing Blow+4","floor":15,"key":"SMITH"},{"data":"Searing Blow+5","floor":24,"key":"SMITH"},{"data":"Searing Blow+6","floor":28,"key":"SMITH"},{"floor":32,"key":"REST"},{"data":"Searing Blow+7","floor":40,"key":"SMITH"},{"data":"Searing Blow+8","floor":42,"key":"SMITH"},{"floor":49,"key":"REST"}],"neow_cost":"NONE","seed_source_timestamp":1807033963802716,"circlet_count":0,"master_deck":["Strike_R+1","Strike_R+1","Defend_R","Bash","Searing Blow+9"],"relics":["Burning Blood","Golden Idol","Whetstone","Sundial","Question Card","Dodecahedron","Velvet Choker","Self Forming Clay","Darkstone Periapt","Singing Bowl","Busted Crown","Regal Pillow","Prayer Wheel","Unceasing Top","Gremlin Horn"],"potions_floor_usage":[16,16,50,50,50],"damage_taken":[{"damage":6,"enemies":"Jaw Worm","floor":1,"turns":4},{"damage":3,"enemies":"2 Louse","floor":3,"turns":3},{"damage":15,"enemies":"Gremlin Nob","floor":7,"turns":4},{"damage":18,"enemies":"Lagavulin","floor":11,"turns":3},{"damage":0,"enemies":"Small Slimes","floor":14,"turns":3},{"damage":21,"enemies":"Hexaghost","floor":16,"turns":5},{"damage":5,"enemies":"Chosen","floor":18,"turns":2},{"damage":2,"enemies":"Shell Parasite","floor":21,"turns":2},{"damage":36,"enemies":"Book of Stabbing","floor":23,"turns":4},{"damage":0,"enemies":"3 Cultists","floor":25,"turns":4},{"damage":8,"enemies":"Centurion and Healer","floor":29,"turns":2},{"damage":54,"enemies":"Automaton","floor":33,"turns":7},{"damage":0,"enemies":"3 Darklings","floor":35,"turns":3},{"damage":0,"enemies":"3 Shapes","floor":37,"turns":2},{"damage":0,"enemies":"3 Darklings","floor":38,"turns":3},{"damage":10,"enemies":"2 Orb Walkers","floor":44,"turns":2},{"damage":11,"enemies":"Spire Growth","floor":45,"turns":2},{"damage":0,"enemies":"Mind Bloom Boss Battle","floor":46,"turns":2},{"damage":49,"enemies":"Nemesis","floor":47,"turns":3},{"damage":0,"enemies":"4 Shapes","floor":48,"turns":1},{"damage":36,"enemies":"Donu and Deca","floor":50,"turns":5}],"seed_played":"1383992292768968883","potions_obtained":[{"floor":3,"key":"Poison Potion"},{"floor":14,"key":"Weak Potion"},{"floor":21,"key":"Ancient Potion"},{"floor":25,"key":"FearPotion"},{"floor":35,"key":"Strength Potion"},{"floor":45,"key":"LiquidBronze"}],"is_trial":false,"path_per_floor":["M","?","M","?","$","R","E","R","T","R","E","$","T","M","R","B",null,"M","$","?","M","?","E","R","M","T","$","R","M","?","T","R","B",null,"M","$","M","M","?","R","$","R","T","?","M","?","E","M","R","B",null],"character_chosen":"IRONCLAD","items_purchased":[],"campfire_rested":2,"item_purchase_floors":[],"current_hp_per_floor":[80,64,67,67,67,67,58,58,58,58,46,46,46,52,52,37,74,74,74,74,74,74,44,44,50,50,50,50,48,48,48,70,24,76,78,78,80,82,82,82,82,82,82,80,79,87,46,56,96,66],"gold":416,"neow_bonus":"REMOVE_CARD","is_prod":false,"is_daily":false,"chose_seed":false,"campfire_upgraded":8,"win_rate":0,"timestamp":1550046066,"path_taken":["M","?","M","?","$","R","E","R","T","R","E","$","?","M","R","BOSS","M","$","?","M","?","E","R","M","T","$","R","?","?","?","R","BOSS","M","$","M","M","?","R","$","R","T","?","M","?","E","?","R","BOSS"],"build_version":"2019-02-06","purchased_purges":5,"victory":true,"max_hp_per_floor":[80,80,80,74,74,74,74,74,74,74,74,74,74,74,74,74,74,74,74,74,74,74,74,74,74,74,74,74,74,74,74,74,76,76,78,78,80,82,82,82,82,82,82,84,88,90,92,96,96,96],"card_choices":[{"not_picked":["Flex","Headbutt"],"picked":"Searing Blow","floor":1},{"not_picked":["Havoc","Anger","Cleave"],"picked":"SKIP","floor":3},{"not_picked":["Body Slam","Dark Embrace","Wild Strike"],"picked":"SKIP","floor":7},{"not_picked":["Body Slam","Flame Barrier","True Grit"],"picked":"SKIP","floor":11},{"not_picked":["Havoc","Flex","Headbutt","Heavy Blade"],"picked":"SKIP","floor":14},{"not_picked":["Flex+1","Anger","Thunderclap","Heavy Blade+1"],"picked":"SKIP","floor":18},{"not_picked":["Rupture","Corruption","Sword Boomerang","Second Wind"],"picked":"SKIP","floor":21},{"not_picked":["Iron Wave","Spot Weakness+1","Battle Trance"],"picked":"Shrug It Off","floor":23},{"not_picked":["Searing Blow","Sword Boomerang","Havoc","Infernal Blade+1"],"picked":"SKIP","floor":25},{"not_picked":["Pummel+1","Power Through+1","Second Wind","Seeing Red"],"picked":"SKIP","floor":29},{"not_picked":["Impervious","Exhume","Dark Embrace","Immolate"],"picked":"Singing Bowl","floor":33},{"not_picked":["Burning Pact+1","Pommel Strike"],"picked":"Singing Bowl","floor":35},{"not_picked":["Headbutt+1","Sword Boomerang+1"],"picked":"Singing Bowl","floor":37},{"not_picked":["Cleave","Hemokinesis"],"picked":"Singing Bowl","floor":38},{"not_picked":["Perfected Strike","Bloodletting+1"],"picked":"Singing Bowl","floor":44},{"not_picked":["Warcry+1","True Grit"],"picked":"Singing Bowl","floor":45},{"not_picked":["Reaper","True Grit+1"],"picked":"Singing Bowl","floor":45},{"not_picked":["True Grit","Havoc+1"],"picked":"Singing Bowl","floor":46},{"not_picked":["Flame Barrier","Anger"],"picked":"Singing Bowl","floor":47},{"not_picked":["Armaments+1","Body Slam"],"picked":"Singing Bowl","floor":48},{"not_picked":["Heavy Blade+1","Clothesline"],"picked":"Singing Bowl","floor":48}],"player_experience":818584,"relics_obtained":[{"floor":7,"key":"Whetstone"},{"floor":9,"key":"Sundial"},{"floor":11,"key":"Question Card"},{"floor":13,"key":"Dodecahedron"},{"floor":23,"key":"Self Forming Clay"},{"floor":26,"key":"Darkstone Periapt"},{"floor":31,"key":"Singing Bowl"},{"floor":43,"key":"Regal Pillow"},{"floor":44,"key":"Prayer Wheel"},{"floor":46,"key":"Unceasing Top"},{"floor":47,"key":"Gremlin Horn"}],"event_choices":[{"damage_healed":0,"gold_gain":0,"player_choice":"Entered Light","damage_taken":16,"max_hp_gain":0,"max_hp_loss":0,"event_name":"Shining Light","floor":2,"gold_loss":0,"cards_upgraded":["Strike_R","Strike_R"]},{"damage_healed":0,"gold_gain":0,"player_choice":"Lose Max HP","damage_taken":0,"relics_obtained":["Golden Idol"],"max_hp_gain":0,"max_hp_loss":6,"event_name":"Golden Idol","floor":4,"gold_loss":0},{"damage_healed":0,"gold_gain":0,"player_choice":"Ignored","damage_taken":0,"max_hp_gain":0,"max_hp_loss":0,"event_name":"Cursed Tome","floor":20,"gold_loss":0},{"damage_healed":0,"gold_gain":99,"player_choice":"Stole From Cult","damage_taken":0,"max_hp_gain":0,"max_hp_loss":0,"event_name":"Nest","floor":30,"gold_loss":0},{"cards_removed":["Shrug It Off"],"damage_healed":0,"gold_gain":0,"player_choice":"Removed Skill","damage_taken":0,"max_hp_gain":0,"max_hp_loss":0,"event_name":"Falling","floor":39,"gold_loss":0},{"damage_healed":0,"gold_gain":0,"player_choice":"Fight","damage_taken":0,"max_hp_gain":0,"max_hp_loss":0,"event_name":"Mysterious Sphere","floor":44,"gold_loss":0},{"damage_healed":0,"gold_gain":0,"player_choice":"Fight","damage_taken":0,"max_hp_gain":0,"max_hp_loss":0,"event_name":"MindBloom","floor":46,"gold_loss":0}],"is_beta":true,"boss_relics":[{"not_picked":["Lizard Tail","Eternal Feather"],"picked":"Velvet Choker"},{"not_picked":["White Beast Statue","Orrery"],"picked":"Busted Crown"}],"items_purged_floors":[5,12,19,27,36],"is_endless":false,"potions_floor_spawned":[3,14,21,25,35,37,45,48],"ascension_level":0}