{"gold_per_floor":[109,39,58,69,80,106,71,71,96,96,96,69,69,96,96,201,201,201,201,171,171,21,21,21,21,21,21,21,21,21,21,21,21,21,21,21,21,21,21,21,21,21,21,21,21,21,21,21,21,21],"floor_reached":51,"playtime":2213,"items_purged":[],"score":918,"play_id":"9998f207-0477-4350-acaf-0eb218883858","local_time":"20180624144500","daily_mods":["Cursed Run"],"is_ascension_mode":false,"campfire_choices":[{"data":"Noxious Fumes","floor":8,"key":"SMITH"},{"data":"After Image","floor":10,"key":"SMITH"},{"data":"Infinite Blades","floor":13,"key":"SMITH"},{"data":"Blade Dance","floor":15,"key":"SMITH"},{"floor":24,"key":"REST"},{"data":"Sucker Punch","floor":27,"key":"SMITH"},{"data":"A Thousand Cuts","floor":32,"key":"SMITH"},{"data":"Skewer","floor":42,"key":"SMITH"},{"floor":49,"key":"REST"}],"neow_cost":"","seed_source_timestamp":4023212110375331,"circlet_count":0,"master_deck":["Defend_G","Defend_G","Defend_G","Defend_G","Defend_G","Strike_G","Strike_G","Strike_G","Strike_G","Survivor","Neutralize","Deadly Poison","Noxious Fumes+1","Infinite Blades+1","After Image+1","Sucker Punch+1","Deflect","Blade Dance+1","A Thousand Cuts+1","Endless Agony+1","Finisher+1","Acrobatics+1","Backstab","Noxious Fumes","Cloak And Dagger+1","Injury","Dagger Spray","Escape Plan","Parasite","Doubt","Clumsy","Well Laid Plans+1","Escape Plan","Catalyst","Infinite Blades+1","Skewer+1","Noxious Fumes+1","Madness","Madness","Regret","Deflect+1","Slice","Blur","Cloak And Dagger+1","Injury"],"special_seed":674928953,"relics":["Cursed Key","Darkstone Periapt","Du-Vu Doll","Vajra","Strawberry","Regal Pillow","Ectoplasm","Red Mask","Snake Skull","Dream Catcher","Bottled Flame","Astrolabe","Unceasing Top","Ice Cream","Gremlin Horn"],"potions_floor_usage":[14,16,23,23,33,50,50],"damage_taken":[{"damage":2,"enemies":"Small Slimes","floor":1,"turns":5},{"damage":1,"enemies":"Jaw Worm","floor":3,"turns":3},{"damage":4,"enemies":"Cultist","floor":4,"turns":4},{"damage":4,"enemies":"3 Louse","floor":5,"turns":3},{"damage":2,"enemies":"Lagavulin","floor":6,"turns":7},{"damage":5,"enemies":"Gremlin Nob","floor":14,"turns":4},{"damage":12,"enemies":"Hexaghost","floor":16,"turns":8},{"damage":4,"enemies":"Shell Parasite","floor":18,"turns":5},{"damage":18,"floor":19,"turns":4},{"damage":11,"enemies":"2 Thieves","floor":20,"turns":2},{"damage":20,"enemies":"Slaver and Parasite","floor":21,"turns":5},{"damage":34,"enemies":"Gremlin Leader","floor":23,"turns":6},{"damage":4,"enemies":"Cultist and Chosen","floor":25,"turns":4},{"damage":0,"enemies":"Sentry and Sphere","floor":28,"turns":3},{"damage":0,"enemies":"Snecko","floor":29,"turns":4},{"damage":6,"enemies":"Centurion and Healer","floor":31,"turns":4},{"damage":26,"enemies":"Collector","floor":33,"turns":7},{"damage":20,"enemies":"3 Darklings","floor":35,"turns":4},{"damage":0,"enemies":"Orb Walker","floor":36,"turns":2},{"damage":5,"enemies":"4 Shapes","floor":37,"turns":3},{"damage":6,"enemies":"Sphere and 2 Shapes","floor":39,"turns":4},{"damage":1,"enemies":"Nemesis","floor":40,"turns":6},{"damage":8,"enemies":"3 Darklings","floor":44,"turns":4},{"damage":22,"enemies":"2 Orb Walkers","floor":45,"turns":3},{"damage":11,"enemies":"4 Shapes","floor":46,"turns":4},{"damage":0,"enemies":"Sphere and 2 Shapes","floor":47,"turns":3},{"damage":7,"enemies":"3 Darklings","floor":48,"turns":2},{"damage":69,"enemies":"Time Eater","floor":50,"turns":7}],"seed_played":"-7397788138985696473","potions_obtained":[{"floor":4,"key":"LiquidBronze"},{"floor":5,"key":"Poison Potion"},{"floor":11,"key":"Dexterity Potion"},{"floor":11,"key":"EssenceOfSteel"},{"floor":14,"key":"Fire Potion"},{"floor":16,"key":"Dexterity Potion"},{"floor":31,"key":"AttackPotion"},{"floor":36,"key":"EssenceOfSteel"},{"floor":39,"key":"SkillPotion"}],"is_trial":true,"path_per_floor":["M","$","M","M","M","E","?","R","T","R","?","$","R","E","R","B",null,"M","?","M","M","$","E","R","M","T","R","M","M","$","M","R","B",null,"M","M","M","?","M","E","?","R","T","M","E","M","M","M","R","B"],"character_chosen":"THE_SILENT","items_purchased":["Noxious Fumes","Deflect","Snake Skull"],"campfire_rested":2,"item_purchase_floors":[2,12,22],"current_hp_per_floor":[68,68,67,63,59,57,70,70,83,83,83,83,83,78,78,72,89,85,67,56,36,36,2,43,39,45,45,45,45,45,39,39,19,113,93,93,88,88,82,81,67,67,73,65,43,32,32,25,75,12],"gold":21,"neow_bonus":"","is_prod":false,"is_daily":false,"chose_seed":true,"campfire_upgraded":7,"win_rate":0,"timestamp":1529844300,"path_taken":["M","$","M","M","M","E","?","R","T","R","?","$","R","E","R","BOSS","M","?","M","M","$","E","R","M","T","R","?","M","$","M","R","BOSS","M","?","M","?","M","E","?","R","T","?","E","M","M","M","R","BOSS"],"build_version":"2018-06-21v2","purchased_purges":0,"victory":true,"max_hp_per_floor":[70,70,70,70,70,70,70,70,83,83,83,83,83,83,83,89,89,89,89,89,89,89,89,89,89,95,95,95,95,95,95,95,101,113,113,113,113,113,113,113,113,113,119,119,119,119,119,119,119,125],"card_choices":[{"not_picked":["Acrobatics","Outmaneuver"],"picked":"Deadly Poison","floor":1},{"not_picked":["Acrobatics","Poisoned Stab"],"picked":"Infinite Blades","floor":3},{"not_picked":["Prepared","Bouncing Flask","Deadly Poison"],"picked":"SKIP","floor":4},{"not_picked":["Terror","Poisoned Stab"],"picked":"After Image","floor":5},{"not_picked":["Outmaneuver","Underhanded Strike"],"picked":"Sucker Punch","floor":6},{"not_picked":["All Out Attack","Masterful Stab"],"picked":"Blade Dance","floor":14},{"not_picked":["Tactician","Wraith Form v2"],"picked":"A Thousand Cuts","floor":16},{"not_picked":["Dodge and Roll","Concentrate"],"picked":"Endless Agony+1","floor":18},{"not_picked":["Deadly Poison","Quick Slash+1"],"picked":"Finisher+1","floor":19},{"not_picked":["Poisoned Stab","Bane"],"picked":"Acrobatics+1","floor":20},{"not_picked":["Expertise","Accuracy+1"],"picked":"Backstab","floor":21},{"not_picked":["Prepared","Backflip"],"picked":"Noxious Fumes","floor":23},{"not_picked":["Accuracy","Calculated Gamble"],"picked":"Cloak And Dagger+1","floor":25},{"not_picked":["Outmaneuver+1","Bouncing Flask"],"picked":"Dagger Spray","floor":28},{"not_picked":["Sucker Punch","Flying Knee","Dagger Spray"],"picked":"SKIP","floor":29},{"not_picked":["Deadly Poison","Setup"],"picked":"Escape Plan","floor":31},{"not_picked":["Leg Sweep+1","Caltrops"],"picked":"Escape Plan","floor":35},{"not_picked":["Underhanded Strike","Deadly Poison"],"picked":"Catalyst","floor":36},{"not_picked":["Acrobatics+1","Underhanded Strike+1"],"picked":"Infinite Blades+1","floor":37},{"not_picked":["Flying Knee","Finisher"],"picked":"Skewer","floor":39},{"not_picked":["Slice","Concentrate"],"picked":"Noxious Fumes+1","floor":40},{"not_picked":["Reflex","Masterful Stab"],"picked":"Deflect+1","floor":44},{"not_picked":["Backflip","Grand Finale","Deadly Poison"],"picked":"SKIP","floor":45},{"not_picked":["Acrobatics","Sucker Punch"],"picked":"Slice","floor":46},{"not_picked":["Dash","Prepared+1"],"picked":"Blur","floor":47},{"not_picked":["Escape Plan","Quick Slash"],"picked":"Cloak And Dagger+1","floor":48}],"player_experience":909535,"relics_obtained":[{"floor":6,"key":"Vajra"},{"floor":9,"key":"Strawberry"},{"floor":14,"key":"Regal Pillow"},{"floor":19,"key":"Red Mask"},{"floor":23,"key":"Dream Catcher"},{"floor":26,"key":"Bottled Flame"},{"floor":40,"key":"Unceasing Top"},{"floor":43,"key":"Ice Cream"},{"floor":45,"key":"Gremlin Horn"}],"event_choices":[{"event_name":"The Cleric","player_choice":"Healed","floor":7,"damage_taken":0},{"event_name":"The Lab","player_choice":"Got Potions","floor":11,"damage_taken":0},{"event_name":"Masked Bandits","player_choice":"Fought over 201 gold","floor":19,"damage_taken":0},{"event_name":"Tomb of Lord Red Mask","player_choice":"Wore Mask","floor":38,"damage_taken":0},{"event_name":"Winding Halls","player_choice":"Embrace Madness","floor":41,"damage_taken":0}],"boss_relics":[{"not_picked":["White Beast Statue","Pandora\u0027s Box"],"picked":"Ectoplasm"},{"not_picked":["Tiny House","Eternal Feather"],"picked":"Astrolabe"}],"items_purged_floors":[],"is_endless":false,"potions_floor_spawned":[4,5,14,16,18,20,21,31,36,39,45,46],"ascension_level":0}