{"gold_per_floor":[114,188,188,163,173,173,23,86,86,86,96,126,126,137,137,240,240,260,280,293,47,60,60,60,60,60,60,60,70,99,113,113,217,217,231,141,158,169,169,169,199,214,214,225,225,225,135,145,145,145],"floor_reached":51,"playtime":2191,"items_purged":["Strike_R","Strike_R","Strike_R"],"score":924,"play_id":"dfc5e00f-fb68-448a-aa0d-dc9552880703","local_time":"20190108113557","is_ascension_mode":true,"campfire_choices":[{"data":"Bash","floor":6,"key":"SMITH"},{"data":"Twin Strike","floor":13,"key":"SMITH"},{"floor":15,"key":"REST"},{"data":"Iron Wave","floor":23,"key":"SMITH"},{"data":"Heavy Blade","floor":25,"key":"SMITH"},{"floor":27,"key":"REST"},{"floor":32,"key":"REST"},{"floor":40,"key":"REST"},{"data":"Defend_R","floor":46,"key":"SMITH"},{"data":"Defend_R","floor":49,"key":"SMITH"}],"neow_cost":"NONE","seed_source_timestamp":296480405957779,"circlet_count":0,"master_deck":["Strike_R+1","Defend_R+1","Defend_R","Defend_R+1","Defend_R+1","Bash+1","Spot Weakness+1","Infernal Blade+1","Shrug It Off+1","Twin Strike+1","Shrug It Off+1","Power Through+1","Impervious+1","Flex+1","Warcry+1","Carnage+1","Iron Wave+1","Heavy Blade+1","Thunderclap","Uppercut+1","Reaper","Intimidate+1","Headbutt+1","Entrench+1","Entrench+1","Pommel Strike+1","Whirlwind+1"],"relics":["White Beast Statue","Toxic Egg 2","Tiny Chest","Bag of Preparation","Happy Flower","Velvet Choker","Oddly Smooth Stone","Paper Frog","The Courier","Cursed Key","Smiling Mask"],"potions_floor_usage":[8,30,30,31,33,33,38,38,50,50,50],"damage_taken":[{"damage":1,"enemies":"Cultist","floor":1,"turns":3},{"damage":1,"enemies":"Small Slimes","floor":5,"turns":3},{"damage":6,"enemies":"3 Sentries","floor":8,"turns":7},{"damage":0,"enemies":"2 Louse","floor":11,"turns":2},{"damage":0,"enemies":"Blue Slaver","floor":14,"turns":2},{"damage":21,"enemies":"Slime Boss","floor":16,"turns":10},{"damage":0,"enemies":"Spheric Guardian","floor":18,"turns":3},{"damage":0,"enemies":"3 Byrds","floor":19,"turns":4},{"damage":0,"enemies":"Centurion and Healer","floor":20,"turns":5},{"damage":14,"enemies":"3 Cultists","floor":22,"turns":5},{"damage":0,"enemies":"Snecko","floor":29,"turns":3},{"damage":30,"enemies":"Slavers","floor":30,"turns":6},{"damage":0,"enemies":"Snake Plant","floor":31,"turns":1},{"damage":58,"enemies":"Champ","floor":33,"turns":7},{"damage":0,"enemies":"Orb Walker","floor":35,"turns":3},{"damage":0,"enemies":"3 Shapes","floor":37,"turns":3},{"damage":22,"enemies":"Jaw Worm Horde","floor":38,"turns":4},{"damage":14,"enemies":"Giant Head","floor":41,"turns":6},{"damage":7,"enemies":"Transient","floor":42,"turns":5},{"damage":10,"enemies":"Spire Growth","floor":44,"turns":4},{"damage":0,"enemies":"Jaw Worm Horde","floor":48,"turns":1},{"damage":72,"enemies":"Time Eater","floor":50,"turns":9}],"seed_played":"3783480296503514638","potions_obtained":[{"floor":1,"key":"GamblersBrew"},{"floor":5,"key":"Dexterity Potion"},{"floor":8,"key":"LiquidBronze"},{"floor":11,"key":"SteroidPotion"},{"floor":14,"key":"SpeedPotion"},{"floor":16,"key":"Regen Potion"},{"floor":30,"key":"BloodPotion"},{"floor":31,"key":"BloodPotion"},{"floor":33,"key":"Strength Potion"},{"floor":35,"key":"SkillPotion"},{"floor":37,"key":"Swift Potion"},{"floor":38,"key":"GamblersBrew"},{"floor":41,"key":"SpeedPotion"},{"floor":42,"key":"PowerPotion"}],"is_trial":false,"path_per_floor":["M","T","?","?","M","R","$","E","T","$","M","?","R","M","R","B",null,"M","M","M","$","M","R","?","R","T","R","?","M","E","M","R","B",null,"M","?","M","M","?","R","E","M","T","M","T","R","$","M","R","B",null],"character_chosen":"IRONCLAD","items_purchased":["Shrug It Off+1","Twin Strike","Oddly Smooth Stone","SteroidPotion"],"campfire_rested":4,"item_purchase_floors":[7,7,21,47],"current_hp_per_floor":[71,71,55,55,54,54,54,48,48,48,48,48,48,48,72,51,73,73,73,73,73,59,59,59,59,59,80,80,80,50,50,74,32,68,80,80,80,58,58,80,76,73,73,77,77,77,77,77,77,22],"gold":145,"neow_bonus":"BOSS_RELIC","is_prod":false,"is_daily":false,"chose_seed":false,"campfire_upgraded":6,"win_rate":0,"timestamp":1546914957,"path_taken":["M","?","?","?","M","R","$","E","T","?","M","?","R","M","R","BOSS","M","M","M","$","M","R","?","R","T","R","?","?","E","?","R","BOSS","M","?","?","M","?","R","E","?","T","M","?","R","$","M","R","BOSS"],"build_version":"2019-01-03v4","purchased_purges":3,"victory":true,"max_hp_per_floor":[80,80,80,80,80,80,80,80,80,80,80,80,80,80,80,80,80,80,80,80,80,80,80,80,80,80,80,80,80,80,80,80,80,80,80,80,80,80,80,80,80,80,80,80,80,80,80,80,80,80],"card_choices":[{"not_picked":["Combust","Dropkick"],"picked":"Spot Weakness","floor":1},{"not_picked":["Clothesline","Pommel Strike"],"picked":"Infernal Blade+1","floor":5},{"not_picked":["Hemokinesis","Corruption"],"picked":"Shrug It Off+1","floor":8},{"not_picked":["Clash","Reckless Charge"],"picked":"Power Through+1","floor":11},{"not_picked":["Sword Boomerang","Clash","Blood for Blood"],"picked":"SKIP","floor":14},{"not_picked":["Exhume+1","Reaper"],"picked":"Impervious+1","floor":16},{"not_picked":["Iron Wave+1","Blood for Blood"],"picked":"Flex+1","floor":18},{"not_picked":["Carnage","Flex+1"],"picked":"Warcry+1","floor":19},{"not_picked":["Bloodletting+1","Shrug It Off+1"],"picked":"Carnage+1","floor":20},{"not_picked":["Perfected Strike","Second Wind+1"],"picked":"Iron Wave","floor":22},{"not_picked":["Clothesline","Armaments+1","Headbutt"],"picked":"SKIP","floor":29},{"not_picked":["Flex+1","Warcry+1"],"picked":"Thunderclap","floor":30},{"not_picked":["Flex+1","Anger"],"picked":"Uppercut+1","floor":31},{"not_picked":["Dark Embrace","Juggernaut"],"picked":"Reaper","floor":33},{"not_picked":["Thunderclap","Clash+1"],"picked":"Intimidate+1","floor":35},{"not_picked":["Wild Strike+1","Sever Soul"],"picked":"Headbutt+1","floor":37},{"not_picked":["Shrug It Off+1","Thunderclap+1"],"picked":"Entrench+1","floor":38},{"not_picked":["Dark Embrace","Sever Soul+1","Sword Boomerang"],"picked":"SKIP","floor":41},{"not_picked":["Dual Wield+1","Rage+1"],"picked":"Pommel Strike+1","floor":42},{"not_picked":["Sentinel+1","Disarm+1"],"picked":"Whirlwind+1","floor":44},{"not_picked":["Armaments+1","Corruption+1","Clothesline"],"picked":"SKIP","floor":48}],"player_experience":348318,"relics_obtained":[{"floor":2,"key":"Toxic Egg 2"},{"floor":8,"key":"Tiny Chest"},{"floor":9,"key":"Bag of Preparation"},{"floor":26,"key":"Paper Frog"},{"floor":30,"key":"The Courier"},{"floor":41,"key":"Smiling Mask"}],"event_choices":[{"damage_healed":0,"gold_gain":0,"player_choice":"Entered Light","damage_taken":16,"max_hp_gain":0,"max_hp_loss":0,"event_name":"Shining Light","floor":3,"gold_loss":0,"cards_upgraded":["Spot Weakness","Strike_R"]},{"damage_healed":0,"gold_gain":0,"player_choice":"Left Gold","damage_taken":0,"max_hp_gain":0,"max_hp_loss":0,"event_name":"World of Goop","floor":4,"gold_loss":25},{"damage_healed":0,"gold_gain":30,"player_choice":"Searched \u00272\u0027 times","damage_taken":0,"relics_obtained":["Happy Flower"],"max_hp_gain":0,"max_hp_loss":0,"event_name":"Dead Adventurer","floor":12,"gold_loss":0},{"damage_healed":0,"gold_gain":0,"player_choice":"Read","damage_taken":0,"max_hp_gain":0,"max_hp_loss":0,"event_name":"The Library","floor":24,"gold_loss":0,"cards_obtained":["Heavy Blade"]},{"damage_healed":0,"gold_gain":0,"player_choice":"0 cards matched","damage_taken":0,"max_hp_gain":0,"max_hp_loss":0,"event_name":"Match and Keep!","floor":28,"gold_loss":0,"cards_obtained":[]},{"cards_removed":["Strike_R"],"damage_healed":0,"gold_gain":0,"player_choice":"Upgrade and Remove","damage_taken":0,"max_hp_gain":0,"max_hp_loss":0,"event_name":"Designer","floor":36,"gold_loss":90,"cards_upgraded":["Defend_R"]},{"damage_healed":0,"gold_gain":0,"player_choice":"Copied","damage_taken":0,"max_hp_gain":0,"max_hp_loss":0,"event_name":"Duplicator","floor":39,"gold_loss":0,"cards_obtained":["Entrench"]}],"is_beta":false,"boss_relics":[{"not_picked":["Eternal Feather","Runic Dome"],"picked":"Velvet Choker"},{"not_picked":["Pandora\u0027s Box","Runic Cube"],"picked":"Cursed Key"}],"items_purged_floors":[7,21,47],"is_endless":false,"potions_floor_spawned":[1,5,8,11,14,16,18,19,20,22,29,30,31,33,35,37,38,41,42,44,48],"ascension_level":6}