{"gold_per_floor":[18,18,18,18,18,18,53,53,53,84,98,98,137,158,158,284,284,302,71,71,92,111,111,111,111,138,154,154,169,192,192,192,311,311,324,348,248,267,112,112,125,144,170,503,47,47,57,75,75,75],"floor_reached":50,"playtime":2379,"items_purged":["Defend_R","Defend_R","Defend_R"],"score":554,"play_id":"43965f55-f675-434f-a370-a6f64a1d7999","local_time":"20180812211434","is_ascension_mode":false,"campfire_choices":[{"data":"Bash","floor":6,"key":"SMITH"},{"floor":8,"key":"REST"},{"data":"Flex","floor":12,"key":"SMITH"},{"floor":15,"key":"REST"},{"data":"Clash","floor":25,"key":"SMITH"},{"data":"Clash","floor":28,"key":"SMITH"},{"data":"RitualDagger","floor":32,"key":"SMITH"},{"data":"Flex","floor":40,"key":"SMITH"},{"floor":49,"key":"REST"}],"neow_cost":"NO_GOLD","seed_source_timestamp":10912421587303,"circlet_count":0,"master_deck":["Strike_R","Strike_R","Strike_R","Strike_R","Bash+1","Flex+1","Clash","Clash+1","Ghostly","Ghostly","Ghostly","Ghostly","Ghostly","Clash+1","Clothesline+1","Heavy Blade+1","RitualDagger+1","Clash+1","Iron Wave","Flex+1","Shrug It Off+1","Flex","Flex+1"],"relics":["Burning Blood","Blood Vial","Torii","Odd Mushroom","Ice Cream","Busted Crown","Juzu Bracelet","Bag of Preparation","Orrery","Red Skull","Orichalcum","Lee\u0027s Waffle"],"potions_floor_usage":[13,13,16,23,33,33,47,48,50],"damage_taken":[{"damage":5,"enemies":"2 Louse","floor":1,"turns":3},{"damage":28,"enemies":"Gremlin Nob","floor":7,"turns":4},{"damage":42,"floor":10,"turns":5},{"damage":1,"enemies":"Cultist","floor":11,"turns":3},{"damage":20,"enemies":"3 Sentries","floor":13,"turns":10},{"damage":2,"enemies":"Jaw Worm","floor":14,"turns":3},{"damage":25,"enemies":"Hexaghost","floor":16,"turns":9},{"damage":1,"enemies":"Spheric Guardian","floor":18,"turns":3},{"damage":0,"enemies":"Chosen","floor":21,"turns":5},{"damage":2,"enemies":"Snecko","floor":22,"turns":5},{"damage":0,"enemies":"Cultist and Chosen","floor":23,"turns":1},{"damage":3,"enemies":"Centurion and Healer","floor":27,"turns":5},{"damage":0,"enemies":"Snake Plant","floor":29,"turns":3},{"damage":5,"enemies":"3 Cultists","floor":30,"turns":5},{"damage":42,"enemies":"Champ","floor":33,"turns":10},{"damage":4,"enemies":"3 Darklings","floor":35,"turns":6},{"damage":0,"enemies":"Flame Bruiser 1 Orb","floor":36,"turns":6},{"damage":2,"enemies":"Spire Growth","floor":38,"turns":5},{"damage":2,"enemies":"Transient","floor":41,"turns":5},{"damage":3,"enemies":"Sphere and 2 Shapes","floor":42,"turns":4},{"damage":46,"enemies":"Flame Bruiser 2 Orb","floor":47,"turns":3},{"damage":0,"enemies":"4 Shapes","floor":48,"turns":4},{"damage":33,"enemies":"Time Eater","floor":50,"turns":9}],"seed_played":"9066155827792211018","potions_obtained":[{"floor":1,"key":"PowerPotion"},{"floor":10,"key":"EssenceOfSteel"},{"floor":11,"key":"SmokeBomb"},{"floor":14,"key":"SteroidPotion"},{"floor":21,"key":"FairyPotion"},{"floor":22,"key":"FearPotion"},{"floor":30,"key":"Block Potion"},{"floor":47,"key":"EssenceOfSteel"}],"is_trial":false,"path_per_floor":["M","$","?","$","?","R","E","R","T","?","M","R","E","M","R","B",null,"M","$","?","M","M","M","?","R","T","M","R","M","M","?","R","B",null,"M","M","$","M","$","R","M","M","T","?","$","?","M","M","R"],"character_chosen":"IRONCLAD","items_purchased":["Juzu Bracelet","Red Skull","Lee\u0027s Waffle","Energy Potion","Regen Potion"],"campfire_rested":3,"item_purchase_floors":[19,39,45,45,45],"current_hp_per_floor":[80,80,80,80,60,60,38,62,62,28,35,35,23,29,53,36,80,80,80,40,40,40,40,40,40,40,40,40,40,40,34,34,10,40,40,40,40,40,40,40,40,40,40,40,47,47,7,15,29,0],"gold":75,"neow_bonus":"REMOVE_TWO","is_prod":false,"is_daily":false,"chose_seed":false,"campfire_upgraded":6,"win_rate":0,"timestamp":1534074274,"path_taken":["M","$","?","$","?","R","E","R","T","?","M","R","E","?","R","BOSS","M","$","?","M","M","M","?","R","T","M","R","M","M","?","R","BOSS","M","M","$","M","$","R","M","M","T","?","?","?","M","M","R","BOSS"],"build_version":"2018-08-09","purchased_purges":3,"victory":false,"max_hp_per_floor":[80,80,80,80,80,80,80,80,80,80,80,80,80,80,80,80,80,80,80,40,40,40,40,40,40,40,40,40,40,40,40,40,40,40,40,40,40,40,40,40,40,40,40,40,47,47,47,47,47,47],"card_choices":[{"not_picked":["Uppercut","Body Slam","Anger"],"picked":"SKIP","floor":1},{"not_picked":["Clothesline","Searing Blow","Impervious"],"picked":"SKIP","floor":7},{"not_picked":["Pommel Strike","Inflame"],"picked":"Flex","floor":10},{"not_picked":["Armaments","Blood for Blood","Headbutt"],"picked":"SKIP","floor":11},{"not_picked":["Shrug It Off","Limit Break"],"picked":"Clash","floor":13},{"not_picked":["Armaments","Perfected Strike"],"picked":"Clash","floor":14},{"not_picked":["Metallicize"],"picked":"SKIP","floor":18},{"not_picked":["Metallicize"],"picked":"SKIP","floor":18},{"not_picked":["Havoc"],"picked":"SKIP","floor":21},{"not_picked":["Pummel"],"picked":"SKIP","floor":22},{"not_picked":[],"picked":"Clothesline+1","floor":27},{"not_picked":["Iron Wave"],"picked":"SKIP","floor":29},{"not_picked":[],"picked":"Heavy Blade+1","floor":30},{"not_picked":[],"picked":"Clash+1","floor":34},{"not_picked":[],"picked":"Iron Wave","floor":34},{"not_picked":[],"picked":"Flex","floor":34},{"not_picked":[],"picked":"Shrug It Off+1","floor":35},{"not_picked":["Infernal Blade"],"picked":"SKIP","floor":36},{"not_picked":["Demon Form"],"picked":"SKIP","floor":38},{"not_picked":["Bloodletting"],"picked":"SKIP","floor":41},{"not_picked":[],"picked":"Flex","floor":42},{"not_picked":[],"picked":"Flex+1","floor":47},{"not_picked":["Wild Strike+1"],"picked":"SKIP","floor":48}],"player_experience":329227,"relics_obtained":[{"floor":7,"key":"Blood Vial"},{"floor":9,"key":"Torii"},{"floor":10,"key":"Odd Mushroom"},{"floor":13,"key":"Ice Cream"},{"floor":26,"key":"Bag of Preparation"},{"floor":43,"key":"Orichalcum"}],"event_choices":[{"event_name":"Wheel of Change","player_choice":"Full Heal","floor":3,"damage_taken":0},{"event_name":"Golden Idol","player_choice":"Take Damage","floor":5,"damage_taken":0},{"event_name":"Mushrooms","player_choice":"Fought Mushrooms","floor":10,"damage_taken":0},{"event_name":"Ghosts","player_choice":"Became a Ghost","floor":20,"damage_taken":0},{"event_name":"The Library","player_choice":"Read","floor":24,"damage_taken":0},{"event_name":"Nest","player_choice":"Joined the Cult","floor":31,"damage_taken":0},{"event_name":"The Moai Head","player_choice":"Gave Idol","floor":44,"damage_taken":0},{"event_name":"SensoryStone","player_choice":"Memory 1","floor":46,"damage_taken":0}],"is_beta":false,"boss_relics":[{"not_picked":["Calling Bell","White Beast Statue"],"picked":"Busted Crown"},{"not_picked":["Philosopher\u0027s Stone","Runic Cube"],"picked":"Orrery"}],"items_purged_floors":[19,37,45],"is_endless":false,"potions_floor_spawned":[1,10,11,14,21,22,30,47],"killed_by":"Time Eater","ascension_level":0}