{"path_per_floor":["M","?","?","M","$","E","R","E","T","?","T","?","M","M","R","B",null,"M","M","?","M","T"],"character_chosen":"DEFECT","items_purchased":["Redo","Coolheaded"],"gold_per_floor":[115,115,115,128,51,77,77,109,109,109,135,135,155,166,166,261,261,277,288,288,301,349,349],"floor_reached":23,"campfire_rested":2,"playtime":1270,"item_purchase_floors":[5,5],"current_hp_per_floor":[73,73,66,60,60,33,55,39,39,39,39,39,27,21,43,23,75,43,30,30,21,21,0],"items_purged":[],"gold":349,"score":229,"play_id":"248a4102-b67c-40f7-8d94-e8cc730ec299","local_time":"20180611221643","is_prod":false,"is_daily":false,"chose_seed":false,"is_ascension_mode":true,"campfire_upgraded":0,"win_rate":0,"timestamp":1528769803,"campfire_choices":[{"floor":7,"key":"REST"},{"floor":15,"key":"REST"}],"path_taken":["M","?","?","?","$","E","R","E","T","?","?","?","?","M","R","BOSS","M","M","?","?","?","E"],"build_version":"2018-06-07v3","seed_source_timestamp":442870043552353,"purchased_purges":0,"victory":false,"master_deck":["Strike_B","Strike_B","Defend_B","Defend_B","Defend_B","Defend_B","Zap+1","Dualcast","Electrodynamics","Coolheaded+1","Defragment","Genetic Algorithm","Redo","Coolheaded","Leap","Echo Form","Fusion","Multi-Cast","Stack","Stack","Seek","Genetic Algorithm","Cold Snap"],"max_hp_per_floor":[75,75,75,75,75,75,75,75,75,75,75,75,75,75,75,75,75,75,75,75,75,75,75],"relics":["Cracked Core","Shuriken","War Paint","Matryoshka","Bag of Preparation","Vajra","Nuclear Battery","Potion Belt","Boot"],"card_choices":[{"not_picked":["Fission","Hyperbeam"],"picked":"Electrodynamics","floor":0},{"not_picked":["Beam Cell","White Noise"],"picked":"Coolheaded","floor":1},{"not_picked":["Self Repair","Go for the Eyes"],"picked":"Genetic Algorithm","floor":4},{"not_picked":["Streamline","Gash"],"picked":"Leap","floor":6},{"not_picked":["Cold Snap","Reinforced Body"],"picked":"Echo Form","floor":8},{"not_picked":["Gash","Hello World"],"picked":"Stack","floor":13},{"not_picked":["Turbo","Skim"],"picked":"Stack","floor":14},{"not_picked":["Amplify","Electrodynamics"],"picked":"Seek","floor":16},{"not_picked":["Coolheaded","Skim"],"picked":"Genetic Algorithm","floor":18},{"not_picked":["Stack","Redo"],"picked":"Cold Snap","floor":19},{"not_picked":["Ball Lightning","Go for the Eyes+1","Sweeping Beam+1"],"picked":"SKIP","floor":21}],"player_experience":499027,"potions_floor_usage":[16,16,19],"damage_taken":[{"damage":2,"enemies":"2 Louse","floor":1,"turns":2},{"damage":6,"enemies":"Jaw Worm","floor":4,"turns":4},{"damage":27,"enemies":"Gremlin Nob","floor":6,"turns":4},{"damage":16,"enemies":"3 Sentries","floor":8,"turns":5},{"damage":12,"enemies":"Small Slimes","floor":13,"turns":4},{"damage":6,"enemies":"Looter","floor":14,"turns":4},{"damage":20,"enemies":"Slime Boss","floor":16,"turns":9},{"damage":32,"enemies":"Chosen","floor":18,"turns":6},{"damage":13,"enemies":"Shell Parasite","floor":19,"turns":5},{"damage":9,"enemies":"Centurion and Healer","floor":21,"turns":9},{"damage":29,"enemies":"Slavers","floor":23,"turns":1}],"relics_obtained":[{"floor":6,"key":"Shuriken"},{"floor":8,"key":"War Paint"},{"floor":9,"key":"Matryoshka"},{"floor":11,"key":"Bag of Preparation"},{"floor":11,"key":"Vajra"},{"floor":22,"key":"Potion Belt"},{"floor":22,"key":"Boot"}],"event_choices":[{"event_name":"Living Wall","player_choice":"Change","floor":2,"damage_taken":0},{"event_name":"Golden Wing","player_choice":"Card Removal","floor":3,"damage_taken":0},{"event_name":"Transmorgrifier","player_choice":"Transform","floor":10,"damage_taken":0},{"event_name":"Match and Keep!","player_choice":"1 cards matched","floor":12,"damage_taken":0},{"event_name":"Match and Keep!","player_choice":"0 cards matched","floor":20,"damage_taken":0}],"boss_relics":[{"not_picked":["Runic Pyramid","Calling Bell"],"picked":"Nuclear Battery"}],"items_purged_floors":[],"potions_floor_spawned":[6,13,16,18,21],"seed_played":"-2294613840407972879","killed_by":"Slavers","ascension_level":3,"potions_obtained":[{"floor":6,"key":"Poison Potion"},{"floor":13,"key":"Dexterity Potion"},{"floor":16,"key":"Poison Potion"},{"floor":21,"key":"LiquidBronze"}],"is_trial":false}