{"gold_per_floor":[113,113,124,124,98,98,151,182,206,206,206,220,220,239,239,370,370,390,489,513,513,259,259,259,259,259,272,289,301,37,51,51,51],"floor_reached":33,"playtime":1891,"items_purged":[],"score":270,"play_id":"3dee34bf-94c2-447e-94b1-f05dbf7697e5","local_time":"20190207202719","is_ascension_mode":true,"campfire_choices":[{"floor":6,"key":"REST"},{"floor":10,"key":"REST"},{"data":"Injury","floor":13,"key":"PURGE"},{"data":"Well Laid Plans","floor":15,"key":"SMITH"},{"floor":23,"key":"REST"},{"floor":32,"key":"REST"}],"neow_cost":"CURSE","seed_source_timestamp":2272458270270020,"circlet_count":0,"master_deck":["Defend_G","Defend_G","Defend_G","Defend_G","Defend_G","Strike_G","Strike_G","Strike_G","Strike_G","Strike_G","Survivor","Neutralize","Well Laid Plans+1","PiercingWail","Deadly Poison","Prepared","Dagger Throw","Dagger Spray","Envenom","Deadly Poison","Dagger Spray","Bouncing Flask","Dagger Throw","Bouncing Flask","Escape Plan","Backflip","Panache","Escape Plan","Flying Knee+1","Well Laid Plans+1","Acrobatics","Grand Finale+1","Catalyst"],"relics":["Ring of the Snake","Peace Pipe","Oddly Smooth Stone","Strawberry","Bag of Preparation","Bloody Idol","Orrery","Ninja Scroll","Molten Egg 2","TwistedFunnel"],"potions_floor_usage":[27,29,33,33,33],"damage_taken":[{"damage":4,"enemies":"Jaw Worm","floor":1,"turns":5},{"damage":5,"enemies":"Small Slimes","floor":3,"turns":4},{"damage":24,"enemies":"3 Sentries","floor":8,"turns":14},{"damage":0,"enemies":"2 Louse","floor":12,"turns":2},{"damage":3,"enemies":"Blue Slaver","floor":14,"turns":4},{"damage":43,"enemies":"Hexaghost","floor":16,"turns":16},{"damage":24,"enemies":"Spheric Guardian","floor":18,"turns":5},{"damage":8,"enemies":"Chosen","floor":20,"turns":5},{"damage":20,"enemies":"Centurion and Healer","floor":27,"turns":9},{"damage":27,"enemies":"Snake Plant","floor":28,"turns":4},{"damage":18,"enemies":"Snecko","floor":29,"turns":4},{"damage":1,"enemies":"3 Cultists","floor":31,"turns":4},{"damage":71,"enemies":"Collector","floor":33,"turns":5}],"seed_played":"-2279729394863460301","potions_obtained":[{"floor":3,"key":"Energy Potion"},{"floor":12,"key":"SpeedPotion"},{"floor":16,"key":"Poison Potion"},{"floor":29,"key":"SkillPotion"},{"floor":31,"key":"Energy Potion"}],"is_trial":false,"path_per_floor":["M","?","M","?","$","R","T","E","T","R","?","M","R","M","R","B",null,"M","?","M","?","$","R","?","T","T","M","M","M","$","M","R","B"],"character_chosen":"THE_SILENT","items_purchased":["Deadly Poison","Panache","Escape Plan","TwistedFunnel","Grand Finale+1"],"campfire_rested":4,"item_purchase_floors":[5,22,22,30,30],"current_hp_per_floor":[66,71,66,59,59,75,75,58,58,82,82,82,82,79,79,36,82,58,58,50,50,50,74,74,74,74,59,37,24,24,28,52,0],"gold":51,"neow_bonus":"ONE_RARE_RELIC","is_prod":false,"is_daily":false,"chose_seed":false,"campfire_upgraded":1,"win_rate":0,"timestamp":1549542439,"path_taken":["M","?","M","?","$","R","?","E","T","R","?","M","R","M","R","BOSS","M","?","M","?","$","R","?","?","T","?","M","M","$","M","R","BOSS"],"build_version":"2019-01-23","purchased_purges":0,"victory":false,"max_hp_per_floor":[70,75,75,75,75,75,75,82,82,82,82,82,82,82,82,82,82,82,82,82,82,82,82,82,82,82,82,82,82,82,82,82,82],"card_choices":[{"not_picked":["Noxious Fumes","Riddle With Holes"],"picked":"Well Laid Plans","floor":1},{"not_picked":["Caltrops","Blade Dance"],"picked":"PiercingWail","floor":3},{"not_picked":["Sucker Punch","Endless Agony"],"picked":"Prepared","floor":8},{"not_picked":["Deflect","Reflex"],"picked":"Dagger Throw","floor":12},{"not_picked":["Prepared","Outmaneuver"],"picked":"Dagger Spray","floor":14},{"not_picked":["Grand Finale","Phantasmal Killer"],"picked":"Envenom","floor":16},{"not_picked":["Setup","Outmaneuver"],"picked":"Deadly Poison","floor":17},{"not_picked":["Slice","PiercingWail"],"picked":"Dagger Spray","floor":17},{"not_picked":["Underhanded Strike","Sucker Punch"],"picked":"Bouncing Flask","floor":17},{"not_picked":["Underhanded Strike","Flying Knee"],"picked":"Dagger Throw","floor":17},{"not_picked":["Prepared","All Out Attack"],"picked":"Bouncing Flask","floor":17},{"not_picked":["Deadly Poison","Dagger Throw"],"picked":"Escape Plan","floor":18},{"not_picked":["Dagger Throw","Underhanded Strike+1"],"picked":"Backflip","floor":20},{"not_picked":["Prepared","Outmaneuver"],"picked":"Flying Knee+1","floor":27},{"not_picked":["Sucker Punch+1","Underhanded Strike+1"],"picked":"Well Laid Plans+1","floor":28},{"not_picked":["Dagger Spray+1","Poisoned Stab+1"],"picked":"Acrobatics","floor":29},{"not_picked":["Dodge and Roll","Tactician"],"picked":"Catalyst","floor":31}],"player_experience":52799,"relics_obtained":[{"floor":7,"key":"Oddly Smooth Stone"},{"floor":8,"key":"Strawberry"},{"floor":9,"key":"Bag of Preparation"},{"floor":25,"key":"Ninja Scroll"},{"floor":26,"key":"Molten Egg 2"}],"event_choices":[{"damage_healed":0,"gold_gain":0,"player_choice":"Donut","damage_taken":0,"max_hp_gain":5,"max_hp_loss":0,"event_name":"Big Fish","floor":2,"gold_loss":0},{"cards_removed":["Decay"],"damage_healed":0,"gold_gain":0,"player_choice":"Card Removal","damage_taken":7,"max_hp_gain":0,"max_hp_loss":0,"event_name":"Golden Wing","floor":4,"gold_loss":0},{"damage_healed":0,"gold_gain":0,"player_choice":"Take Wound","damage_taken":0,"relics_obtained":["Golden Idol"],"max_hp_gain":0,"max_hp_loss":0,"event_name":"Golden Idol","floor":11,"gold_loss":0,"cards_obtained":["Injury"]},{"damage_healed":0,"gold_gain":99,"player_choice":"Stole From Cult","damage_taken":0,"max_hp_gain":0,"max_hp_loss":0,"event_name":"Nest","floor":19,"gold_loss":0},{"damage_healed":0,"gold_gain":0,"player_choice":"Gave Idol","damage_taken":0,"relics_obtained":["Bloody Idol"],"max_hp_gain":0,"max_hp_loss":0,"event_name":"Forgotten Altar","floor":21,"relics_lost":["Golden Idol"],"gold_loss":0},{"damage_healed":0,"gold_gain":0,"player_choice":"Ignored","damage_taken":0,"max_hp_gain":0,"max_hp_loss":0,"event_name":"Ghosts","floor":24,"gold_loss":0}],"is_beta":false,"boss_relics":[{"not_picked":["Snecko Eye","Black Star"],"picked":"Orrery"}],"items_purged_floors":[],"is_endless":false,"potions_floor_spawned":[3,12,16,29,31],"killed_by":"Collector","ascension_level":2}