{"gold_per_floor":[113,113,63,63,76,76,112,112,161,192,212,57,98,98,98,226,226,242,258,258,281,83,83],"floor_reached":23,"playtime":1416,"items_purged":[],"score":338,"play_id":"e2b4bb53-3f93-4551-aece-c46620f9a155","local_time":"20180719030056","is_ascension_mode":true,"campfire_choices":[{"data":"Twin Strike","floor":6,"key":"SMITH"},{"data":"Perfected Strike","floor":8,"key":"SMITH"},{"floor":15,"key":"REST"}],"neow_cost":"NONE","seed_source_timestamp":422324733523129,"circlet_count":0,"master_deck":["Defend_R","Defend_R","Defend_R","Bash+1","Twin Strike+1","Iron Wave","Iron Wave","Reckless Charge","Ghostly Armor+1","Bite","Bite","Bite","Bite","Bite","Anger","Ghostly Armor+1"],"relics":["Burning Blood","Golden Idol","Oddly Smooth Stone","Red Skull","Dream Catcher","Vajra","Bag of Marbles","Empty Cage","DollysMirror"],"potions_floor_usage":[10,23,23],"damage_taken":[{"damage":19,"enemies":"Jaw Worm","floor":1,"turns":4},{"damage":0,"enemies":"2 Louse","floor":5,"turns":2},{"damage":16,"enemies":"Gremlin Nob","floor":7,"turns":3},{"damage":8,"enemies":"Lagavulin","floor":10,"turns":4},{"damage":4,"enemies":"Small Slimes","floor":11,"turns":3},{"damage":0,"enemies":"Gremlin Nob","floor":13,"turns":2},{"damage":42,"enemies":"The Guardian","floor":16,"turns":10},{"damage":6,"enemies":"3 Byrds","floor":18,"turns":7},{"damage":18,"enemies":"Spheric Guardian","floor":19,"turns":4},{"damage":30,"enemies":"Chosen and Byrds","floor":21,"turns":8},{"damage":87,"enemies":"Gremlin Leader","floor":23,"turns":6}],"seed_played":"6914204591786251005","potions_obtained":[{"floor":1,"key":"PowerPotion"},{"floor":7,"key":"Energy Potion"},{"floor":13,"key":"Regen Potion"},{"floor":16,"key":"EssenceOfSteel"},{"floor":18,"key":"Ancient Potion"}],"is_trial":false,"path_per_floor":["M","?","?","?","M","R","E","R","T","E","M","$","E","?","R","B",null,"M","M","?","M","$"],"character_chosen":"IRONCLAD","items_purchased":["Vajra","DollysMirror"],"campfire_rested":1,"item_purchase_floors":[12,22],"current_hp_per_floor":[67,67,67,45,51,51,41,41,41,39,41,41,47,52,79,43,81,81,69,65,51,51,0],"gold":83,"neow_bonus":"TEN_PERCENT_HP_BONUS","is_prod":false,"is_daily":false,"chose_seed":false,"campfire_upgraded":2,"win_rate":0,"timestamp":1531987256,"path_taken":["M","?","?","?","M","R","E","R","T","E","M","$","E","?","R","BOSS","M","M","?","M","$","E"],"build_version":"2018-07-18","purchased_purges":0,"victory":false,"max_hp_per_floor":[88,88,88,88,88,88,88,88,88,88,88,88,88,93,93,93,93,93,93,65,65,65,65],"card_choices":[{"not_picked":["Sentinel","Ghostly Armor"],"picked":"Perfected Strike","floor":1},{"not_picked":["Sword Boomerang","Sentinel"],"picked":"Twin Strike","floor":5},{"not_picked":["Dropkick","Cleave","Twin Strike"],"picked":"SKIP","floor":7},{"not_picked":["Power Through","Shrug It Off"],"picked":"Iron Wave","floor":10},{"not_picked":["Carnage","Entrench"],"picked":"Iron Wave","floor":11},{"not_picked":["Iron Wave","Bloodletting","Blood for Blood"],"picked":"SKIP","floor":13},{"not_picked":["Body Slam+1","Inflame+1"],"picked":"Reckless Charge","floor":18},{"not_picked":["Clash","Corruption"],"picked":"Ghostly Armor+1","floor":19},{"not_picked":["Intimidate","Perfected Strike"],"picked":"Anger","floor":21}],"player_experience":282535,"relics_obtained":[{"floor":7,"key":"Oddly Smooth Stone"},{"floor":9,"key":"Red Skull"},{"floor":10,"key":"Dream Catcher"},{"floor":13,"key":"Bag of Marbles"}],"event_choices":[{"event_name":"Living Wall","player_choice":"Grow","floor":2,"damage_taken":0},{"event_name":"The Cleric","player_choice":"Card Removal","floor":3,"damage_taken":0},{"event_name":"Golden Idol","player_choice":"Take Damage","floor":4,"damage_taken":0},{"event_name":"Big Fish","player_choice":"Donut","floor":14,"damage_taken":0},{"event_name":"Vampires","player_choice":"Became a vampire","floor":20,"damage_taken":0}],"is_beta":true,"boss_relics":[{"not_picked":["Runic Dome","Black Blood"],"picked":"Empty Cage"}],"items_purged_floors":[],"is_endless":false,"potions_floor_spawned":[1,7,13,16,18,21],"killed_by":"Gremlin Leader","ascension_level":7}