{"gold_per_floor":[119,119,132,63,73,73,91,16,16,28,28,41,51,79,79,177,177,177,177,77,77,77,77,8,8,8,8,8,8,8],"floor_reached":30,"playtime":1415,"items_purged":["Strike_B","Strike_B"],"score":368,"play_id":"ceced57c-8d3c-4fcd-86a3-b51426f057d2","local_time":"20180717165006","is_ascension_mode":true,"campfire_choices":[{"data":"Dualcast","floor":6.0,"key":"SMITH"},{"data":"Leap","floor":11,"key":"SMITH"},{"floor":15,"key":"REST"},{"data":"Leap","floor":23,"key":"SMITH"},{"data":"Defragment","floor":25,"key":"SMITH"},{"floor":29,"key":"REST"}],"neow_cost":"NONE","seed_source_timestamp":0,"circlet_count":0,"master_deck":["Strike_B","Strike_B","Defend_B","Defend_B","Defend_B","Defend_B","Zap+1","Dualcast+1","AscendersBane","Capacitor","Loop","Self Repair","Leap+1","Melter","Electrodynamics","Leap+1","Defragment+1","Ball Lightning","Self Repair"],"special_seed":0,"relics":["Cracked Core","Lantern","Ancient Tea Set","Bottled Flame","Ectoplasm","Juzu Bracelet"],"potions_floor_usage":[10,14,21,30],"damage_taken":[{"damage":0.0,"enemies":"2 Louse","floor":1.0,"turns":2.0},{"damage":0.0,"enemies":"Cultist","floor":3.0,"turns":4.0},{"damage":0.0,"enemies":"Small Slimes","floor":5.0,"turns":4.0},{"damage":16.0,"enemies":"Blue Slaver","floor":7.0,"turns":3.0},{"damage":11,"enemies":"3 Louse","floor":10,"turns":4},{"damage":2,"enemies":"Large Slime","floor":12,"turns":7},{"damage":16,"enemies":"2 Fungi Beasts","floor":13,"turns":4},{"damage":23,"enemies":"Lagavulin","floor":14,"turns":6},{"damage":22,"enemies":"The Guardian","floor":16,"turns":16},{"damage":0,"enemies":"Spheric Guardian","floor":18,"turns":1},{"damage":0,"floor":21,"turns":1},{"damage":0,"enemies":"Chosen","floor":27,"turns":4},{"damage":43,"enemies":"Snecko","floor":28,"turns":6},{"damage":53,"enemies":"Slaver and Parasite","floor":30,"turns":5}],"seed_played":"-940989841037859989","potions_obtained":[{"floor":1.0,"key":"EssenceOfSteel"},{"floor":3.0,"key":"Block Potion"},{"floor":10,"key":"SmokeBomb"},{"floor":13,"key":"AttackPotion"},{"floor":27,"key":"FearPotion"},{"floor":28,"key":"Explosive Potion"}],"is_trial":false,"path_per_floor":["M","?","M","$","M","R","M","$","T","M","R","M","M","E","R","B",null,"M","?","$","?","$","R","$","R","T","M","M","R"],"character_chosen":"DEFECT","items_purchased":["Loop","Defragment"],"campfire_rested":2,"item_purchase_floors":[4,24],"current_hp_per_floor":[68,68,68,68,68,68,59,59,59,55,55,60,51,35,57,42,67,67,67,67,67,67,67,67,67,67,74,31,53,0],"gold":8,"neow_bonus":"RANDOM_COMMON_RELIC","is_prod":false,"is_daily":false,"chose_seed":false,"campfire_upgraded":4,"win_rate":0,"timestamp":1531860606,"path_taken":["M","?","M","?","M","R","M","$","T","M","R","?","M","E","R","BOSS","M","?","$","?","?","R","$","R","T","M","M","R","M"],"build_version":"2018-07-12","purchased_purges":2,"victory":false,"max_hp_per_floor":[75,75,75,75,75,75,75,75,75,75,75,75,75,75,75,75,75,75,75,75,75,75,75,75,75,75,75,75,75,75],"card_choices":[{"not_picked":["Lockon","Double Energy"],"picked":"Capacitor","floor":1.0},{"not_picked":["White Noise","Undo","Turbo"],"picked":"SKIP","floor":3.0},{"not_picked":["Conserve Battery","Rebound"],"picked":"Self Repair","floor":5.0},{"not_picked":["Ball Lightning","White Noise","Creative AI"],"picked":"SKIP","floor":7.0},{"not_picked":["Heatsinks","Compile Driver"],"picked":"Leap","floor":10},{"not_picked":["Compile Driver","Streamline"],"picked":"Melter","floor":12},{"not_picked":["Steam Power","Sunder","Turbo"],"picked":"SKIP","floor":13},{"not_picked":["Double Energy","Conserve Battery","Consume"],"picked":"SKIP","floor":14},{"not_picked":["Biased Cognition","Multi-Cast"],"picked":"Electrodynamics","floor":16},{"not_picked":["Auto Shields","Ball Lightning"],"picked":"Leap","floor":18},{"not_picked":["Beam Cell","Streamline+1"],"picked":"Ball Lightning","floor":27},{"not_picked":["Barrage","Turbo"],"picked":"Self Repair","floor":28}],"player_experience":1160579,"relics_obtained":[{"floor":9.0,"key":"Ancient Tea Set"},{"floor":14,"key":"Bottled Flame"},{"floor":26,"key":"Juzu Bracelet"}],"event_choices":[{"event_name":"Living Wall","player_choice":"Grow","floor":2.0,"damage_taken":0.0},{"event_name":"Vampires","player_choice":"Ignored","floor":19,"damage_taken":0},{"event_name":"Masked Bandits","player_choice":"Fought over 77 gold","floor":21,"damage_taken":0}],"boss_relics":[{"not_picked":["Coffee Dripper","Velvet Choker"],"picked":"Ectoplasm"}],"items_purged_floors":[8,20],"is_endless":false,"potions_floor_spawned":[1,3,10,13,27,28],"killed_by":"Slaver and Parasite","ascension_level":12}