{"gold_per_floor":[109,121,71,85,85,85,160,192,192,207,224,224,224,247,247,377,377,391,128,128,128,143,143,168,183,231,252,252,252,252,265,265,265],"floor_reached":33,"playtime":2047,"items_purged":["Strike_R"],"score":336,"play_id":"c5894153-dd3b-432c-99c8-03ce163662a8","local_time":"20180717205359","is_ascension_mode":true,"campfire_choices":[{"floor":6,"key":"REST"},{"floor":12,"key":"REST"},{"floor":15,"key":"REST"},{"floor":23,"key":"REST"},{"floor":28,"key":"REST"},{"floor":30,"key":"REST"},{"floor":32,"key":"REST"}],"neow_cost":"FIFTY_PERCENT_DAMAGE","seed_source_timestamp":337662304868337,"circlet_count":0,"master_deck":["Strike_R","Strike_R","Strike_R","Defend_R","Defend_R","Defend_R","Defend_R","Bash","Thunderclap","True Grit","Battle Trance","Infernal Blade","Shockwave","Rage+1","Fiend Fire","Whirlwind","Pommel Strike","Dark Embrace","Injury","Whirlwind","Havoc","Apotheosis","Inflame","Warcry","Havoc+1","Burning Pact"],"relics":["Burning Blood","Prayer Wheel","Blue Candle","Smiling Mask","Golden Idol","Lizard Tail","Orichalcum","Paper Frog"],"potions_floor_usage":[16,16,18,24,31,31,33],"damage_taken":[{"damage":1,"enemies":"Cultist","floor":1,"turns":4},{"damage":7,"enemies":"Jaw Worm","floor":2,"turns":4},{"damage":0,"enemies":"2 Louse","floor":4,"turns":3},{"damage":28,"enemies":"3 Sentries","floor":8,"turns":8},{"damage":12,"enemies":"2 Fungi Beasts","floor":10,"turns":3},{"damage":0,"enemies":"Large Slime","floor":11,"turns":3},{"damage":11,"enemies":"Gremlin Gang","floor":14,"turns":2},{"damage":75,"enemies":"Slime Boss","floor":16,"turns":12},{"damage":21,"enemies":"2 Thieves","floor":18,"turns":4},{"damage":34,"enemies":"Spheric Guardian","floor":22,"turns":4},{"damage":19,"enemies":"Snecko","floor":24,"turns":4},{"damage":30,"enemies":"Centurion and Healer","floor":25,"turns":6},{"damage":31,"enemies":"Cultist and Chosen","floor":27,"turns":5},{"damage":45,"enemies":"Snake Plant","floor":31,"turns":5},{"damage":110,"enemies":"Champ","floor":33,"turns":10}],"seed_played":"-5300047001704380582","potions_obtained":[{"floor":4,"key":"FearPotion"},{"floor":10,"key":"GamblersBrew"},{"floor":11,"key":"Swift Potion"},{"floor":14,"key":"LiquidBronze"},{"floor":16,"key":"AttackPotion"},{"floor":18,"key":"SkillPotion"},{"floor":25,"key":"FairyPotion"},{"floor":27,"key":"Block Potion"},{"floor":31,"key":"FearPotion"}],"is_trial":false,"path_per_floor":["M","M","?","M","?","R","?","E","T","M","M","R","?","M","R","B",null,"M","$","?","?","M","R","M","M","T","M","R","T","R","M","R"],"character_chosen":"IRONCLAD","items_purchased":["Apotheosis"],"campfire_rested":7,"item_purchase_floors":[19],"current_hp_per_floor":[41,40,40,46,46,70,59,37,37,31,37,61,61,56,80,11,63,48,48,48,48,20,44,31,7,7,14,38,38,62,23,47,0],"gold":265,"neow_bonus":"ONE_RARE_RELIC","is_prod":false,"is_daily":false,"chose_seed":false,"campfire_upgraded":0,"win_rate":0,"timestamp":1531875239,"path_taken":["M","M","?","M","?","R","?","E","T","?","M","R","?","M","R","BOSS","M","$","?","?","?","R","M","M","T","M","R","?","R","M","R","BOSS"],"build_version":"2018-07-12","purchased_purges":1,"victory":false,"max_hp_per_floor":[80,80,80,80,80,80,80,80,80,80,80,80,80,80,80,80,80,80,80,80,80,80,80,80,80,80,80,80,80,80,80,80,80],"card_choices":[{"not_picked":["Anger","Iron Wave"],"picked":"Thunderclap","floor":1},{"not_picked":["Combust","Warcry"],"picked":"True Grit","floor":1},{"not_picked":["Blood for Blood","Thunderclap"],"picked":"Battle Trance","floor":2},{"not_picked":["Twin Strike","Entrench"],"picked":"Infernal Blade","floor":2},{"not_picked":["Sword Boomerang","Cleave"],"picked":"Shockwave","floor":4},{"not_picked":["Reckless Charge","Barricade"],"picked":"Rage","floor":4},{"not_picked":["Clash","Pommel Strike"],"picked":"Fiend Fire","floor":8},{"not_picked":["Heavy Blade","Flame Barrier"],"picked":"Whirlwind","floor":10},{"not_picked":["Twin Strike","Perfected Strike"],"picked":"Pommel Strike","floor":10},{"not_picked":["Sentinel","Iron Wave"],"picked":"Dark Embrace","floor":11},{"not_picked":["Clash","True Grit","Evolve"],"picked":"SKIP","floor":11},{"not_picked":["Combust","Bloodletting"],"picked":"Whirlwind","floor":14},{"not_picked":["True Grit","Corruption","Whirlwind"],"picked":"SKIP","floor":14},{"not_picked":["Evolve","Seeing Red+1"],"picked":"Havoc","floor":18},{"not_picked":["Sword Boomerang","Flex","Heavy Blade"],"picked":"SKIP","floor":18},{"not_picked":["Wild Strike","Sentinel","Blood for Blood"],"picked":"SKIP","floor":22},{"not_picked":["Havoc","Sword Boomerang+1","Sentinel"],"picked":"SKIP","floor":22},{"not_picked":["Clothesline+1","Limit Break"],"picked":"Inflame","floor":24},{"not_picked":["Clash","True Grit","Twin Strike"],"picked":"SKIP","floor":24},{"not_picked":["Flame Barrier","Wild Strike"],"picked":"Warcry","floor":25},{"not_picked":["Warcry+1","Anger"],"picked":"Havoc+1","floor":25},{"not_picked":["Pommel Strike+1","Twin Strike"],"picked":"Burning Pact","floor":27},{"not_picked":["Ghostly Armor+1","Flex","Blood for Blood"],"picked":"SKIP","floor":27},{"not_picked":["Ghostly Armor+1","Sword Boomerang+1","Brutality"],"picked":"SKIP","floor":31},{"not_picked":["Heavy Blade","Headbutt","Metallicize"],"picked":"SKIP","floor":31}],"player_experience":1165648,"relics_obtained":[{"floor":8,"key":"Blue Candle"},{"floor":9,"key":"Smiling Mask"},{"floor":26,"key":"Orichalcum"},{"floor":29,"key":"Paper Frog"}],"event_choices":[{"event_name":"The Cleric","player_choice":"Card Removal","floor":3,"damage_taken":0},{"event_name":"Liars Game","player_choice":"disagreed","floor":5,"damage_taken":0},{"event_name":"World of Goop","player_choice":"Gather Gold","floor":7,"damage_taken":0},{"event_name":"Golden Idol","player_choice":"Take Wound","floor":13,"damage_taken":0},{"event_name":"Ghosts","player_choice":"Ignored","floor":20,"damage_taken":0},{"event_name":"Accursed Blacksmith","player_choice":"Forge","floor":21,"damage_taken":0}],"boss_relics":[{"not_picked":["Pandora\u0027s Box","Eternal Feather"],"picked":"Lizard Tail"}],"items_purged_floors":[19],"is_endless":false,"potions_floor_spawned":[4,10,11,14,16,18,25,27,31],"killed_by":"Champ","ascension_level":7}