{"gold_per_floor":[17,31,46,65,38,66,77,77,100,100,275,275,275,70,70,193,193,212,231,231,231,244,244,260,260,306,306,306,330,29,44,44,172,172,185,185,185,205,205],"floor_reached":39,"playtime":3328,"items_purged":["Doubt","Strike_R+1"],"score":479,"play_id":"fa0ab2c3-134d-4836-a678-738075eafea7","local_time":"20180706074434","is_ascension_mode":true,"campfire_choices":[{"floor":8.0,"key":"REST"},{"data":"Demon Form","floor":10.0,"key":"SMITH"},{"data":"Inflame","floor":12.0,"key":"SMITH"},{"floor":15.0,"key":"REST"},{"floor":23.0,"key":"REST"},{"data":"Limit Break","floor":25.0,"key":"SMITH"},{"data":"Whirlwind","floor":32.0,"key":"SMITH"}],"neow_cost":"NO_GOLD","seed_source_timestamp":0,"circlet_count":0,"master_deck":["Strike_R+1","Strike_R+1","Strike_R+1","Strike_R+1","Defend_R+1","Defend_R+1","Defend_R+1","Defend_R+1","Bash","Thunderclap","Inflame+1","Dropkick","Demon Form+1","Limit Break+1","Shrug It Off","Feed","Blood for Blood","Whirlwind+1","Bludgeon","Madness","Madness","Purity"],"special_seed":0,"relics":["Black Blood","Ice Cream","Bag of Preparation","Potion Belt","Golden Idol","Vajra","Boot","Lee\u0027s Waffle","Busted Crown"],"potions_floor_usage":[38],"damage_taken":[{"damage":8.0,"enemies":"2 Louse","floor":1.0,"turns":3.0},{"damage":13.0,"enemies":"Jaw Worm","floor":2.0,"turns":4.0},{"damage":4.0,"enemies":"Small Slimes","floor":3.0,"turns":4.0},{"damage":26.0,"enemies":"Exordium Wildlife","floor":4.0,"turns":5.0},{"damage":20.0,"enemies":"Lagavulin","floor":6.0,"turns":5.0},{"damage":3.0,"enemies":"3 Louse","floor":7.0,"turns":2.0},{"damage":43.0,"enemies":"The Guardian","floor":16.0,"turns":10.0},{"damage":0.0,"enemies":"Chosen","floor":18.0,"turns":4.0},{"damage":37.0,"enemies":"Spheric Guardian","floor":19.0,"turns":6.0},{"damage":32.0,"enemies":"Snake Plant","floor":22.0,"turns":4.0},{"damage":18.0,"enemies":"Centurion and Healer","floor":24.0,"turns":3.0},{"damage":4.0,"enemies":"Cultist and Chosen","floor":27.0,"turns":2.0},{"damage":46.0,"enemies":"Sentry and Sphere","floor":29.0,"turns":6.0},{"damage":12.0,"enemies":"Snecko","floor":31.0,"turns":4.0},{"damage":75.0,"enemies":"Collector","floor":33.0,"turns":6.0},{"damage":53,"enemies":"3 Darklings","floor":35,"turns":5},{"damage":22,"enemies":"Orb Walker","floor":38,"turns":4},{"damage":62,"enemies":"Maw","floor":39,"turns":6}],"seed_played":"5676586707326883582","potions_obtained":[{"floor":2.0,"key":"Energy Potion"},{"floor":3.0,"key":"Weak Potion"},{"floor":4.0,"key":"Dexterity Potion"},{"floor":16.0,"key":"LiquidBronze"},{"floor":18.0,"key":"FairyPotion"},{"floor":19.0,"key":"SkillPotion"},{"floor":20.0,"key":"SmokeBomb"},{"floor":20.0,"key":"SneckoOil"},{"floor":20.0,"key":"Weak Potion"},{"floor":24.0,"key":"Energy Potion"},{"floor":29.0,"key":"Explosive Potion"},{"floor":31.0,"key":"GamblersBrew"},{"floor":38,"key":"FairyPotion"}],"is_trial":false,"path_per_floor":["M","M","M","M","?","E","M","R","T","R","?","R","?","$","R","B",null,"M","M","?","?","M","R","M","R","T","M","?","M","$","M","R","B",null,"M","?","?","M"],"character_chosen":"IRONCLAD","items_purchased":["Limit Break","Shrug It Off","Lee\u0027s Waffle"],"campfire_rested":3,"item_purchase_floors":[],"current_hp_per_floor":[78,71,73,53,53,39,42,66,66,66,66,66,46,46,70,33,68,78,51,51,51,29,53,45,45,45,51,51,18,90,88,88,23,73,30,19,19,19,0],"gold":205,"neow_bonus":"ONE_RARE_RELIC","is_prod":false,"is_daily":false,"chose_seed":false,"campfire_upgraded":4,"win_rate":0,"timestamp":1530877474,"path_taken":["M","M","M","M","?","E","M","R","T","R","?","R","?","$","R","BOSS","M","M","?","?","M","R","?","R","T","M","?","M","$","M","R","BOSS","M","?","?","M","?"],"build_version":"2018-07-05","purchased_purges":2,"victory":false,"max_hp_per_floor":[80,80,80,80,80,80,80,80,80,80,80,80,80,80,80,80,80,80,80,80,80,80,80,80,80,80,80,80,83,90,90,90,90,90,90,90,90,90,90],"card_choices":[{"not_picked":["Headbutt","True Grit"],"picked":"Thunderclap","floor":1.0},{"not_picked":["Anger","Sentinel","Second Wind"],"picked":"SKIP","floor":2.0},{"not_picked":["Clothesline","Evolve"],"picked":"Inflame","floor":3.0},{"not_picked":["Iron Wave","Blood for Blood"],"picked":"Dropkick","floor":4.0},{"not_picked":["Pommel Strike","Dark Embrace"],"picked":"Demon Form","floor":6.0},{"not_picked":["Warcry","Sentinel","Rupture"],"picked":"SKIP","floor":7.0},{"not_picked":["Dark Embrace","Fiend Fire"],"picked":"Feed","floor":16.0},{"not_picked":["Carnage","Wild Strike+1"],"picked":"Blood for Blood","floor":18.0},{"not_picked":["Havoc","Evolve","Perfected Strike"],"picked":"SKIP","floor":19.0},{"not_picked":["Flex","Hemokinesis"],"picked":"Whirlwind","floor":22.0},{"not_picked":["Anger","True Grit","Fire Breathing"],"picked":"SKIP","floor":24.0},{"not_picked":["Clothesline","Second Wind","Dual Wield"],"picked":"SKIP","floor":29.0},{"not_picked":["Flex","Dark Embrace","Anger"],"picked":"SKIP","floor":31.0},{"not_picked":["Juggernaut","Berserk"],"picked":"Bludgeon","floor":33.0},{"not_picked":["Sword Boomerang+1"],"picked":"SKIP","floor":35},{"not_picked":[],"picked":"Purity","floor":37},{"not_picked":["Anger"],"picked":"SKIP","floor":38}],"player_experience":953132,"relics_obtained":[{"floor":6.0,"key":"Bag of Preparation"},{"floor":9.0,"key":"Potion Belt"},{"floor":26.0,"key":"Vajra"}],"event_choices":[{"event_name":"World of Goop","player_choice":"Left","floor":5.0,"damage_taken":0.0},{"event_name":"Liars Game","player_choice":"agreed","floor":11.0,"damage_taken":0.0},{"event_name":"Golden Idol","player_choice":"Take Damage","floor":13.0,"damage_taken":0.0},{"event_name":"The Lab","player_choice":"Got Potions","floor":20.0,"damage_taken":0.0},{"event_name":"Back to Basics","player_choice":"Simplicity","floor":21.0,"damage_taken":0.0},{"event_name":"Wheel of Change","player_choice":"Relic","floor":28.0,"damage_taken":0.0},{"event_name":"Winding Halls","player_choice":"Embrace Madness","floor":36,"damage_taken":0},{"event_name":"SensoryStone","player_choice":"Memory 1","floor":37,"damage_taken":0}],"boss_relics":[{"not_picked":["Empty Cage","Runic Pyramid"],"picked":"Black Blood"},{"not_picked":["Black Star","Runic Dome"],"picked":"Busted Crown"}],"items_purged_floors":[],"is_endless":false,"potions_floor_spawned":[2,3,4,16,18,19,24,29,31,38],"killed_by":"Maw","ascension_level":5}