{"gold_per_floor":[112,125,125,125,200,200,214,234,289,289,299,299,299,317,317,414,414,430,530,540,540,540,540,554,554,607,607,626,644,105,123,123,123],"floor_reached":33,"playtime":2002,"items_purged":["Strike_R"],"score":390,"play_id":"a8a561c9-7fa6-461e-b128-638ad551a824","local_time":"20180627125158","is_ascension_mode":true,"campfire_choices":[{"floor":6.0,"key":"REST"},{"data":"Strike_R","floor":10.0,"key":"PURGE"},{"data":"Parasite","floor":13.0,"key":"PURGE"},{"data":"Strike_R","floor":15.0,"key":"PURGE"},{"data":"Strike_R","floor":23,"key":"PURGE"},{"data":"Armaments","floor":25,"key":"SMITH"},{"floor":27,"key":"REST"},{"floor":32,"key":"REST"}],"neow_cost":"","seed_source_timestamp":419275962434447,"circlet_count":0,"master_deck":["Defend_R","Defend_R","Defend_R","Defend_R","Bash","Pummel","True Grit","Carnage","Twin Strike","Iron Wave","Disarm","Reaper","Twin Strike","Cleave","Armaments+1","Flex+1","Seeing Red","Thunderclap+1","Warcry+1"],"special_seed":0,"relics":["Burning Blood","Peace Pipe","Happy Flower","Bronze Scales","Eternal Feather","Self Forming Clay","Pen Nib","Regal Pillow","Dream Catcher","Tiny Chest"],"potions_floor_usage":[16,29,31],"damage_taken":[{"damage":3.0,"enemies":"2 Louse","floor":1.0,"turns":3.0},{"damage":2.0,"enemies":"Jaw Worm","floor":2.0,"turns":3.0},{"damage":10.0,"enemies":"Small Slimes","floor":7.0,"turns":5.0},{"damage":10.0,"enemies":"Looter","floor":8.0,"turns":3.0},{"damage":11.0,"enemies":"3 Louse","floor":11.0,"turns":2.0},{"damage":3.0,"enemies":"Blue Slaver","floor":14.0,"turns":2.0},{"damage":0,"enemies":"Slime Boss","floor":16,"turns":6},{"damage":42,"enemies":"Shell Parasite","floor":18,"turns":6},{"damage":12,"enemies":"3 Byrds","floor":20,"turns":3},{"damage":51,"enemies":"3 Cultists","floor":24,"turns":6},{"damage":18,"enemies":"Snake Plant","floor":28,"turns":5},{"damage":13,"enemies":"Centurion and Healer","floor":29,"turns":7},{"damage":19,"enemies":"Slaver and Parasite","floor":31,"turns":5},{"damage":90,"enemies":"Collector","floor":33,"turns":7}],"seed_played":"-9101123181129607780","potions_obtained":[{"floor":11.0,"key":"Strength Potion"},{"floor":14.0,"key":"FairyPotion"},{"floor":28,"key":"Dexterity Potion"},{"floor":29,"key":"SteroidPotion"}],"is_trial":false,"path_per_floor":["M","M","?","?","?","R","M","M","T","R","M","?","R","M","R","B",null,"M","?","M","T","?","R","M","R","T","R","M","M","$","M","R"],"character_chosen":"IRONCLAD","items_purchased":["Regal Pillow","Dream Catcher","Tiny Chest","Seeing Red"],"campfire_rested":3,"item_purchase_floors":[30,30,30,30],"current_hp_per_floor":[39,43,18,18,7,31,27,23,23,23,18,38,38,41,41,47,70,35,35,35,35,35,41,8,14,14,43,31,24,24,11,55,0],"gold":123,"neow_bonus":"","is_prod":false,"is_daily":false,"chose_seed":false,"campfire_upgraded":1,"win_rate":0,"timestamp":1530096718,"path_taken":["M","M","?","?","?","R","M","M","T","R","M","?","R","M","R","BOSS","M","?","M","?","?","R","M","R","T","R","M","M","$","M","R","BOSS"],"build_version":"2018-06-26","purchased_purges":1,"victory":false,"max_hp_per_floor":[80,80,80,80,80,80,80,80,80,80,80,80,77,77,77,77,77,77,77,77,77,77,77,77,77,77,77,77,77,77,77,77,77],"card_choices":[{"not_picked":["Armaments","Havoc"],"picked":"Pummel","floor":1.0},{"not_picked":["Havoc","Headbutt"],"picked":"True Grit","floor":2.0},{"not_picked":["Body Slam","Clash"],"picked":"Carnage","floor":7.0},{"not_picked":["Burning Pact","Flex"],"picked":"Twin Strike","floor":8.0},{"not_picked":["Dropkick","Inflame"],"picked":"Iron Wave","floor":11.0},{"not_picked":["Pommel Strike","Searing Blow"],"picked":"Disarm","floor":14.0},{"not_picked":["Offering","Berserk"],"picked":"Reaper","floor":16},{"not_picked":["Havoc+1","Intimidate"],"picked":"Twin Strike","floor":18},{"not_picked":["Clash","True Grit"],"picked":"Cleave","floor":20},{"not_picked":["Entrench","Evolve"],"picked":"Armaments","floor":24},{"not_picked":["Reckless Charge+1","Corruption"],"picked":"Flex+1","floor":28},{"not_picked":["Feel No Pain+1","Headbutt","Clash"],"picked":"SKIP","floor":29},{"not_picked":["Flex","Searing Blow"],"picked":"Thunderclap+1","floor":31},{"not_picked":["Reckless Charge","Rupture"],"picked":"Warcry+1","floor":32}],"player_experience":177827,"relics_obtained":[{"floor":9.0,"key":"Bronze Scales"},{"floor":21,"key":"Self Forming Clay"},{"floor":26,"key":"Pen Nib"}],"event_choices":[{"event_name":"Scrap Ooze","player_choice":"success","floor":3.0,"damage_taken":25.0},{"event_name":"Living Wall","player_choice":"Forget","floor":4.0,"damage_taken":0.0},{"event_name":"World of Goop","player_choice":"Gather Gold","floor":5.0,"damage_taken":0.0},{"event_name":"Mushrooms","player_choice":"Healed and dodged fight","floor":12.0,"damage_taken":0.0},{"event_name":"Golden Shrine","player_choice":"Pray","floor":19,"damage_taken":0},{"event_name":"Ghosts","player_choice":"Ignored","floor":22,"damage_taken":0}],"boss_relics":[{"not_picked":["Coffee Dripper","Black Blood"],"picked":"Eternal Feather"}],"items_purged_floors":[30],"is_endless":false,"potions_floor_spawned":[11,14,28,29],"killed_by":"Collector","ascension_level":7}