{"gold_per_floor":[116,66,85,101,101,101,131,99,124,142,158,158,158,158],"floor_reached":14,"playtime":628,"items_purged":[],"score":90,"play_id":"8b974ca1-6dbc-47e1-a58d-67d6b026b3a1","local_time":"20190110150315","is_ascension_mode":false,"campfire_choices":[{"data":"Poisoned Stab","floor":6,"key":"SMITH"}],"neow_cost":"NONE","seed_source_timestamp":1742069452352105,"circlet_count":0,"master_deck":["Defend_G","Defend_G","Defend_G","Defend_G","Strike_G","Strike_G","Strike_G","Strike_G","Strike_G","Survivor","Neutralize","Outmaneuver","Bane","Poisoned Stab+1","Sucker Punch","Noxious Fumes","Bane"],"relics":["Ring of the Snake","Shuriken","Smiling Mask","Art of War","Ornamental Fan"],"potions_floor_usage":[11,11,11],"damage_taken":[{"damage":3,"enemies":"Jaw Worm","floor":1,"turns":4},{"damage":10,"enemies":"Cultist","floor":3,"turns":5},{"damage":12,"enemies":"Small Slimes","floor":4,"turns":3},{"damage":34,"enemies":"3 Sentries","floor":7,"turns":8},{"damage":9,"enemies":"Blue Slaver","floor":10,"turns":5},{"damage":4,"enemies":"Gremlin Gang","floor":11,"turns":4},{"damage":6,"enemies":"Large Slime","floor":14,"turns":1}],"seed_played":"-816099560512913891","potions_obtained":[{"floor":4,"key":"Ancient Potion"},{"floor":7,"key":"Energy Potion"},{"floor":10,"key":"PowerPotion"}],"is_trial":false,"path_per_floor":["M","?","M","M","T","R","E","?","T","M","M","?","T","M"],"character_chosen":"THE_SILENT","items_purchased":[],"campfire_rested":0,"item_purchase_floors":[],"current_hp_per_floor":[74,74,64,52,52,52,18,18,18,9,5,5,5,0],"gold":158,"neow_bonus":"TEN_PERCENT_HP_BONUS","is_prod":false,"is_daily":false,"chose_seed":false,"campfire_upgraded":1,"win_rate":0.0,"timestamp":1547161395,"path_taken":["M","?","M","M","?","R","E","?","T","?","M","?","?","M"],"build_version":"2019-01-03v4","purchased_purges":0,"victory":false,"max_hp_per_floor":[77,77,77,77,77,77,77,77,77,77,77,77,77,77],"card_choices":[{"not_picked":["Dagger Spray","Flechettes"],"picked":"Outmaneuver","floor":1},{"not_picked":["Expertise","Outmaneuver"],"picked":"Bane","floor":3},{"not_picked":["Dagger Spray","Deflect"],"picked":"Poisoned Stab","floor":4},{"not_picked":["Heel Hook","Acrobatics"],"picked":"Sucker Punch","floor":7},{"not_picked":["Masterful Stab","Slice"],"picked":"Noxious Fumes","floor":10},{"not_picked":["PiercingWail","Deflect"],"picked":"Bane","floor":11}],"player_experience":101765,"relics_obtained":[{"floor":5,"key":"Shuriken"},{"floor":7,"key":"Smiling Mask"},{"floor":9,"key":"Art of War"},{"floor":13,"key":"Ornamental Fan"}],"event_choices":[{"cards_removed":["Defend_G"],"damage_healed":0,"gold_gain":0,"player_choice":"Card Removal","damage_taken":0,"max_hp_gain":0,"max_hp_loss":0,"event_name":"The Cleric","floor":2,"gold_loss":50},{"damage_healed":0,"gold_gain":0,"player_choice":"Left Gold","damage_taken":0,"max_hp_gain":0,"max_hp_loss":0,"event_name":"World of Goop","floor":8,"gold_loss":32},{"damage_healed":0,"gold_gain":0,"player_choice":"Fled","damage_taken":0,"max_hp_gain":0,"max_hp_loss":0,"event_name":"Scrap Ooze","floor":12,"gold_loss":0}],"is_beta":false,"boss_relics":[],"items_purged_floors":[],"is_endless":false,"potions_floor_spawned":[4,7,10],"killed_by":"Large Slime","ascension_level":0}