{"gold_per_floor":[115,127,127,127,139,139,170,170,170,170,43,43,57,18,18,97,97,113,123,137,137,154,154],"floor_reached":23,"playtime":3696,"items_purged":["Strike_R"],"score":334,"play_id":"b8f70d75-c3bc-4f56-9c8e-e26403c38969","local_time":"20180705161510","is_ascension_mode":true,"campfire_choices":[{"data":"Uppercut","floor":6.0,"key":"SMITH"},{"data":"Metallicize","floor":8.0,"key":"SMITH"},{"data":"Disarm","floor":10.0,"key":"SMITH"},{"data":"True Grit","floor":12.0,"key":"SMITH"},{"data":"Power Through","floor":15.0,"key":"SMITH"}],"neow_cost":"","seed_source_timestamp":561339616175937,"circlet_count":0,"master_deck":["Strike_R+1","Strike_R+1","Strike_R+1","Defend_R+1","Defend_R+1","Defend_R+1","Defend_R+1","Bash","AscendersBane","Intimidate","Metallicize+1","Warcry","Uppercut+1","Disarm+1","True Grit+1","Power Through","Power Through+1","Fiend Fire","Shrug It Off+1","Shrug It Off","Evolve","Metallicize"],"special_seed":0,"relics":["Burning Blood","War Paint","Question Card","Champion Belt","Vajra","Cursed Key"],"potions_floor_usage":[22,22,23],"damage_taken":[{"damage":2.0,"enemies":"Jaw Worm","floor":1.0,"turns":4.0},{"damage":0.0,"enemies":"Cultist","floor":2.0,"turns":3.0},{"damage":0.0,"enemies":"Small Slimes","floor":5.0,"turns":4.0},{"damage":12.0,"enemies":"Gremlin Nob","floor":7.0,"turns":5.0},{"damage":0.0,"enemies":"Blue Slaver","floor":13.0,"turns":5.0},{"damage":20.0,"enemies":"Hexaghost","floor":16.0,"turns":18.0},{"damage":16.0,"enemies":"Spheric Guardian","floor":18.0,"turns":9.0},{"damage":0,"enemies":"3 Byrds","floor":19,"turns":10},{"damage":3,"enemies":"Snecko","floor":20,"turns":7},{"damage":26,"enemies":"3 Cultists","floor":22,"turns":10},{"damage":47,"enemies":"Gremlin Leader","floor":23,"turns":10}],"seed_played":"-2874625318964091838","potions_obtained":[{"floor":2.0,"key":"Block Potion"},{"floor":5.0,"key":"Weak Potion"},{"floor":18.0,"key":"Block Potion"},{"floor":22,"key":"LiquidBronze"}],"is_trial":false,"path_per_floor":["M","M","?","?","M","R","E","R","T","R","$","R","M","$","R","B",null,"M","M","M","?","M"],"character_chosen":"IRONCLAD","items_purchased":["True Grit","Power Through"],"campfire_rested":0,"item_purchase_floors":[],"current_hp_per_floor":[72,75,75,30,36,36,30,30,30,30,30,30,36,36,36,22,62,52,58,61,61,41,0],"gold":154,"neow_bonus":"","is_prod":false,"is_daily":false,"chose_seed":false,"campfire_upgraded":5,"win_rate":0,"timestamp":1530800110,"path_taken":["M","M","?","?","?","R","E","R","T","R","$","R","M","?","R","BOSS","M","M","M","?","M","E"],"build_version":"2018-07-04","purchased_purges":1,"victory":false,"max_hp_per_floor":[75,75,75,75,75,75,75,75,75,75,75,75,75,75,75,75,75,75,75,75,75,75,75],"card_choices":[{"not_picked":["Twin Strike","Cleave"],"picked":"Intimidate","floor":1.0},{"not_picked":["Thunderclap","Blood for Blood"],"picked":"Metallicize","floor":2.0},{"not_picked":["Flex","Twin Strike","Pummel"],"picked":"Uppercut","floor":5.0},{"not_picked":["Wild Strike","Havoc","Body Slam"],"picked":"Disarm","floor":7.0},{"not_picked":["Body Slam","Warcry","Pummel"],"picked":"Power Through","floor":13.0},{"not_picked":["Juggernaut","Brutality","Exhume"],"picked":"Fiend Fire","floor":16.0},{"not_picked":["Heavy Blade","Perfected Strike","Second Wind"],"picked":"Shrug It Off+1","floor":18.0},{"not_picked":["Perfected Strike","Sword Boomerang","Armaments"],"picked":"Shrug It Off","floor":19},{"not_picked":["Wild Strike","Twin Strike","Havoc"],"picked":"Evolve","floor":20},{"not_picked":["Thunderclap","Spot Weakness","Rage"],"picked":"Metallicize","floor":22}],"player_experience":266887,"relics_obtained":[{"floor":7.0,"key":"Champion Belt"},{"floor":9.0,"key":"Vajra"}],"event_choices":[{"event_name":"Transmorgrifier","player_choice":"Transform","floor":3.0,"damage_taken":0.0},{"event_name":"Scrap Ooze","player_choice":"success","floor":4.0,"damage_taken":45.0},{"event_name":"Back to Basics","player_choice":"Simplicity","floor":21,"damage_taken":0}],"boss_relics":[{"not_picked":["Orrery","Astrolabe"],"picked":"Cursed Key"}],"items_purged_floors":[],"is_endless":false,"potions_floor_spawned":[2,5,18,22],"killed_by":"Gremlin Leader","ascension_level":15}