{"path_per_floor":["M","M","$","?","?","E","R","M","T","M","M","T","M","M","R","B",null,"M","$","M","M"],"character_chosen":"THE_SILENT","items_purchased":["Caltrops","Dodge and Roll","Noxious Fumes","Catalyst"],"gold_per_floor":[112,130,5,5,5,33,33,52,52,63,75,75,86,101,101,203,203,219,3,13,23,23],"floor_reached":22,"campfire_rested":2,"playtime":1333,"item_purchase_floors":[3,3,19,19],"current_hp_per_floor":[70,70,70,70,75,28,50,46,46,30,13,13,11,13,36,21,79,62,62,54,31,0],"items_purged":["Strike_G"],"gold":23,"score":228,"play_id":"e9a0c9be-16c3-4493-8469-dbb0f15bf883","local_time":"20180619225352","is_prod":false,"is_daily":false,"chose_seed":false,"is_ascension_mode":true,"campfire_upgraded":0,"win_rate":0,"timestamp":1529463232,"campfire_choices":[{"floor":7,"key":"REST"},{"floor":15,"key":"REST"}],"path_taken":["M","M","$","?","?","E","R","M","T","M","M","?","M","?","R","BOSS","M","$","M","M","M"],"build_version":"2018-06-14v2","seed_source_timestamp":501210383766546,"purchased_purges":1,"victory":false,"master_deck":["Defend_G","Defend_G","Defend_G","Strike_G","Survivor","Neutralize","Noxious Fumes","Backflip","Caltrops","Dodge and Roll","Poisoned Stab","Infinite Blades","Infinite Blades","Choke","Tools of the Trade","Venomology+1","Corpse Explosion+1","Footwork+1","Blade Dance","Noxious Fumes","Catalyst","Dagger Spray"],"max_hp_per_floor":[70,70,70,70,75,75,75,75,75,75,75,75,77,79,79,79,79,79,79,81,81,81],"relics":["Ring of the Snake","Paper Crane","Singing Bowl","Peace Pipe","Astrolabe"],"card_choices":[{"not_picked":["Outmaneuver","Cloak And Dagger"],"picked":"Noxious Fumes","floor":1},{"not_picked":["Dodge and Roll","Malaise"],"picked":"Backflip","floor":2},{"not_picked":["Dodge and Roll","Acrobatics"],"picked":"Poisoned Stab","floor":6},{"not_picked":["Slice","Quick Slash"],"picked":"Infinite Blades","floor":8},{"not_picked":["Sucker Punch","Dagger Spray"],"picked":"Infinite Blades","floor":10},{"not_picked":["Acrobatics","Calculated Gamble"],"picked":"Choke","floor":11},{"not_picked":["Flying Knee","Well Laid Plans","Underhanded Strike"],"picked":"Singing Bowl","floor":13},{"not_picked":["Outmaneuver","Choke","Dodge and Roll"],"picked":"Singing Bowl","floor":14},{"not_picked":["Venomology","Tactician"],"picked":"Tools of the Trade","floor":16},{"not_picked":["PiercingWail","Outmaneuver"],"picked":"Blade Dance","floor":18},{"not_picked":["Expertise","Heel Hook","Slice+1"],"picked":"Singing Bowl","floor":20},{"not_picked":["Acrobatics","Night Terror"],"picked":"Dagger Spray","floor":21}],"player_experience":660479,"potions_floor_usage":[6,16,16,20,21,22],"damage_taken":[{"damage":0,"enemies":"Small Slimes","floor":1,"turns":5},{"damage":0,"enemies":"Cultist","floor":2,"turns":4},{"damage":47,"enemies":"Lagavulin","floor":6,"turns":9},{"damage":4,"enemies":"Jaw Worm","floor":8,"turns":3},{"damage":16,"enemies":"Looter","floor":10,"turns":3},{"damage":17,"enemies":"Large Slime","floor":11,"turns":8},{"damage":4,"enemies":"Blue Slaver","floor":13,"turns":5},{"damage":0,"enemies":"Red Slaver","floor":14,"turns":4},{"damage":15,"enemies":"The Guardian","floor":16,"turns":11},{"damage":17,"enemies":"Shell Parasite","floor":18,"turns":7},{"damage":10,"enemies":"Spheric Guardian","floor":20,"turns":5},{"damage":23,"enemies":"Snecko","floor":21,"turns":6},{"damage":31,"enemies":"Centurion and Healer","floor":22,"turns":2}],"relics_obtained":[{"floor":6,"key":"Paper Crane"},{"floor":9,"key":"Singing Bowl"},{"floor":12,"key":"Peace Pipe"}],"event_choices":[{"event_name":"Purifier","player_choice":"One Purge","floor":4,"damage_taken":0},{"event_name":"Big Fish","player_choice":"Donut","floor":5,"damage_taken":0}],"boss_relics":[{"not_picked":["Snecko Eye","Coffee Dripper"],"picked":"Astrolabe"}],"items_purged_floors":[19],"is_endless":false,"potions_floor_spawned":[2,8,11,14,20,21],"seed_played":"3159893981861802716","killed_by":"Centurion and Healer","ascension_level":4,"potions_obtained":[{"floor":2,"key":"LiquidBronze"},{"floor":8,"key":"GhostInAJar"},{"floor":11,"key":"GamblersBrew"},{"floor":14,"key":"FearPotion"},{"floor":20,"key":"Explosive Potion"},{"floor":21,"key":"Ancient Potion"}],"is_trial":false}