{"gold_per_floor":[112,112,129,129,149,149,183,18,18,52,52,68,79,0,0,74,74,90,15,65,65],"floor_reached":21,"playtime":676,"items_purged":[],"score":355,"play_id":"c722b3af-bb78-4db6-bd83-95cd0d250c6e","local_time":"20181231230234","is_ascension_mode":true,"campfire_choices":[{"data":"Streamline","floor":6,"key":"SMITH"},{"floor":11,"key":"REST"},{"floor":15,"key":"REST"}],"neow_cost":"NONE","seed_source_timestamp":1020701465490271,"circlet_count":0,"master_deck":["AscendersBane","Defend_B","Defend_B","Defend_B","Zap","Dualcast","Loop","Loop","Streamline+1","Consume","Leap","Storm","Cold Snap","BootSequence","Capacitor","Hologram","Storm","Creative AI","Cold Snap+1","Conserve Battery+1","Barrage"],"relics":["Cracked Core","NeowsBlessing","Ginger","Dead Branch","Astrolabe"],"potions_floor_usage":[10,16],"damage_taken":[{"damage":0,"enemies":"Jaw Worm","floor":1,"turns":1},{"damage":0,"enemies":"Small Slimes","floor":3,"turns":1},{"damage":0,"enemies":"Cultist","floor":5,"turns":1},{"damage":32,"enemies":"Gremlin Nob","floor":7,"turns":4},{"damage":21,"enemies":"3 Sentries","floor":10,"turns":6},{"damage":3,"enemies":"Blue Slaver","floor":12,"turns":4},{"damage":3,"enemies":"3 Louse","floor":13,"turns":3},{"damage":21,"enemies":"Slime Boss","floor":16,"turns":8},{"damage":29,"enemies":"Spheric Guardian","floor":18,"turns":7},{"damage":32,"enemies":"Chosen","floor":21,"turns":5}],"seed_played":"3930449911796511915","potions_obtained":[{"floor":1,"key":"LiquidBronze"},{"floor":7,"key":"Block Potion"},{"floor":12,"key":"GamblersBrew"}],"is_trial":false,"path_per_floor":["M","?","M","?","M","R","E","$","T","E","R","M","M","$","R","B",null,"M","?","?","M"],"character_chosen":"DEFECT","items_purchased":["Leap","Storm","Cold Snap","Storm"],"campfire_rested":2,"item_purchase_floors":[8,8,8,14],"current_hp_per_floor":[64,57,57,57,57,57,25,25,25,4,25,22,19,19,40,19,58,29,29,29,0],"gold":65,"neow_bonus":"THREE_ENEMY_KILL","is_prod":false,"is_daily":false,"chose_seed":false,"campfire_upgraded":1,"win_rate":0,"timestamp":1546315354,"path_taken":["M","?","M","?","M","R","E","$","T","E","R","?","M","$","R","BOSS","M","?","?","?"],"build_version":"2018-12-20","purchased_purges":0,"victory":false,"max_hp_per_floor":[71,71,71,71,71,71,71,71,71,71,71,71,71,71,71,71,71,71,71,71,71],"card_choices":[{"not_picked":["Barrage","Fusion"],"picked":"Loop","floor":1},{"not_picked":["Blizzard","Reprogram"],"picked":"Loop","floor":3},{"not_picked":["Stack","Sweeping Beam"],"picked":"Streamline","floor":5},{"not_picked":["Hologram","Steam"],"picked":"Consume","floor":7},{"not_picked":["Skim","Tempest"],"picked":"BootSequence","floor":10},{"not_picked":["Compile Driver","Auto Shields"],"picked":"Capacitor","floor":12},{"not_picked":["Gash","Rebound"],"picked":"Hologram","floor":13},{"not_picked":["All For One","Multi-Cast"],"picked":"Creative AI","floor":16},{"not_picked":["Darkness","Sweeping Beam"],"picked":"Barrage","floor":18}],"player_experience":1975896,"relics_obtained":[{"floor":7,"key":"Ginger"},{"floor":10,"key":"Dead Branch"}],"event_choices":[{"cards_removed":["Strike_B"],"damage_healed":0,"gold_gain":0,"player_choice":"Card Removal","damage_taken":7,"max_hp_gain":0,"max_hp_loss":0,"event_name":"Golden Wing","floor":2,"gold_loss":0},{"cards_removed":["Strike_B"],"damage_healed":0,"gold_gain":0,"player_choice":"Offered Basic","damage_taken":0,"max_hp_gain":0,"max_hp_loss":0,"event_name":"Bonfire Elementals","floor":4,"gold_loss":0},{"cards_removed":["Scrape"],"damage_healed":0,"gold_gain":0,"player_choice":"Gave Gold","damage_taken":0,"max_hp_gain":0,"max_hp_loss":0,"event_name":"Beggar","floor":19,"gold_loss":75},{"damage_healed":0,"gold_gain":50,"player_choice":"Pray","damage_taken":0,"max_hp_gain":0,"max_hp_loss":0,"event_name":"Golden Shrine","floor":20,"gold_loss":0}],"is_beta":false,"boss_relics":[{"not_picked":["Calling Bell","Black Star"],"picked":"Astrolabe"}],"items_purged_floors":[],"is_endless":false,"potions_floor_spawned":[1,7,12],"killed_by":"Chosen","ascension_level":18}