{"gold_per_floor":[119,119,119,138,138,138,28,28,28,46,46,78,97,107,107,210,210,199,209,3,19,39,39,39,0,0,0,10,22,38,48,48,153,153,173,183,183,201,212,212,212,222,247,247,258,258,30,30,30,30],"floor_reached":50,"playtime":5795,"items_purged":["Injury"],"score":582,"play_id":"526b5f0e-d687-47cf-9b75-22d74bd7cacd","local_time":"20180625194534","is_ascension_mode":true,"campfire_choices":[{"floor":6,"key":"REST"},{"data":"Chill","floor":8,"key":"SMITH"},{"floor":15,"key":"REST"},{"floor":23,"key":"REST"},{"floor":32,"key":"REST"},{"floor":40,"key":"REST"},{"floor":44,"key":"REST"},{"data":"Glacier","floor":46,"key":"SMITH"},{"data":"Force Field","floor":49,"key":"SMITH"}],"neow_cost":"NONE","seed_source_timestamp":81633889339845,"circlet_count":0,"master_deck":["Strike_B","Defend_B","Defend_B","Defend_B","Defend_B","Zap+1","Dualcast","Redo","Fission","Chill+1","Self Repair","Reinforced Body","Turbo","Glacier+1","Storm+1","Steam Power","Machine Learning+1","Hello World+1","Coolheaded","Apotheosis+1","Cold Snap","Doom and Gloom","Melter","Stack","Force Field+1","Buffer+1","Creative AI+1"],"relics":["Cracked Core","Mercury Hourglass","Toolbox","Frozen Egg 2","Velvet Choker","Mummified Hand","Happy Flower","Enchiridion","Busted Crown","Bronze Scales","DataDisk"],"potions_floor_usage":[16,16,16,21,42,50,50,50],"damage_taken":[{"damage":7,"enemies":"Small Slimes","floor":1,"turns":3},{"damage":7,"enemies":"Jaw Worm","floor":4,"turns":3},{"damage":0,"enemies":"Cultist","floor":10,"turns":3},{"damage":21,"enemies":"3 Sentries","floor":12,"turns":7},{"damage":18,"enemies":"Exordium Thugs","floor":13,"turns":7},{"damage":0,"enemies":"3 Louse","floor":14,"turns":3},{"damage":31,"enemies":"Slime Boss","floor":16,"turns":14},{"damage":18,"enemies":"2 Thieves","floor":18,"turns":4},{"damage":0,"enemies":"3 Byrds","floor":19,"turns":3},{"damage":24,"enemies":"3 Cultists","floor":21,"turns":7},{"damage":13,"enemies":"Sentry and Sphere","floor":22,"turns":7},{"damage":1,"enemies":"Centurion and Healer","floor":28,"turns":7},{"damage":32,"enemies":"Snake Plant","floor":29,"turns":4},{"damage":0,"enemies":"3 Cultists","floor":30,"turns":3},{"damage":14,"enemies":"Snecko","floor":31,"turns":5},{"damage":61,"enemies":"Champ","floor":33,"turns":12},{"damage":19,"enemies":"3 Darklings","floor":35,"turns":5},{"damage":16,"enemies":"3 Shapes","floor":36,"turns":4},{"damage":12,"enemies":"3 Darklings","floor":38,"turns":3},{"damage":12,"enemies":"Maw","floor":39,"turns":7},{"damage":2,"enemies":"4 Shapes","floor":42,"turns":4},{"damage":7,"enemies":"Sphere and 2 Shapes","floor":45,"turns":2},{"damage":94,"enemies":"Awakened One","floor":50,"turns":10}],"seed_played":"-3290698498649829313","potions_obtained":[{"floor":10,"key":"Weak Potion"},{"floor":12,"key":"EssenceOfSteel"},{"floor":14,"key":"FocusPotion"},{"floor":19,"key":"Explosive Potion"},{"floor":30,"key":"Block Potion"},{"floor":31,"key":"Energy Potion"},{"floor":33,"key":"Dexterity Potion"},{"floor":42,"key":"Explosive Potion"}],"is_trial":false,"path_per_floor":["M","?","T","M","?","R","$","R","T","M","?","E","M","M","R","B",null,"M","M","$","M","M","R","T","?","T","?","M","M","M","M","R","B",null,"M","M","?","M","M","R","?","M","T","R","M","R","$","$","R"],"character_chosen":"DEFECT","items_purchased":["Self Repair","Reinforced Body","Apotheosis","DataDisk"],"campfire_rested":6,"item_purchase_floors":[7,7,20,47],"current_hp_per_floor":[61,61,61,54,54,75,75,75,75,75,75,61,50,57,75,51,69,58,65,65,51,48,70,70,70,70,54,63,38,48,41,63,12,59,50,44,44,32,30,52,52,50,50,72,75,75,75,75,75,0],"gold":30,"neow_bonus":"UPGRADE_CARD","is_prod":false,"is_daily":false,"chose_seed":false,"campfire_upgraded":3,"win_rate":0,"timestamp":1529970334,"path_taken":["M","?","?","M","?","R","$","R","T","M","?","E","M","?","R","BOSS","M","M","$","M","M","R","?","?","T","?","M","M","M","M","R","BOSS","M","M","?","M","?","R","?","M","T","R","?","R","?","$","R","BOSS"],"build_version":"2018-06-21v2","purchased_purges":1,"victory":false,"max_hp_per_floor":[75,75,75,75,75,75,75,75,75,75,75,75,75,75,75,75,75,75,75,75,75,75,75,75,75,75,75,75,75,75,75,75,75,75,75,75,75,75,75,75,75,75,75,75,75,75,75,75,75,75],"card_choices":[{"not_picked":["Compile Driver","Sweeping Beam"],"picked":"Redo","floor":1},{"not_picked":["Turbo","Stack"],"picked":"Chill","floor":4},{"not_picked":["Stack","Gash"],"picked":"Turbo","floor":10},{"not_picked":["Barrage","Compile Driver"],"picked":"Glacier","floor":12},{"not_picked":["Streamline","BootSequence"],"picked":"Storm+1","floor":13},{"not_picked":["Rip and Tear","Hyperbeam"],"picked":"Steam Power","floor":14},{"not_picked":["Buffer+1","All For One"],"picked":"Machine Learning+1","floor":16},{"not_picked":["Chill","Hologram"],"picked":"Hello World+1","floor":18},{"not_picked":["Gash+1","Melter"],"picked":"Coolheaded","floor":19},{"not_picked":["Barrage","Auto Shields"],"picked":"Cold Snap","floor":21},{"not_picked":["BootSequence+1","Leap+1"],"picked":"Doom and Gloom","floor":22},{"not_picked":["Reprogram","FTL"],"picked":"Melter","floor":28},{"not_picked":["Go for the Eyes+1","Sweeping Beam"],"picked":"Stack","floor":29},{"not_picked":["Leap","Loop+1"],"picked":"Force Field","floor":30},{"not_picked":["Streamline","Coolheaded"],"picked":"Buffer+1","floor":31},{"not_picked":["Hyperbeam","Fission"],"picked":"Creative AI+1","floor":33},{"not_picked":["Ball Lightning"],"picked":"SKIP","floor":35},{"not_picked":["Conserve Battery+1"],"picked":"SKIP","floor":36},{"not_picked":["Gash"],"picked":"SKIP","floor":38},{"not_picked":["Sweeping Beam"],"picked":"SKIP","floor":39},{"not_picked":["Undo+1"],"picked":"SKIP","floor":42},{"not_picked":["Doom and Gloom"],"picked":"SKIP","floor":45}],"player_experience":763258,"relics_obtained":[{"floor":3,"key":"Mercury Hourglass"},{"floor":9,"key":"Toolbox"},{"floor":12,"key":"Frozen Egg 2"},{"floor":24,"key":"Mummified Hand"},{"floor":26,"key":"Happy Flower"},{"floor":27,"key":"Enchiridion"},{"floor":43,"key":"Bronze Scales"}],"event_choices":[{"event_name":"Living Wall","player_choice":"Change","floor":2,"damage_taken":0},{"event_name":"Bonfire Elementals","player_choice":"BASIC","floor":5,"damage_taken":0},{"event_name":"Purifier","player_choice":"One Purge","floor":11,"damage_taken":0},{"event_name":"Masked Bandits","player_choice":"Paid Bandits 39 gold","floor":25,"damage_taken":0},{"event_name":"Cursed Tome","player_choice":"Obtained Book","floor":27,"damage_taken":0},{"event_name":"Accursed Blacksmith","player_choice":"Forge","floor":37,"damage_taken":0},{"event_name":"Tomb of Lord Red Mask","player_choice":"Ignored","floor":41,"damage_taken":0}],"boss_relics":[{"not_picked":["Calling Bell","Coffee Dripper"],"picked":"Velvet Choker"},{"not_picked":["Runic Pyramid","Astrolabe"],"picked":"Busted Crown"}],"items_purged_floors":[47],"is_endless":false,"potions_floor_spawned":[10,12,14,19,30,31,33,35,38,42],"killed_by":"Awakened One","ascension_level":6}