{"gold_per_floor":[117,134,146,146,146,146,156,81,81,81,99,54,54,70,70,70],"floor_reached":16,"playtime":635,"items_purged":["Strike_R"],"score":110,"play_id":"a716b874-4968-4d65-af3f-1600e89dc7d4","local_time":"20180627212543","is_ascension_mode":true,"campfire_choices":[{"data":"Rampage","floor":6,"key":"SMITH"},{"data":"Warcry","floor":10,"key":"SMITH"},{"data":"True Grit","floor":15,"key":"SMITH"}],"neow_cost":"NONE","seed_source_timestamp":265586304003150,"circlet_count":0,"master_deck":["Strike_R","Strike_R","Strike_R","Strike_R","Defend_R","Defend_R","Defend_R","Bash","Warcry+1","Iron Wave","Rampage+1","Flex","Thunderclap","Shrug It Off","True Grit+1"],"relics":["Burning Blood","Mummified Hand"],"potions_floor_usage":[11,16,16],"damage_taken":[{"damage":9,"enemies":"Small Slimes","floor":1,"turns":4},{"damage":8,"enemies":"2 Louse","floor":2,"turns":2},{"damage":12,"enemies":"Jaw Worm","floor":3,"turns":3},{"damage":14,"enemies":"Blue Slaver","floor":7,"turns":5},{"damage":17,"enemies":"Exordium Thugs","floor":11,"turns":3},{"damage":9,"enemies":"Looter","floor":14,"turns":3},{"damage":98,"enemies":"Slime Boss","floor":16,"turns":9}],"seed_played":"-894732686874029961","potions_obtained":[{"floor":2,"key":"EssenceOfSteel"},{"floor":11,"key":"PowerPotion"},{"floor":14,"key":"LiquidBronze"}],"is_trial":false,"path_per_floor":["M","M","M","?","?","R","M","$","T","R","M","$","?","M","R"],"character_chosen":"IRONCLAD","items_purchased":["Shrug It Off"],"campfire_rested":0,"item_purchase_floors":[12],"current_hp_per_floor":[85,83,77,77,77,77,69,69,69,69,58,58,87,84,84,0],"gold":70,"neow_bonus":"TEN_PERCENT_HP_BONUS","is_prod":false,"is_daily":false,"chose_seed":false,"campfire_upgraded":3,"win_rate":0,"timestamp":1530149143,"path_taken":["M","M","M","?","?","R","M","$","T","R","M","$","?","M","R","BOSS"],"build_version":"2018-06-21v2","purchased_purges":1,"victory":false,"max_hp_per_floor":[88,88,88,88,88,88,88,88,88,88,88,88,88,88,88,88],"card_choices":[{"not_picked":["Clash","Clothesline"],"picked":"Warcry","floor":1},{"not_picked":["Flex","Wild Strike"],"picked":"Iron Wave","floor":2},{"not_picked":["Ghostly Armor","Headbutt"],"picked":"Rampage","floor":3},{"not_picked":["Blood for Blood","Feel No Pain"],"picked":"Thunderclap","floor":7},{"not_picked":["Shockwave","Pommel Strike","Armaments"],"picked":"SKIP","floor":11},{"not_picked":["Sentinel","Power Through"],"picked":"True Grit","floor":14}],"player_experience":822919,"relics_obtained":[{"floor":9,"key":"Mummified Hand"}],"event_choices":[{"event_name":"Liars Game","player_choice":"disagreed","floor":4,"damage_taken":0},{"event_name":"Transmorgrifier","player_choice":"Transform","floor":5,"damage_taken":0},{"event_name":"Big Fish","player_choice":"Banana","floor":13,"damage_taken":0}],"boss_relics":[],"items_purged_floors":[8],"is_endless":false,"potions_floor_spawned":[2,11,14],"killed_by":"Slime Boss","ascension_level":4}