{"path_per_floor":["M","M","?","M","$","R","M","M","T","?","R","E","R","E","R","B",null,"M","$","M","?","?","R","E","R","T","E","M","M","E","M","R","B",null,"M","M","?","$","M","E","M","R","T","E","?","R","M","?","R","B"],"character_chosen":"DEFECT","items_purchased":["Seek+1"],"gold_per_floor":[116,132,132,149,74,74,86,106,106,106,106,134,134,159,159,263,263,263,6,0,0,0,0,0,0,0,0,0,0,0,0,0,0,0,0,0,0,0,0,0,0,0,0,0,0,0,0,0,0,0],"floor_reached":51,"campfire_rested":2,"playtime":6112,"item_purchase_floors":[],"current_hp_per_floor":[33,29,14,14,14,36,36,26,26,26,48,44,44,48,48,55,75,75,75,75,61,61,61,71,71,71,80,80,80,80,80,80,80,80,80,80,80,80,77,94,94,94,94,94,94,94,94,94,94,94],"items_purged":["Strike_B","Strike_B"],"gold":0,"score":1550,"play_id":"86647533-7c55-4d8e-9f10-94c3d829b3f5","local_time":"20180615151632","is_prod":false,"is_daily":false,"chose_seed":false,"is_ascension_mode":true,"campfire_upgraded":6,"win_rate":0,"timestamp":1529068592,"campfire_choices":[{"floor":6.0,"key":"REST"},{"floor":11.0,"key":"REST"},{"data":"Loop","floor":13.0,"key":"SMITH"},{"data":"Dualcast","floor":15.0,"key":"SMITH"},{"data":"Chill","floor":23.0,"key":"SMITH"},{"data":"Blizzard","floor":25.0,"key":"SMITH"},{"data":"Coolheaded","floor":32.0,"key":"SMITH"},{"data":"Streamline","floor":42.0,"key":"SMITH"},{"data":"Defend_B","floor":46,"key":"PURGE"},{"data":"Defend_B","floor":49,"key":"PURGE"}],"path_taken":["M","M","?","?","$","R","?","M","T","?","R","E","R","E","R","BOSS","M","$","M","?","?","R","E","R","T","E","M","M","E","?","R","BOSS","M","M","?","?","?","E","M","R","T","E","?","R","?","?","R","BOSS"],"build_version":"2018-06-14v2","seed_source_timestamp":75253990567266,"purchased_purges":2,"victory":true,"master_deck":["Defend_B+1","Zap+1","Dualcast+1","Loop+1","Coolheaded+1","Coolheaded+1","Chill+1","Conserve Battery+1","Streamline+1","Self Repair+1","Defragment+1","Double Energy+1","Seek+1","Coolheaded+1","Blizzard+1","Capacitor+1","Consume+1","Chill+1","Electrodynamics+1","Capacitor+1","Coolheaded+1","Loop+1","Master of Strategy+1"],"max_hp_per_floor":[75,75,75,75,75,75,75,75,75,75,75,75,75,75,75,75,75,75,75,75,80,80,80,80,80,80,80,80,80,80,80,80,80,80,80,80,80,80,80,94,94,94,94,94,94,94,94,94,94,94],"special_seed":0,"relics":["Cracked Core","Frozen Egg 2","Thread and Needle","Toxic Egg 2","Ectoplasm","Ornamental Fan","Potion Belt","Regal Pillow","War Paint","Inserter","Red Mask","Mango","Anchor","Pantograph","Peace Pipe"],"card_choices":[{"not_picked":["Turbo","Rip and Tear"],"picked":"Coolheaded","floor":1.0},{"not_picked":["Scrape","Sweeping Beam","Darkness"],"picked":"SKIP","floor":2.0},{"not_picked":["Skim","Blizzard"],"picked":"Chill","floor":4.0},{"not_picked":["Leap","Ball Lightning"],"picked":"Conserve Battery","floor":7.0},{"not_picked":["Rip and Tear","Stack"],"picked":"Streamline","floor":8.0},{"not_picked":["Streamline","Hologram"],"picked":"Self Repair+1","floor":12.0},{"not_picked":["Conserve Battery","Stack"],"picked":"Defragment+1","floor":14.0},{"not_picked":["Sunder","Stack+1"],"picked":"Double Energy+1","floor":18.0},{"not_picked":["Steam Power+1","Beam Cell"],"picked":"Coolheaded+1","floor":20.0},{"not_picked":["Go for the Eyes+1","Reprogram+1"],"picked":"Blizzard","floor":24.0},{"not_picked":["Chaos+1","Aggregate+1"],"picked":"Capacitor+1","floor":27.0},{"not_picked":["Sunder","Hello World+1","Sweeping Beam"],"picked":"SKIP","floor":28.0},{"not_picked":["Echo Form+1","Melter","Cold Snap"],"picked":"SKIP","floor":29.0},{"not_picked":["Aggregate+1","Streamline"],"picked":"Consume+1","floor":30.0},{"not_picked":["Streamline","Melter"],"picked":"Chill+1","floor":31.0},{"not_picked":["All For One","Echo Form+1"],"picked":"Electrodynamics+1","floor":33.0},{"not_picked":["Tempest+1","Ball Lightning","Barrage"],"picked":"SKIP","floor":35.0},{"not_picked":["Barrage+1","Melter+1"],"picked":"Capacitor+1","floor":36.0},{"not_picked":["Streamline+1","Turbo+1","Sweeping Beam"],"picked":"SKIP","floor":39.0},{"not_picked":["Force Field+1","Static Discharge+1","Reinforced Body+1"],"picked":"SKIP","floor":40.0},{"not_picked":["Thunder Strike","Streamline"],"picked":"Coolheaded+1","floor":41.0},{"not_picked":["Go for the Eyes+1","Barrage+1"],"picked":"Loop+1","floor":44.0},{"not_picked":["Electrodynamics+1","Go for the Eyes","Ball Lightning"],"picked":"SKIP","floor":47},{"not_picked":["Magnetism+1","Trip+1"],"picked":"Master of Strategy+1","floor":48}],"player_experience":119565,"potions_floor_usage":[45,50,50],"damage_taken":[{"damage":5.0,"enemies":"Jaw Worm","floor":1.0,"turns":5.0},{"damage":4.0,"enemies":"2 Louse","floor":2.0,"turns":4.0},{"damage":0.0,"enemies":"Cultist","floor":4.0,"turns":3.0},{"damage":0.0,"enemies":"Red Slaver","floor":7.0,"turns":4.0},{"damage":10.0,"enemies":"Lots of Slimes","floor":8.0,"turns":4.0},{"damage":4.0,"enemies":"3 Sentries","floor":12.0,"turns":8.0},{"damage":6.0,"enemies":"Gremlin Nob","floor":14.0,"turns":5.0},{"damage":3.0,"enemies":"The Guardian","floor":16.0,"turns":10.0},{"damage":0.0,"enemies":"3 Byrds","floor":18.0,"turns":6.0},{"damage":1.0,"enemies":"2 Thieves","floor":20.0,"turns":4.0},{"damage":0.0,"enemies":"Slavers","floor":24.0,"turns":8.0},{"damage":0.0,"enemies":"Gremlin Leader","floor":27.0,"turns":5.0},{"damage":0.0,"enemies":"Snecko","floor":28.0,"turns":6.0},{"damage":0.0,"enemies":"Chosen and Byrds","floor":29.0,"turns":6.0},{"damage":0.0,"enemies":"Book of Stabbing","floor":30.0,"turns":5.0},{"damage":0.0,"enemies":"Sentry and Sphere","floor":31.0,"turns":5.0},{"damage":0.0,"enemies":"Automaton","floor":33.0,"turns":9.0},{"damage":0.0,"enemies":"3 Shapes","floor":35.0,"turns":3.0},{"damage":0.0,"enemies":"Flame Bruiser 1 Orb","floor":36.0,"turns":3.0},{"damage":3.0,"enemies":"Spire Growth","floor":39.0,"turns":5.0},{"damage":0.0,"enemies":"2 Orb Walkers","floor":40.0,"turns":4.0},{"damage":0.0,"enemies":"3 Darklings","floor":41.0,"turns":3.0},{"damage":0.0,"enemies":"Giant Head","floor":44.0,"turns":7.0},{"damage":0,"floor":45,"turns":6},{"damage":0,"enemies":"Maw","floor":47,"turns":6},{"damage":0,"enemies":"Time Eater","floor":50,"turns":8}],"relics_obtained":[{"floor":9.0,"key":"Frozen Egg 2"},{"floor":12.0,"key":"Thread and Needle"},{"floor":14.0,"key":"Toxic Egg 2"},{"floor":24.0,"key":"Ornamental Fan"},{"floor":26.0,"key":"Potion Belt"},{"floor":27.0,"key":"Regal Pillow"},{"floor":30.0,"key":"War Paint"},{"floor":40.0,"key":"Mango"},{"floor":43.0,"key":"Anchor"},{"floor":44.0,"key":"Pantograph"},{"floor":45,"key":"Peace Pipe"}],"event_choices":[{"event_name":"Shining Light","player_choice":"Entered Light","floor":3.0,"damage_taken":0.0},{"event_name":"Bonfire Elementals","player_choice":"BASIC","floor":10.0,"damage_taken":0.0},{"event_name":"Forgotten Altar","player_choice":"Shed Blood","floor":21.0,"damage_taken":0.0},{"event_name":"Beggar","player_choice":"Ignored","floor":22.0,"damage_taken":0.0},{"event_name":"Tomb of Lord Red Mask","player_choice":"Paid","floor":37.0,"damage_taken":0.0},{"event_name":"MindBloom","player_choice":"Fight","floor":45,"damage_taken":0},{"event_name":"SensoryStone","player_choice":"Memory 1","floor":48,"damage_taken":0}],"boss_relics":[{"not_picked":["Tiny House","Fusion Hammer"],"picked":"Ectoplasm"},{"not_picked":["Sozu","Cursed Key"],"picked":"Inserter"}],"items_purged_floors":[],"is_endless":false,"potions_floor_spawned":[4,7,8,14,18,20,27,30,31,33,36,39,40,44,45],"seed_played":"4276751730712965536","ascension_level":4,"potions_obtained":[{"floor":4.0,"key":"SteroidPotion"},{"floor":7.0,"key":"Weak Potion"},{"floor":8.0,"key":"Swift Potion"},{"floor":14.0,"key":"EssenceOfSteel"},{"floor":18.0,"key":"Swift Potion"},{"floor":27.0,"key":"Dexterity Potion"},{"floor":30.0,"key":"Weak Potion"},{"floor":31.0,"key":"Strength Potion"},{"floor":33.0,"key":"Block Potion"},{"floor":39.0,"key":"FocusPotion"},{"floor":40.0,"key":"Regen Potion"},{"floor":45,"key":"LiquidBronze"}],"is_trial":false}