{"gold_per_floor":[115,40,40,60,60,60,80,80,150,162,45,70,85,100,100,100],"floor_reached":16,"playtime":708,"items_purged":[],"score":189,"play_id":"5b71c5ec-125e-44d8-98d7-601f1e4a7a5f","local_time":"20190204183403","is_ascension_mode":true,"campfire_choices":[{"data":"Sentinel","floor":6.0,"key":"SMITH"},{"floor":15,"key":"REST"}],"neow_cost":"PERCENT_DAMAGE","seed_source_timestamp":101912966859937,"circlet_count":0,"master_deck":["AscendersBane","Strike_R","Strike_R","Strike_R","Strike_R","Strike_R","Defend_R","Defend_R","Defend_R","Defend_R","Bash+1","Feel No Pain","Corruption+1","Sentinel+1","Pommel Strike","Clothesline","Dropkick","Warcry","Perfected Strike","Whirlwind","Juggernaut"],"special_seed":0,"relics":["Burning Blood","FossilizedHelix","Pear","Ice Cream"],"potions_floor_usage":[16],"damage_taken":[{"damage":3.0,"enemies":"2 Louse","floor":1.0,"turns":4.0},{"damage":2.0,"enemies":"Jaw Worm","floor":4.0,"turns":4.0},{"damage":3.0,"enemies":"Cultist","floor":7.0,"turns":5.0},{"damage":26.0,"enemies":"Gremlin Gang","floor":10.0,"turns":5.0},{"damage":15.0,"enemies":"Gremlin Nob","floor":12.0,"turns":5.0},{"damage":0.0,"enemies":"Red Slaver","floor":13.0,"turns":4.0},{"damage":13.0,"enemies":"Blue Slaver","floor":14.0,"turns":3.0},{"damage":68,"enemies":"Hexaghost","floor":16,"turns":11}],"seed_played":"5707735591514712627","potions_obtained":[{"floor":1.0,"key":"EntropicBrew"},{"floor":4.0,"key":"Strength Potion"},{"floor":10.0,"key":"Weak Potion"},{"floor":14,"key":"Swift Potion"}],"is_trial":false,"path_per_floor":["M","$","?","M","?","R","M","?","T","M","$","E","M","M","R","B"],"character_chosen":"IRONCLAD","items_purchased":["Corruption","Dropkick","Warcry"],"campfire_rested":1,"item_purchase_floors":[2,11,11],"current_hp_per_floor":[53,53,53,57,57,57,60,60,70,50,50,41,47,40,65,0],"gold":100,"neow_bonus":"ONE_RARE_RELIC","is_prod":false,"is_daily":false,"chose_seed":false,"campfire_upgraded":1,"win_rate":0,"timestamp":1549323243,"path_taken":["M","$","?","M","?","R","M","?","T","M","$","E","?","?","R","BOSS"],"build_version":"2019-01-23","purchased_purges":0,"victory":false,"max_hp_per_floor":[75,75,75,75,75,75,75,75,85,85,85,85,85,85,85,85],"card_choices":[{"not_picked":["Combust","Shrug It Off"],"picked":"Feel No Pain","floor":1.0},{"not_picked":["Fire Breathing","Body Slam"],"picked":"Sentinel","floor":4.0},{"not_picked":["Anger","Pummel"],"picked":"Pommel Strike","floor":7.0},{"not_picked":["Intimidate","Feel No Pain"],"picked":"Clothesline","floor":10.0},{"not_picked":["Hemokinesis","Wild Strike"],"picked":"Perfected Strike","floor":12.0},{"not_picked":["Cleave","Body Slam"],"picked":"Whirlwind","floor":13.0},{"not_picked":["Sentinel","Rampage"],"picked":"Juggernaut","floor":14}],"player_experience":2319484,"relics_obtained":[{"floor":9.0,"key":"Pear"},{"floor":12.0,"key":"Ice Cream"}],"event_choices":[{"damage_healed":0.0,"max_hp_gain":0.0,"max_hp_loss":0.0,"gold_gain":0.0,"event_name":"Living Wall","player_choice":"Grow","floor":3.0,"gold_loss":0.0,"damage_taken":0.0,"cards_upgraded":["Bash"]},{"damage_healed":0.0,"max_hp_gain":0.0,"max_hp_loss":0.0,"gold_gain":0.0,"event_name":"Shining Light","player_choice":"Ignored","floor":5.0,"gold_loss":0.0,"damage_taken":0.0},{"damage_healed":0.0,"max_hp_gain":0.0,"max_hp_loss":0.0,"gold_gain":0.0,"event_name":"Accursed Blacksmith","player_choice":"Forge","floor":8.0,"gold_loss":0.0,"damage_taken":0.0,"cards_upgraded":["Corruption"]}],"is_beta":false,"boss_relics":[],"items_purged_floors":[],"is_endless":false,"potions_floor_spawned":[1,4,10,14],"killed_by":"Hexaghost","ascension_level":17}