{"gold_per_floor":[111,122,141,66,66,66,97,97,97,97,107,182,201,218,218,313,313,286,304,150,150],"floor_reached":21,"playtime":1090,"items_purged":["Double Tap","Strike_R"],"score":244,"play_id":"43e040d4-017f-4b75-875b-04bb075d86a1","local_time":"20180721113922","is_ascension_mode":true,"campfire_choices":[{"data":"Bash","floor":6,"key":"SMITH"},{"data":"Clothesline","floor":8,"key":"SMITH"},{"data":"Metallicize","floor":10,"key":"SMITH"},{"data":"Flame Barrier","floor":15,"key":"SMITH"}],"neow_cost":"NONE","seed_source_timestamp":626563728473150,"circlet_count":0,"master_deck":["Strike_R","Defend_R","Defend_R","Defend_R","Defend_R","Bash+1","Anger","Clothesline+1","Metallicize+1","Flame Barrier+1","Demon Form","Reckless Charge","Metallicize","Shrug It Off"],"relics":["Burning Blood","Dodecahedron","Smiling Mask","Empty Cage"],"potions_floor_usage":[],"damage_taken":[{"damage":8,"enemies":"Jaw Worm","floor":1,"turns":5},{"damage":1,"enemies":"2 Louse","floor":2,"turns":4},{"damage":6,"enemies":"Cultist","floor":3,"turns":3},{"damage":21,"enemies":"Lagavulin","floor":7,"turns":7},{"damage":13,"enemies":"Gremlin Gang","floor":11,"turns":5},{"damage":5,"enemies":"Looter","floor":13,"turns":4},{"damage":0,"enemies":"Large Slime","floor":14,"turns":4},{"damage":33,"enemies":"Slime Boss","floor":16,"turns":8},{"damage":29,"enemies":"2 Thieves","floor":18,"turns":5},{"damage":32,"enemies":"Spheric Guardian","floor":19,"turns":6},{"damage":28,"enemies":"Cultist and Chosen","floor":21,"turns":6}],"seed_played":"4896428340672997075","potions_obtained":[{"floor":1,"key":"Ancient Potion"},{"floor":7,"key":"SteroidPotion"},{"floor":14,"key":"EntropicBrew"},{"floor":18,"key":"Weak Potion"}],"is_trial":false,"path_per_floor":["M","M","M","$","?","R","E","R","T","R","M","?","M","M","R","B",null,"M","M","$"],"character_chosen":"IRONCLAD","items_purchased":["Metallicize","Shrug It Off"],"campfire_rested":0,"item_purchase_floors":[20,20],"current_hp_per_floor":[70,75,75,75,68,68,53,53,53,53,46,35,36,42,42,15,64,41,15,15,0],"gold":150,"neow_bonus":"ONE_RANDOM_RARE_CARD","is_prod":false,"is_daily":false,"chose_seed":false,"campfire_upgraded":4,"win_rate":0,"timestamp":1532191162,"path_taken":["M","M","M","$","?","R","E","R","T","R","M","?","M","M","R","BOSS","M","M","$","M"],"build_version":"2018-07-19","purchased_purges":2,"victory":false,"max_hp_per_floor":[80,80,80,80,80,80,80,80,80,80,80,80,80,80,80,80,80,80,80,80,80],"card_choices":[{"not_picked":["Evolve","Burning Pact","Perfected Strike"],"picked":"SKIP","floor":1},{"not_picked":["Warcry","True Grit"],"picked":"Anger","floor":2},{"not_picked":["Fire Breathing","Clash"],"picked":"Clothesline","floor":3},{"not_picked":["Clothesline","Shrug It Off"],"picked":"Metallicize","floor":7},{"not_picked":["Ghostly Armor","Battle Trance"],"picked":"Flame Barrier","floor":11},{"not_picked":["Iron Wave","Thunderclap"],"picked":"Demon Form","floor":13},{"not_picked":["Thunderclap","Shrug It Off"],"picked":"Reckless Charge","floor":14},{"not_picked":["Rupture","Pommel Strike+1","Reckless Charge"],"picked":"SKIP","floor":18},{"not_picked":["Anger","Havoc","Searing Blow"],"picked":"SKIP","floor":19}],"player_experience":283951,"relics_obtained":[{"floor":7,"key":"Dodecahedron"},{"floor":9,"key":"Smiling Mask"}],"event_choices":[{"event_name":"Golden Wing","player_choice":"Card Removal","floor":5,"damage_taken":0},{"event_name":"World of Goop","player_choice":"Gather Gold","floor":12,"damage_taken":0}],"is_beta":true,"boss_relics":[{"not_picked":["White Beast Statue","Runic Cube"],"picked":"Empty Cage"}],"items_purged_floors":[4,20],"is_endless":false,"potions_floor_spawned":[1,7,14,18],"killed_by":"Cultist and Chosen","ascension_level":7}