{"gold_per_floor":[113,113,133,151,5,34,34,46,46,62,62,62,95,105,105,105],"floor_reached":16,"playtime":817,"items_purged":[],"score":112,"play_id":"182ecd1b-19cc-452e-937e-71e07e0e7a03","local_time":"20180713090043","is_ascension_mode":false,"campfire_choices":[{"data":"Zap","floor":7,"key":"SMITH"},{"floor":15,"key":"REST"}],"neow_cost":"","seed_source_timestamp":0,"circlet_count":0,"master_deck":["Strike_B","Strike_B","Strike_B","Defend_B","Defend_B","Defend_B","Defend_B","Zap+1","Dualcast","Go for the Eyes","Beam Cell","Go for the Eyes","FTL","Gash","Go for the Eyes","Decay","Steam"],"relics":["Unceasing Top","Bag of Marbles","Bottled Flame","Dead Branch","Turnip"],"potions_floor_usage":[13,14,16],"damage_taken":[{"damage":5,"enemies":"2 Louse","floor":1,"turns":2},{"damage":6,"enemies":"Jaw Worm","floor":3,"turns":3},{"damage":1,"enemies":"Cultist","floor":4,"turns":3},{"damage":20,"enemies":"Lagavulin","floor":6,"turns":7},{"damage":2,"enemies":"Blue Slaver","floor":8,"turns":2},{"damage":0,"enemies":"Gremlin Gang","floor":10,"turns":3},{"damage":7,"enemies":"Gremlin Nob","floor":13,"turns":3},{"damage":7,"enemies":"2 Fungi Beasts","floor":14,"turns":4},{"damage":0,"enemies":"The Guardian","floor":16,"turns":2}],"seed_played":"-7857701444451375443","potions_obtained":[{"floor":8,"key":"Energy Potion"},{"floor":10,"key":"PowerPotion"},{"floor":13,"key":"Fruit Juice"}],"is_trial":true,"path_per_floor":["M","?","M","M","$","E","R","M","T","M","?","$","E","M","R"],"character_chosen":"DEFECT","items_purchased":["Bag of Marbles"],"campfire_rested":1,"item_purchase_floors":[5],"current_hp_per_floor":[70,70,64,63,63,43,43,41,41,41,41,41,34,32,56,56],"gold":105,"neow_bonus":"","is_prod":false,"is_daily":false,"chose_seed":true,"campfire_upgraded":1,"win_rate":0,"timestamp":1531486843,"path_taken":["M","?","M","M","$","E","R","M","T","M","?","$","E","?","R","BOSS"],"build_version":"2018-07-12","purchased_purges":0,"victory":false,"max_hp_per_floor":[75,75,75,75,75,75,75,75,75,75,75,75,75,80,80,80],"card_choices":[{"not_picked":["Leap","Compile Driver"],"picked":"Go for the Eyes","floor":1},{"not_picked":["Conserve Battery","Stack"],"picked":"Beam Cell","floor":3},{"not_picked":["Glacier","Self Repair"],"picked":"Go for the Eyes","floor":4},{"not_picked":["Multi-Cast","Blizzard"],"picked":"FTL","floor":6},{"not_picked":["Steam Power","Leap"],"picked":"Gash","floor":8},{"not_picked":["Chaos","Reinforced Body"],"picked":"Go for the Eyes","floor":10},{"not_picked":["Coolheaded","Chill"],"picked":"Steam","floor":13},{"not_picked":["Hello World","Conserve Battery","Force Field"],"picked":"SKIP","floor":14}],"player_experience":1060924,"relics_obtained":[{"floor":6,"key":"Bottled Flame"},{"floor":9,"key":"Dead Branch"},{"floor":13,"key":"Turnip"}],"event_choices":[{"event_name":"Living Wall","player_choice":"Forget","floor":2,"damage_taken":0},{"event_name":"Wheel of Change","player_choice":"Curse","floor":11,"damage_taken":0}],"boss_relics":[],"items_purged_floors":[],"is_endless":false,"potions_floor_spawned":[8,10,13],"killed_by":"The Guardian","ascension_level":0}