{"gold_per_floor":[112,125,200,212,9,9,25,60,83,83,97,116,116,127,127,227,227,245,263,282,282,63,91,91,36,36,36,36,36,55,55,55,159,159,173,173,78,78,88,88,88,88,88,40,40,53,63,63,63,63],"floor_reached":51,"playtime":1967,"items_purged":["Anger"],"score":754,"play_id":"e5de4b99-6974-45a2-a581-a906d023cb90","local_time":"20181213152044","is_ascension_mode":true,"campfire_choices":[{"data":"Whirlwind","floor":10,"key":"SMITH"},{"data":"Bludgeon","floor":13,"key":"SMITH"},{"data":"Searing Blow","floor":15,"key":"SMITH"},{"data":"Searing Blow+1","floor":24,"key":"SMITH"},{"data":"Searing Blow+2","floor":27,"key":"SMITH"},{"data":"Searing Blow+3","floor":29,"key":"SMITH"},{"data":"Searing Blow+4","floor":32,"key":"SMITH"},{"data":"Searing Blow+5","floor":40,"key":"SMITH"},{"data":"Searing Blow+6","floor":42,"key":"SMITH"},{"floor":49,"key":"REST"}],"neow_cost":"NONE","seed_source_timestamp":1259128755814979,"circlet_count":0,"master_deck":["Bash","Bludgeon+1","Armaments+1","Shrug It Off","Whirlwind+1","Inflame","Searing Blow+7","Reaper","Infernal Blade","Whirlwind","Armaments","Flex","Havoc","Bloodletting+1","PanicButton","Dual Wield+1"],"relics":["Burning Blood","Bronze Scales","Bag of Marbles","PreservedInsect","Regal Pillow","Pandora\u0027s Box","Oddly Smooth Stone","Vajra","Tiny Chest","Art of War","Empty Cage","Meat on the Bone","Pocketwatch","Juzu Bracelet"],"potions_floor_usage":[11,20,23,23,47,47,50],"damage_taken":[{"damage":12,"enemies":"Jaw Worm","floor":1,"turns":3},{"damage":1,"enemies":"2 Louse","floor":2,"turns":2},{"damage":6,"enemies":"Cultist","floor":4,"turns":3},{"damage":13,"enemies":"Blue Slaver","floor":7,"turns":1},{"damage":31,"enemies":"Lagavulin","floor":8,"turns":7},{"damage":0,"enemies":"2 Fungi Beasts","floor":11,"turns":1},{"damage":0,"enemies":"Exordium Wildlife","floor":12,"turns":3},{"damage":0,"enemies":"Blue Slaver","floor":14,"turns":1},{"damage":36,"enemies":"The Guardian","floor":16,"turns":9},{"damage":11,"enemies":"Spheric Guardian","floor":18,"turns":3},{"damage":23,"enemies":"Shell Parasite","floor":19,"turns":3},{"damage":25,"enemies":"Cultist and Chosen","floor":20,"turns":6},{"damage":34,"enemies":"Book of Stabbing","floor":23,"turns":4},{"damage":15,"enemies":"Centurion and Healer","floor":30,"turns":6},{"damage":32,"enemies":"Collector","floor":33,"turns":6},{"damage":5,"enemies":"3 Shapes","floor":35,"turns":3},{"damage":8,"enemies":"Orb Walker","floor":39,"turns":2},{"damage":18,"enemies":"Spire Growth","floor":46,"turns":3},{"damage":51,"enemies":"Transient","floor":47,"turns":5},{"damage":51,"enemies":"Time Eater","floor":50,"turns":7}],"seed_played":"8553935779122827435","potions_obtained":[{"floor":7,"key":"SteroidPotion"},{"floor":8,"key":"EssenceOfSteel"},{"floor":11,"key":"SkillPotion"},{"floor":12,"key":"Energy Potion"},{"floor":16,"key":"PowerPotion"},{"floor":19,"key":"Regen Potion"},{"floor":35,"key":"EssenceOfSteel"},{"floor":47,"key":"FearPotion"}],"is_trial":false,"path_per_floor":["M","M","?","M","$","?","M","E","T","R","M","M","R","M","R","B",null,"M","M","M","?","$","E","R","?","T","R","$","R","M","$","R","B",null,"M","T","$","?","M","R","?","R","T","$","?","M","M","T","R","B",null],"character_chosen":"IRONCLAD","items_purchased":["Armaments","Bag of Marbles","Oddly Smooth Stone","PanicButton","PowerPotion"],"campfire_rested":1,"item_purchase_floors":[5,5,22,37,44],"current_hp_per_floor":[74,79,68,68,68,68,61,36,36,36,42,48,48,54,54,24,80,75,58,60,60,60,39,39,39,39,39,39,39,38,38,38,32,80,80,80,80,80,78,78,78,78,78,78,76,64,38,38,75,42],"gold":63,"neow_bonus":"RANDOM_COMMON_RELIC","is_prod":false,"is_daily":false,"chose_seed":false,"campfire_upgraded":9,"win_rate":0,"timestamp":1544682044,"path_taken":["M","M","?","M","$","?","M","E","T","R","M","M","R","?","R","BOSS","M","M","M","?","$","E","R","?","T","R","?","R","M","?","R","BOSS","M","?","$","?","M","R","?","R","T","$","?","M","M","?","R","BOSS"],"build_version":"2018-12-06","purchased_purges":1,"victory":true,"max_hp_per_floor":[80,80,80,80,80,80,80,80,80,80,80,80,80,80,80,80,80,80,80,80,80,80,80,80,80,80,80,80,80,80,80,80,80,80,80,80,80,80,80,80,80,80,80,80,76,76,76,76,76,76],"card_choices":[{"not_picked":["Warcry","Metallicize"],"picked":"Cleave","floor":1},{"not_picked":["Fire Breathing","Feel No Pain","Blood for Blood"],"picked":"SKIP","floor":2},{"not_picked":["Shrug It Off","Body Slam"],"picked":"Bludgeon","floor":4},{"not_picked":["Iron Wave","Power Through"],"picked":"Shrug It Off","floor":7},{"not_picked":["Body Slam","Spot Weakness"],"picked":"Whirlwind","floor":8},{"not_picked":["Rage","Wild Strike"],"picked":"Inflame","floor":11},{"not_picked":["Cleave","Headbutt","True Grit"],"picked":"SKIP","floor":12},{"not_picked":["Dual Wield","Pommel Strike"],"picked":"Searing Blow","floor":14},{"not_picked":["Fiend Fire","Immolate"],"picked":"Reaper","floor":16},{"not_picked":["Headbutt","Armaments+1"],"picked":"Bloodletting+1","floor":18},{"not_picked":["Sword Boomerang+1","Entrench","Body Slam"],"picked":"SKIP","floor":19},{"not_picked":["Spot Weakness","Dropkick","Perfected Strike"],"picked":"SKIP","floor":20},{"not_picked":["Shrug It Off","Thunderclap","Armaments"],"picked":"SKIP","floor":23},{"not_picked":["Whirlwind","Entrench","Dark Embrace"],"picked":"SKIP","floor":30},{"not_picked":["Perfected Strike","Power Through","Clothesline"],"picked":"SKIP","floor":35},{"not_picked":["Shrug It Off","Wild Strike","Headbutt"],"picked":"SKIP","floor":39},{"not_picked":["Inflame+1","Havoc","Wild Strike"],"picked":"SKIP","floor":46},{"not_picked":["Flex+1","Inflame+1"],"picked":"Dual Wield+1","floor":47}],"player_experience":180755,"relics_obtained":[{"floor":8,"key":"PreservedInsect"},{"floor":9,"key":"Regal Pillow"},{"floor":23,"key":"Vajra"},{"floor":26,"key":"Art of War"},{"floor":36,"key":"Meat on the Bone"},{"floor":43,"key":"Pocketwatch"},{"floor":48,"key":"Juzu Bracelet"}],"event_choices":[{"damage_healed":0,"gold_gain":75,"player_choice":"Gather Gold","damage_taken":11,"max_hp_gain":0,"max_hp_loss":0,"event_name":"World of Goop","floor":3,"gold_loss":0},{"damage_healed":0,"gold_gain":0,"player_choice":"Forge","damage_taken":0,"max_hp_gain":0,"max_hp_loss":0,"event_name":"Accursed Blacksmith","floor":6,"gold_loss":0,"cards_upgraded":["Armaments"]},{"cards_removed":["Metallicize"],"damage_healed":0,"gold_gain":0,"player_choice":"Elegance","damage_taken":0,"max_hp_gain":0,"max_hp_loss":0,"event_name":"Back to Basics","floor":21,"gold_loss":0},{"damage_healed":0,"gold_gain":0,"player_choice":"Obtained Relic","damage_taken":0,"relics_obtained":["Tiny Chest"],"max_hp_gain":0,"max_hp_loss":0,"event_name":"Addict","floor":25,"gold_loss":85},{"cards_removed":["Feel No Pain"],"damage_healed":0,"gold_gain":0,"player_choice":"Removed Power","damage_taken":0,"max_hp_gain":0,"max_hp_loss":0,"event_name":"Falling","floor":38,"gold_loss":0},{"damage_healed":0,"gold_gain":0,"player_choice":"Ignored","damage_taken":0,"max_hp_gain":0,"max_hp_loss":0,"event_name":"Mysterious Sphere","floor":41,"gold_loss":0},{"damage_healed":0,"gold_gain":0,"player_choice":"Max HP","damage_taken":0,"max_hp_gain":0,"max_hp_loss":4,"event_name":"Winding Halls","floor":45,"gold_loss":0}],"is_beta":false,"boss_relics":[{"not_picked":["Ectoplasm","Lizard Tail"],"picked":"Pandora\u0027s Box"},{"not_picked":["Fusion Hammer","Calling Bell"],"picked":"Empty Cage"}],"items_purged_floors":[22],"is_endless":false,"potions_floor_spawned":[7,8,11,12,16,19,35,47],"ascension_level":2}