{"gold_per_floor":[109,127,78,92,102,130,142,142,142,142,175,175,203,256,256,355,355,372,57,57,75,94,123,123,154,154,185,185,42,42,53,53,156,156,175,175,188,203,30,30,430,430,430,430,14,14,30,44,44,44,44,44,44,75,75],"floor_reached":55,"playtime":2002,"items_purged":["Go for the Eyes","Beam Cell","Undo"],"score":983,"play_id":"a8315f49-6f64-4528-960e-d211bd7fc3fb","local_time":"20181105114417","is_ascension_mode":true,"campfire_choices":[{"data":"Zap","floor":8,"key":"SMITH"},{"floor":10,"key":"REST"},{"floor":12,"key":"REST"},{"data":"Glacier","floor":15,"key":"SMITH"},{"floor":24,"key":"REST"},{"floor":30,"key":"RECALL"},{"data":"Defragment","floor":32,"key":"SMITH"},{"data":"Defragment","floor":40,"key":"SMITH"},{"data":"Glacier","floor":42,"key":"SMITH"},{"data":"Chill","floor":44,"key":"SMITH"},{"data":"Force Field","floor":49,"key":"SMITH"},{"data":"Redo","floor":52,"key":"SMITH"}],"neow_cost":"NONE","seed_source_timestamp":43039814698796,"circlet_count":0,"master_deck":["Zap+1","Dualcast","Glacier+1","Ball Lightning","Gash","BootSequence","Capacitor","Doom and Gloom+1","Core Surge+1","Gash+1","Stack","Redo+1","Force Field+1","Glacier+1","Cold Snap+1","Go for the Eyes+1","Defragment+1","Beam Cell+1","Chill+1","Gash+1","Compile Driver+1","Electrodynamics","Defragment+1"],"relics":["Cracked Core","Strawberry","Cables","Shuriken","Molten Egg 2","Ornamental Fan","Dead Branch","Anchor","Vajra","Nloth\u0027s Gift","Oddly Smooth Stone","Busted Crown","Old Coin","Letter Opener","Bag of Marbles","Art of War","Boot"],"potions_floor_usage":[11,13,22,23,25,27,27,38,50,54,54],"damage_taken":[{"damage":3,"enemies":"2 Louse","floor":1,"turns":2},{"damage":0,"enemies":"Jaw Worm","floor":2,"turns":3},{"damage":0,"enemies":"Cultist","floor":4,"turns":2},{"damage":0,"enemies":"Looter","floor":5,"turns":3},{"damage":24,"enemies":"Lagavulin","floor":6,"turns":6},{"damage":7,"enemies":"Exordium Thugs","floor":7,"turns":5},{"damage":23,"enemies":"Gremlin Nob","floor":11,"turns":4},{"damage":3,"enemies":"3 Sentries","floor":13,"turns":10},{"damage":0,"enemies":"The Guardian","floor":16,"turns":10},{"damage":0,"enemies":"Spheric Guardian","floor":18,"turns":5},{"damage":5,"enemies":"3 Byrds","floor":21,"turns":6},{"damage":4,"enemies":"Centurion and Healer","floor":22,"turns":7},{"damage":33,"enemies":"Gremlin Leader","floor":23,"turns":6},{"damage":11,"enemies":"Slavers","floor":25,"turns":8},{"damage":0,"enemies":"Book of Stabbing","floor":27,"turns":6},{"damage":0,"enemies":"3 Cultists","floor":31,"turns":4},{"damage":44,"enemies":"Automaton","floor":33,"turns":9},{"damage":6,"enemies":"3 Darklings","floor":35,"turns":5},{"damage":0,"enemies":"3 Shapes","floor":37,"turns":4},{"damage":3,"enemies":"Writhing Mass","floor":38,"turns":4},{"damage":0,"enemies":"Mind Bloom Boss Battle","floor":41,"turns":4},{"damage":0,"enemies":"Sphere and 2 Shapes","floor":47,"turns":3},{"damage":0,"enemies":"4 Shapes","floor":48,"turns":2},{"damage":17,"enemies":"Awakened One","floor":50,"turns":9},{"damage":28,"enemies":"Shield and Spear","floor":54,"turns":4},{"damage":61,"enemies":"The Heart","floor":55,"turns":3}],"seed_played":"-5609309946787577019","potions_obtained":[{"floor":2,"key":"Block Potion"},{"floor":7,"key":"Energy Potion"},{"floor":13,"key":"Strength Potion"},{"floor":16,"key":"Regen Potion"},{"floor":18,"key":"SpeedPotion"},{"floor":23,"key":"Strength Potion"},{"floor":25,"key":"SkillPotion"},{"floor":33,"key":"SkillPotion"},{"floor":37,"key":"Block Potion"},{"floor":41,"key":"EssenceOfSteel"},{"floor":47,"key":"Explosive Potion"}],"is_trial":false,"path_per_floor":["M","M","$","M","M","E","M","R","T","R","E","R","E","?","R","B",null,"M","$","?","M","M","E","R","E","T","E","?","$","R","M","R","B",null,"M","?","M","M","$","R","?","R","T","R","$","?","M","M","R","B",null,"R","$","E","B"],"character_chosen":"DEFECT","items_purchased":["Ball Lightning","Ornamental Fan","Oddly Smooth Stone","Defragment","Bag of Marbles","Art of War"],"campfire_rested":3,"item_purchase_floors":[3,19,29,39,45,45],"current_hp_per_floor":[79,79,79,79,79,62,55,55,55,81,58,84,81,81,81,81,89,89,89,89,84,80,59,85,74,74,74,74,74,74,74,74,30,89,83,83,83,80,80,80,80,80,80,80,80,80,80,80,80,63,85,85,85,57,0],"gold":75,"neow_bonus":"TEN_PERCENT_HP_BONUS","is_prod":false,"is_daily":false,"chose_seed":false,"campfire_upgraded":8,"win_rate":0,"timestamp":1541439857,"path_taken":["M","M","$","M","M","E","M","R","T","R","E","R","E","?","R","BOSS","M","$","?","M","?","E","R","E","T","E","?","?","R","?","R","BOSS","M","?","M","M","$","R","?","R","T","R","$","?","M","M","R","BOSS","R","$","E","BOSS"],"build_version":"2018-11-02","purchased_purges":3,"victory":false,"max_hp_per_floor":[82,82,82,82,82,89,89,89,89,89,89,89,89,89,89,89,89,89,89,89,89,89,89,89,89,89,89,89,89,89,89,89,89,89,89,89,89,89,89,89,89,89,89,89,89,85,85,85,85,85,85,85,85,85,85],"card_choices":[{"not_picked":["Streamline","Doom and Gloom"],"picked":"Glacier","floor":1},{"not_picked":["Darkness","Leap"],"picked":"Beam Cell","floor":2},{"not_picked":["Steam","Stack"],"picked":"Gash","floor":4},{"not_picked":["Blizzard","Chill"],"picked":"BootSequence","floor":5},{"not_picked":["Hologram","Core Surge"],"picked":"Capacitor","floor":6},{"not_picked":["Hologram","White Noise"],"picked":"Go for the Eyes","floor":7},{"not_picked":["Coolheaded","Steam","Beam Cell"],"picked":"SKIP","floor":11},{"not_picked":["BootSequence","Conserve Battery"],"picked":"Doom and Gloom","floor":13},{"not_picked":["Rainbow","Reboot"],"picked":"Core Surge+1","floor":16},{"not_picked":["Sweeping Beam+1","Beam Cell+1"],"picked":"Defragment","floor":18},{"not_picked":["Compile Driver+1","BootSequence","Hologram"],"picked":"SKIP","floor":21},{"not_picked":["Consume+1","Hologram+1"],"picked":"Beam Cell+1","floor":22},{"not_picked":["Lockon+1","Steam Power"],"picked":"Chill","floor":23},{"not_picked":["Machine Learning","Ball Lightning+1"],"picked":"Gash+1","floor":25},{"not_picked":["Steam","Undo"],"picked":"Compile Driver+1","floor":27},{"not_picked":["Darkness+1","Undo","Compile Driver+1"],"picked":"SKIP","floor":31},{"not_picked":["Creative AI","Thunder Strike+1"],"picked":"Electrodynamics","floor":33},{"not_picked":["Undo"],"picked":"SKIP","floor":35},{"not_picked":["Beam Cell+1"],"picked":"SKIP","floor":37},{"not_picked":["Steam Power+1"],"picked":"SKIP","floor":38},{"not_picked":["Compile Driver+1"],"picked":"SKIP","floor":47},{"not_picked":["Streamline+1"],"picked":"SKIP","floor":48},{"not_picked":["Go for the Eyes+1"],"picked":"SKIP","floor":54}],"player_experience":512346,"relics_obtained":[{"floor":6,"key":"Strawberry"},{"floor":9,"key":"Cables"},{"floor":11,"key":"Shuriken"},{"floor":13,"key":"Molten Egg 2"},{"floor":23,"key":"Dead Branch"},{"floor":25,"key":"Anchor"},{"floor":27,"key":"Vajra"},{"floor":41,"key":"Old Coin"},{"floor":43,"key":"Letter Opener"},{"floor":54,"key":"Boot"}],"event_choices":[{"damage_healed":0,"gold_gain":53,"player_choice":"Gained Gold","damage_taken":0,"max_hp_gain":0,"max_hp_loss":0,"event_name":"Golden Wing","floor":14,"gold_loss":0},{"damage_healed":0,"gold_gain":0,"player_choice":"Bought 0 Potions","damage_taken":0,"max_hp_gain":0,"max_hp_loss":0,"event_name":"The Woman in Blue","floor":20,"gold_loss":0},{"damage_healed":0,"gold_gain":0,"player_choice":"Traded Relic","damage_taken":0,"relics_obtained":["Nloth\u0027s Gift"],"max_hp_gain":0,"max_hp_loss":0,"event_name":"N\u0027loth","floor":28,"relics_lost":["Pandora\u0027s Box"],"gold_loss":0},{"damage_healed":0,"gold_gain":0,"player_choice":"Ignored","damage_taken":0,"max_hp_gain":0,"max_hp_loss":0,"event_name":"Mysterious Sphere","floor":36,"gold_loss":0},{"damage_healed":0,"gold_gain":0,"player_choice":"Fight","damage_taken":0,"max_hp_gain":0,"max_hp_loss":0,"event_name":"MindBloom","floor":41,"gold_loss":0},{"damage_healed":0,"gold_gain":0,"player_choice":"Max HP","damage_taken":0,"max_hp_gain":0,"max_hp_loss":4,"event_name":"Winding Halls","floor":46,"gold_loss":0}],"is_beta":true,"boss_relics":[{"not_picked":["Ectoplasm","Fusion Hammer"],"picked":"Pandora\u0027s Box"},{"not_picked":["Lizard Tail","FrozenCore"],"picked":"Busted Crown"}],"items_purged_floors":[19,39,45],"is_endless":false,"potions_floor_spawned":[2,7,13,16,18,23,25,33,37,41,47],"killed_by":"The Heart","ascension_level":4}