{"path_per_floor":["M","?","$","?","?","E","M","M","T","?","?","M","?","$","R","B",null,"M","M","T","M","$","E","M","R","T","?","M","?","M","E","R","B",null,"M","M","?","M","$","E","M","M","T","R","?","$","R","$","R","B"],"character_chosen":"DEFECT","items_purchased":["Defragment","Streamline","Apotheosis","Defragment","War Paint","Mercury Hourglass","Loop","Capacitor"],"gold_per_floor":[114,214,45,45,45,86,111,125,125,125,200,221,221,9,9,137,137,158,171,198,216,27,62,77,77,77,77,102,27,43,81,81,201,201,221,239,572,586,162,188,200,211,211,211,211,5,5,5,5,5],"floor_reached":51,"campfire_rested":4,"playtime":4088,"item_purchase_floors":[3,3,14,22,22,39,39,46],"current_hp_per_floor":[74,74,74,56,56,39,30,30,44,37,26,14,36,36,62,25,89,87,87,87,67,67,28,37,63,63,63,51,51,42,52,78,77,89,81,81,81,81,81,34,53,61,61,61,50,50,75,75,75,52],"items_purged":["Strike_B","Doubt","Parasite"],"gold":5,"score":740,"play_id":"d2b98314-94ee-4395-9e19-4e3c88f6a0dc","local_time":"20180603205622","is_prod":false,"is_daily":false,"chose_seed":false,"is_ascension_mode":false,"campfire_upgraded":2,"win_rate":0,"timestamp":1528073782,"campfire_choices":[{"floor":15,"key":"REST"},{"floor":25,"key":"REST"},{"floor":32,"key":"REST"},{"data":"Apotheosis","floor":44,"key":"SMITH"},{"floor":47,"key":"REST"},{"data":"Seek","floor":49,"key":"SMITH"}],"path_taken":["M","?","$","?","?","E","?","M","T","?","?","M","?","$","R","BOSS","M","?","?","M","$","E","M","R","T","?","?","?","M","E","R","BOSS","M","?","?","M","$","E","M","M","T","R","?","$","R","?","R","BOSS"],"build_version":"2018-05-31","seed_source_timestamp":265772437355480,"purchased_purges":3,"victory":true,"master_deck":["Defend_B","Defend_B","Defend_B","Defend_B","Zap","Dualcast","Sweeping Beam","Defragment","Streamline","Genetic Algorithm","Cold Snap","Genetic Algorithm+1","Ball Lightning","Apotheosis+1","Seek+1","Hologram","Darkness+1","Machine Learning","Defragment","Static Discharge","White Noise","Chaos+1","Reboot","Reinforced Body+1","Multi-Cast","Stack+1","Coolheaded+1","Tempest+1","Loop","Redo+1","Leap","White Noise+1","Madness","Madness","Capacitor"],"max_hp_per_floor":[75,75,75,75,75,75,75,75,89,89,89,89,89,89,89,89,89,89,89,89,89,89,89,89,89,89,89,89,89,89,89,89,89,89,89,89,89,89,89,89,89,89,89,89,89,86,86,86,86,86],"relics":["Cracked Core","Turnip","Mango","Cursed Key","Omamori","War Paint","Meat on the Bone","Matryoshka","Bag of Preparation","Runic Pyramid","Mercury Hourglass","Bronze Scales","Dodecahedron","Shuriken"],"card_choices":[{"not_picked":["Beam Cell","Hologram"],"picked":"Sweeping Beam","floor":1},{"not_picked":["Double Energy","White Noise"],"picked":"Genetic Algorithm","floor":6},{"not_picked":["Ball Lightning","Storm"],"picked":"Cold Snap","floor":7},{"not_picked":["Hologram","Echo Form"],"picked":"Genetic Algorithm","floor":8},{"not_picked":["Reinforced Body","Redo"],"picked":"Ball Lightning","floor":12},{"not_picked":["Amplify","Creative AI"],"picked":"Seek","floor":16},{"not_picked":["BootSequence","Rip and Tear"],"picked":"Hologram","floor":18},{"not_picked":["Stack","Ball Lightning"],"picked":"Darkness","floor":19},{"not_picked":["Rebound","Gash"],"picked":"Machine Learning","floor":21},{"not_picked":["Leap+1","Conserve Battery"],"picked":"Static Discharge","floor":23},{"not_picked":["Compile Driver","Sweeping Beam+1"],"picked":"White Noise","floor":24},{"not_picked":["Barrage","Steam"],"picked":"Chaos+1","floor":28},{"not_picked":["Gash","Hologram"],"picked":"Reboot","floor":30},{"not_picked":["Steam Power+1","Rebound"],"picked":"Reinforced Body+1","floor":31},{"not_picked":["Machine Learning","Hyperbeam"],"picked":"Multi-Cast","floor":33},{"not_picked":["Conserve Battery","Steam+1"],"picked":"Stack+1","floor":35},{"not_picked":["Gash+1","Ball Lightning+1"],"picked":"Coolheaded+1","floor":36},{"not_picked":["Turbo","Static Discharge"],"picked":"Tempest+1","floor":38},{"not_picked":["Rebound","Turbo"],"picked":"Redo+1","floor":40},{"not_picked":["Streamline","Sweeping Beam"],"picked":"Leap","floor":41},{"not_picked":["Loop","Sweeping Beam"],"picked":"White Noise+1","floor":42}],"player_experience":301012,"potions_floor_usage":[6,6,6,6,6,16,23,28,33,33,36,38,38,50],"damage_taken":[{"damage":1,"enemies":"Jaw Worm","floor":1,"turns":4},{"damage":17,"enemies":"3 Sentries","floor":6,"turns":4},{"damage":9,"enemies":"Cultist","floor":7,"turns":4},{"damage":0,"enemies":"Small Slimes","floor":8,"turns":3},{"damage":12,"enemies":"Red Slaver","floor":12,"turns":4},{"damage":37,"enemies":"Hexaghost","floor":16,"turns":8},{"damage":2,"enemies":"Chosen","floor":18,"turns":5},{"damage":0,"enemies":"Spheric Guardian","floor":19,"turns":3},{"damage":20,"enemies":"Chosen and Byrds","floor":21,"turns":6},{"damage":54,"enemies":"Book of Stabbing","floor":23,"turns":7},{"damage":3,"enemies":"3 Cultists","floor":24,"turns":5},{"damage":12,"enemies":"Centurion and Healer","floor":28,"turns":6},{"damage":21,"enemies":"Snake Plant","floor":30,"turns":3},{"damage":2,"enemies":"Slavers","floor":31,"turns":5},{"damage":1,"enemies":"Automaton","floor":33,"turns":8},{"damage":8,"enemies":"Orb Walker","floor":35,"turns":4},{"damage":0,"enemies":"3 Darklings","floor":36,"turns":6},{"damage":0,"enemies":"Maw","floor":38,"turns":5},{"damage":59,"enemies":"2 Orb Walkers","floor":40,"turns":5},{"damage":0,"enemies":"4 Shapes","floor":41,"turns":4},{"damage":11,"enemies":"Sphere and 2 Shapes","floor":42,"turns":4},{"damage":50,"enemies":"Time Eater","floor":50,"turns":10}],"relics_obtained":[{"floor":6,"key":"Turnip"},{"floor":9,"key":"Mango"},{"floor":20,"key":"Omamori"},{"floor":23,"key":"Meat on the Bone"},{"floor":26,"key":"Matryoshka"},{"floor":31,"key":"Bag of Preparation"},{"floor":40,"key":"Bronze Scales"},{"floor":43,"key":"Dodecahedron"},{"floor":43,"key":"Shuriken"}],"event_choices":[{"event_name":"Wheel of Change","player_choice":"Gold","floor":2,"damage_taken":0},{"event_name":"Golden Idol","player_choice":"Take Damage","floor":4,"damage_taken":0},{"event_name":"The Lab","player_choice":"Got Potions","floor":5,"damage_taken":0},{"event_name":"Golden Wing","player_choice":"Card Removal","floor":10,"damage_taken":0},{"event_name":"World of Goop","player_choice":"Gather Gold","floor":11,"damage_taken":0},{"event_name":"Mushrooms","player_choice":"Healed and dodged fight","floor":13,"damage_taken":0},{"event_name":"Back to Basics","player_choice":"Elegance","floor":27,"damage_taken":0},{"event_name":"Beggar","player_choice":"Gave Gold","floor":29,"damage_taken":0},{"event_name":"The Moai Head","player_choice":"Gave Idol","floor":37,"damage_taken":0},{"event_name":"Winding Halls","player_choice":"Embrace Madness","floor":45,"damage_taken":0}],"boss_relics":[{"not_picked":["Nuclear Battery","Velvet Choker"],"picked":"Cursed Key"},{"not_picked":["Snecko Eye","Astrolabe"],"picked":"Runic Pyramid"}],"items_purged_floors":[3,39,46],"potions_floor_spawned":[7,19,24,31,33,35,36,42],"seed_played":"73800522658168965","ascension_level":0,"potions_obtained":[{"floor":5,"key":"EntropicBrew"},{"floor":5,"key":"LiquidBronze"},{"floor":5,"key":"AttackPotion"},{"floor":7,"key":"SpeedPotion"},{"floor":19,"key":"Regen Potion"},{"floor":24,"key":"Dexterity Potion"},{"floor":31,"key":"Block Potion"},{"floor":33,"key":"Fire Potion"},{"floor":35,"key":"LiquidBronze"},{"floor":36,"key":"AttackPotion"},{"floor":42,"key":"Regen Potion"}],"is_trial":false}