{"gold_per_floor":[117,132,132,32,32,71,95,95,121,133,145,157,169,202,214,317,329,356,8,26,51,51,51,74,74,74,95,95,144,30,50,50,50],"floor_reached":33,"playtime":1367,"items_purged":["Strike_B"],"score":490,"play_id":"05702d07-024b-4132-97b0-35c8c4f526da","local_time":"20190215182121","is_ascension_mode":true,"campfire_choices":[{"floor":8,"key":"REST"},{"data":"Zap","floor":10,"key":"SMITH"},{"data":"Self Repair","floor":12,"key":"SMITH"},{"floor":15,"key":"REST"},{"floor":23,"key":"REST"},{"data":"Seek","floor":28,"key":"SMITH"},{"floor":32,"key":"REST"}],"neow_cost":"PERCENT_DAMAGE","seed_source_timestamp":2037142191938059,"circlet_count":0,"master_deck":["AscendersBane","Strike_B","Defend_B","Defend_B","Zap+1","Dualcast","Melter","Self Repair+1","Injury","Gash","Rip and Tear","Rebound","Rebound","Parasite","Cold Snap","Seek","Glacier+1","Reprogram+1","Conserve Battery","Gash","Ball Lightning","Ball Lightning","Seek+1","Gash","Sweeping Beam","Steam","Go for the Eyes"],"relics":["Cracked Core","Du-Vu Doll","Golden Idol","DataDisk","MawBank","Astrolabe","Pen Nib","Bottled Lightning","Oddly Smooth Stone"],"potions_floor_usage":[6,6,21,27,33,33],"damage_taken":[{"damage":20,"enemies":"Small Slimes","floor":1,"turns":3},{"damage":0,"enemies":"2 Louse","floor":2,"turns":1},{"damage":20,"enemies":"3 Sentries","floor":6,"turns":6},{"damage":0,"enemies":"Cultist","floor":7,"turns":2},{"damage":22,"enemies":"Lots of Slimes","floor":14,"turns":3},{"damage":65,"enemies":"Slime Boss","floor":16,"turns":9},{"damage":0,"enemies":"Spheric Guardian","floor":18,"turns":1},{"damage":14,"enemies":"Shell Parasite","floor":20,"turns":4},{"damage":18,"enemies":"Snecko","floor":21,"turns":3},{"damage":24,"enemies":"Snake Plant","floor":24,"turns":3},{"damage":18,"enemies":"3 Cultists","floor":27,"turns":4},{"damage":0,"enemies":"Chosen and Byrds","floor":31,"turns":3},{"damage":68,"enemies":"Collector","floor":33,"turns":8}],"seed_played":"-6006442377524565214","potions_obtained":[{"floor":1,"key":"Swift Potion"},{"floor":2,"key":"Energy Potion"},{"floor":14,"key":"SpeedPotion"},{"floor":18,"key":"Fire Potion"},{"floor":20,"key":"Energy Potion"},{"floor":27,"key":"LiquidBronze"}],"is_trial":false,"path_per_floor":["M","M","?","$","?","E","M","R","T","R","?","R","?","M","R","B",null,"M","$","M","M","?","R","M","?","T","M","R","T","$","M","R","B"],"character_chosen":"DEFECT","items_purchased":["Gash","Rip and Tear","Gash","Pen Nib","Ball Lightning","Steam","Block Potion"],"campfire_rested":4,"item_purchase_floors":[4,4,19,19,19,30,30],"current_hp_per_floor":[26,26,26,26,26,13,20,41,41,41,58,58,58,46,67,2,54,54,54,50,42,42,63,49,49,49,41,41,41,41,41,62,0],"gold":50,"neow_bonus":"ONE_RARE_RELIC","is_prod":false,"is_daily":false,"chose_seed":false,"campfire_upgraded":3,"win_rate":0,"timestamp":1550276481,"path_taken":["M","M","?","$","?","E","M","R","T","R","?","R","?","?","R","BOSS","M","$","?","M","?","R","M","?","T","M","R","?","$","M","R","BOSS"],"build_version":"2019-02-06","purchased_purges":1,"victory":false,"max_hp_per_floor":[71,71,71,71,71,71,71,71,71,71,71,71,71,71,71,71,71,71,71,71,71,71,71,71,71,71,71,71,71,71,71,71,71],"card_choices":[{"not_picked":["Chill","Go for the Eyes"],"picked":"Melter","floor":1},{"not_picked":["Auto Shields","Compile Driver"],"picked":"Self Repair","floor":2},{"not_picked":["Hologram","Blizzard"],"picked":"Rebound","floor":6},{"not_picked":["Tempest","Conserve Battery"],"picked":"Rebound","floor":7},{"not_picked":["Glacier","Leap"],"picked":"Cold Snap","floor":14},{"not_picked":["Creative AI","Echo Form"],"picked":"Seek","floor":16},{"not_picked":["Leap","Rebound"],"picked":"Conserve Battery","floor":18},{"not_picked":["Barrage","Turbo"],"picked":"Ball Lightning","floor":20},{"not_picked":["Rebound","Hologram"],"picked":"Seek","floor":21},{"not_picked":["Cold Snap","Coolheaded"],"picked":"Gash","floor":24},{"not_picked":["Ball Lightning","Chill"],"picked":"Sweeping Beam","floor":27},{"not_picked":["Coolheaded","Reboot"],"picked":"Go for the Eyes","floor":31}],"player_experience":825062,"relics_obtained":[{"floor":6,"key":"DataDisk"},{"floor":9,"key":"MawBank"},{"floor":26,"key":"Bottled Lightning"},{"floor":29,"key":"Oddly Smooth Stone"}],"event_choices":[{"damage_healed":0,"gold_gain":0,"player_choice":"Take Wound","damage_taken":0,"relics_obtained":["Golden Idol"],"max_hp_gain":0,"max_hp_loss":0,"event_name":"Golden Idol","floor":3,"gold_loss":0,"cards_obtained":["Injury"]},{"damage_healed":0,"gold_gain":0,"player_choice":"Fled","damage_taken":0,"max_hp_gain":0,"max_hp_loss":0,"event_name":"Scrap Ooze","floor":5,"gold_loss":0},{"damage_healed":17,"gold_gain":0,"player_choice":"Healed and dodged fight","damage_taken":0,"max_hp_gain":0,"max_hp_loss":0,"event_name":"Mushrooms","floor":11,"gold_loss":0,"cards_obtained":["Parasite"]},{"cards_removed":["Strike_B"],"damage_healed":0,"gold_gain":0,"player_choice":"Purged","damage_taken":0,"max_hp_gain":0,"max_hp_loss":0,"event_name":"Purifier","floor":13,"gold_loss":0},{"damage_healed":0,"gold_gain":0,"player_choice":"Ignored","damage_taken":0,"max_hp_gain":0,"max_hp_loss":0,"event_name":"Beggar","floor":22,"gold_loss":0},{"cards_removed":["Creative AI"],"damage_healed":0,"gold_gain":0,"player_choice":"Elegance","damage_taken":0,"max_hp_gain":0,"max_hp_loss":0,"event_name":"Back to Basics","floor":25,"gold_loss":0}],"is_beta":true,"boss_relics":[{"not_picked":["Velvet Choker","White Beast Statue"],"picked":"Astrolabe"}],"items_purged_floors":[19],"is_endless":false,"potions_floor_spawned":[1,2,14,18,20,27],"killed_by":"Collector","ascension_level":20}