{"gold_per_floor":[17,17,17,36,48,48,70,70,121,121,156,156,491,503,503,503],"floor_reached":16,"playtime":1116,"items_purged":[],"score":184,"play_id":"89290dc3-7539-4e91-afa4-7bfebefa2e8c","local_time":"20180705134036","is_ascension_mode":true,"campfire_choices":[{"data":"Seeing Red","floor":6.0,"key":"SMITH"},{"data":"Clothesline","floor":10,"key":"SMITH"},{"floor":12,"key":"REST"},{"data":"Second Wind","floor":15,"key":"SMITH"}],"neow_cost":"","seed_source_timestamp":554697150301687,"circlet_count":0,"master_deck":["Strike_R","Strike_R","Strike_R","Defend_R","Defend_R","Defend_R","Defend_R","Bash","AscendersBane","Burning Pact","Heavy Blade","Seeing Red+1","Clothesline+1","Second Wind+1","Heavy Blade","Disarm"],"special_seed":0,"relics":["Burning Blood","Odd Mushroom","Strawberry","Vajra","Old Coin"],"potions_floor_usage":[11,16],"damage_taken":[{"damage":4.0,"enemies":"2 Louse","floor":1.0,"turns":3.0},{"damage":0.0,"enemies":"Small Slimes","floor":4.0,"turns":3.0},{"damage":5.0,"enemies":"Cultist","floor":5.0,"turns":4.0},{"damage":26.0,"floor":7.0,"turns":6.0},{"damage":31,"enemies":"Lagavulin","floor":11,"turns":7},{"damage":13,"enemies":"3 Sentries","floor":13,"turns":8},{"damage":22,"enemies":"Exordium Thugs","floor":14,"turns":6},{"damage":49,"enemies":"Slime Boss","floor":16,"turns":10}],"seed_played":"-4233505022025005554","potions_obtained":[{"floor":1.0,"key":"PowerPotion"},{"floor":7.0,"key":"BloodPotion"}],"is_trial":false,"path_per_floor":["M","?","$","M","M","R","?","?","T","R","E","R","E","M","R"],"character_chosen":"IRONCLAD","items_purchased":[],"campfire_rested":1,"item_purchase_floors":[],"current_hp_per_floor":[70,70,70,75,75,75,55,55,62,62,37,61,54,38,38,0],"gold":503,"neow_bonus":"","is_prod":false,"is_daily":false,"chose_seed":false,"campfire_upgraded":3,"win_rate":0,"timestamp":1530790836,"path_taken":["M","?","?","?","M","R","?","?","T","R","E","R","E","M","R","BOSS"],"build_version":"2018-07-04","purchased_purges":0,"victory":false,"max_hp_per_floor":[75,75,75,75,75,75,75,75,82,82,82,82,82,82,82,82],"card_choices":[{"not_picked":["Sentinel","Infernal Blade"],"picked":"Burning Pact","floor":1.0},{"not_picked":["Sword Boomerang","Clash"],"picked":"Heavy Blade","floor":4.0},{"not_picked":["Dropkick","Hemokinesis"],"picked":"Seeing Red","floor":5.0},{"not_picked":["Anger","Rage"],"picked":"Clothesline","floor":7.0},{"not_picked":["Anger","Heavy Blade"],"picked":"Second Wind","floor":11},{"not_picked":["Sword Boomerang","Combust"],"picked":"Heavy Blade","floor":13},{"not_picked":["Seeing Red","Exhume"],"picked":"Disarm","floor":14}],"player_experience":261078,"relics_obtained":[{"floor":7.0,"key":"Odd Mushroom"},{"floor":9,"key":"Strawberry"},{"floor":11,"key":"Vajra"},{"floor":13,"key":"Old Coin"}],"event_choices":[{"event_name":"Liars Game","player_choice":"disagreed","floor":2.0,"damage_taken":0.0},{"event_name":"Mushrooms","player_choice":"Fought Mushrooms","floor":7.0,"damage_taken":0.0},{"event_name":"Dead Adventurer","player_choice":"Searched \u00270\u0027 times","floor":8,"damage_taken":0}],"boss_relics":[],"items_purged_floors":[],"is_endless":false,"potions_floor_spawned":[1,7],"killed_by":"Slime Boss","ascension_level":14}