{"gold_per_floor":[109,123,133,19,19,19,54,54,54,69,79,91,103,118,118,221,221,239,252,252,18,36,36],"floor_reached":23,"playtime":1234,"items_purged":[],"score":301,"play_id":"43cf9d99-34b9-4f3d-8db8-8171eb81aca2","local_time":"20180721161847","is_ascension_mode":true,"campfire_choices":[{"data":"Neutralize","floor":6,"key":"SMITH"},{"data":"Glass Knife","floor":8,"key":"SMITH"},{"floor":15,"key":"REST"}],"neow_cost":"","seed_source_timestamp":167346341243432,"circlet_count":0,"master_deck":["Defend_G","Defend_G","Defend_G","Defend_G","Defend_G","Survivor","Neutralize+1","Finisher","Prepared","Dagger Spray","Glass Knife+1","Outmaneuver","Crippling Poison","Bane","Bouncing Flask","Die Die Die","Poisoned Stab","Poisoned Stab","Storm of Steel","Prepared+1","Choke","Bite","Bite","Bite","Bite","Bite","Caltrops","Escape Plan+1"],"relics":["Ring of the Snake","Pear","Centennial Puzzle","Runic Pyramid","Orichalcum"],"potions_floor_usage":[7,14,16,16,23],"damage_taken":[{"damage":1,"enemies":"Cultist","floor":1,"turns":5},{"damage":0,"enemies":"Jaw Worm","floor":2,"turns":4},{"damage":10,"enemies":"Small Slimes","floor":3,"turns":3},{"damage":23,"enemies":"3 Sentries","floor":7,"turns":8},{"damage":6,"enemies":"2 Fungi Beasts","floor":10,"turns":3},{"damage":1,"enemies":"Blue Slaver","floor":11,"turns":3},{"damage":15,"enemies":"Exordium Thugs","floor":12,"turns":3},{"damage":0,"enemies":"3 Louse","floor":13,"turns":2},{"damage":0,"enemies":"2 Fungi Beasts","floor":14,"turns":2},{"damage":20,"enemies":"The Guardian","floor":16,"turns":8},{"damage":0,"enemies":"Chosen","floor":18,"turns":4},{"damage":25,"enemies":"Shell Parasite","floor":19,"turns":5},{"damage":20,"enemies":"Chosen and Byrds","floor":22,"turns":7},{"damage":50,"enemies":"Book of Stabbing","floor":23,"turns":5}],"seed_played":"-4577754088250394184","potions_obtained":[{"floor":1,"key":"Dexterity Potion"},{"floor":3,"key":"Weak Potion"},{"floor":13,"key":"Regen Potion"},{"floor":14,"key":"Regen Potion"},{"floor":16,"key":"LiquidBronze"},{"floor":19,"key":"Dexterity Potion"}],"is_trial":false,"path_per_floor":["M","M","M","$","?","R","E","R","T","M","M","M","M","M","R","B",null,"M","M","?","$","M"],"character_chosen":"THE_SILENT","items_purchased":["Glass Knife","Outmaneuver","Orichalcum","Caltrops"],"campfire_rested":1,"item_purchase_floors":[4,4,21,21],"current_hp_per_floor":[62,62,52,52,52,52,39,39,39,33,32,17,17,22,46,41,70,70,45,45,45,41,0],"gold":36,"neow_bonus":"","is_prod":false,"is_daily":false,"chose_seed":false,"campfire_upgraded":2,"win_rate":0,"timestamp":1532155727,"path_taken":["M","M","M","$","?","R","E","R","T","M","M","M","?","M","R","BOSS","M","M","?","$","M","E"],"build_version":"2018-07-19v2","purchased_purges":0,"victory":false,"max_hp_per_floor":[70,70,70,70,70,70,80,80,80,80,80,80,80,80,80,80,80,80,80,56,56,56,56],"card_choices":[{"not_picked":["Distraction","Escape Plan"],"picked":"Finisher","floor":1},{"not_picked":["Dodge and Roll","Underhanded Strike"],"picked":"Prepared","floor":2},{"not_picked":["Outmaneuver","Underhanded Strike"],"picked":"Dagger Spray","floor":3},{"not_picked":["Dodge and Roll","Sucker Punch"],"picked":"Bane","floor":7},{"not_picked":["Masterful Stab","Dagger Spray"],"picked":"Bouncing Flask","floor":10},{"not_picked":["Sucker Punch","Backflip"],"picked":"Die Die Die","floor":11},{"not_picked":["Backflip","Slice"],"picked":"Poisoned Stab","floor":12},{"not_picked":["Deadly Poison","Sucker Punch"],"picked":"Poisoned Stab","floor":13},{"not_picked":["Acrobatics","Heel Hook","Cloak And Dagger"],"picked":"SKIP","floor":14},{"not_picked":["Unload","Doppelganger"],"picked":"Storm of Steel","floor":16},{"not_picked":["Quick Slash","PiercingWail"],"picked":"Prepared+1","floor":18},{"not_picked":["Dodge and Roll+1","Underhanded Strike"],"picked":"Choke","floor":19},{"not_picked":["Bouncing Flask","Distraction"],"picked":"Escape Plan+1","floor":22}],"player_experience":216137,"relics_obtained":[{"floor":7,"key":"Pear"},{"floor":9,"key":"Centennial Puzzle"}],"event_choices":[{"event_name":"Transmorgrifier","player_choice":"Transform","floor":5,"damage_taken":0},{"event_name":"Vampires","player_choice":"Became a vampire","floor":20,"damage_taken":0}],"is_beta":false,"boss_relics":[{"not_picked":["Empty Cage","Pandora\u0027s Box"],"picked":"Runic Pyramid"}],"items_purged_floors":[],"is_endless":false,"potions_floor_spawned":[1,3,13,14,16,19],"killed_by":"Book of Stabbing","ascension_level":8}