{"gold_per_floor":[113,127,127,127,144,144,207,207,233,233,271,71,90,90],"floor_reached":14,"playtime":477,"items_purged":[],"score":108,"play_id":"3f747c7a-d214-4ae0-b53e-a28c975496be","local_time":"20190211182812","is_ascension_mode":true,"campfire_choices":[{"data":"Double Energy","floor":6.0,"key":"SMITH"},{"data":"Loop","floor":8.0,"key":"SMITH"}],"neow_cost":"NONE","seed_source_timestamp":1060087187859617,"circlet_count":0,"master_deck":["Strike_B","Strike_B","Strike_B","Defend_B+1","Defend_B+1","Defend_B","Defend_B","Zap","Dualcast","Conserve Battery","Double Energy+1","Darkness+1","Loop+1","Go for the Eyes","Darkness+1","Echo Form"],"special_seed":0,"relics":["Cracked Core","NeowsBlessing","Toxic Egg 2","Tiny Chest","War Paint","Golden Idol","DataDisk","DollysMirror"],"potions_floor_usage":[],"damage_taken":[{"damage":0.0,"enemies":"Cultist","floor":1.0,"turns":1.0},{"damage":0.0,"enemies":"Small Slimes","floor":2.0,"turns":1.0},{"damage":0.0,"enemies":"2 Louse","floor":5.0,"turns":1.0},{"damage":18.0,"enemies":"Lagavulin","floor":7.0,"turns":6.0},{"damage":11.0,"enemies":"3 Sentries","floor":11.0,"turns":7.0},{"damage":9.0,"enemies":"Red Slaver","floor":13.0,"turns":3.0},{"damage":20,"enemies":"Exordium Thugs","floor":14,"turns":2}],"seed_played":"1306691701044505037","potions_obtained":[{"floor":11.0,"key":"FearPotion"}],"is_trial":false,"path_per_floor":["M","M","T","?","M","R","E","R","T","?","E","$","M","M"],"character_chosen":"DEFECT","items_purchased":["DollysMirror"],"campfire_rested":0,"item_purchase_floors":[12],"current_hp_per_floor":[75,75,75,68,68,68,50,50,50,32,21,21,12,0],"gold":90,"neow_bonus":"THREE_ENEMY_KILL","is_prod":false,"is_daily":false,"chose_seed":false,"campfire_upgraded":2,"win_rate":0,"timestamp":1549871892,"path_taken":["M","M","?","?","M","R","E","R","T","?","E","$","M","M"],"build_version":"2019-01-23","purchased_purges":0,"victory":false,"max_hp_per_floor":[75,75,75,75,75,75,75,75,75,75,75,75,75,75],"card_choices":[{"not_picked":["Leap","Melter"],"picked":"Conserve Battery","floor":1.0},{"not_picked":["Redo","Gash"],"picked":"Double Energy","floor":2.0},{"not_picked":["Auto Shields+1","Doom and Gloom"],"picked":"Darkness+1","floor":5.0},{"not_picked":["Consume+1","Blizzard"],"picked":"Loop","floor":7.0},{"not_picked":["Sunder","Beam Cell"],"picked":"Go for the Eyes","floor":11.0},{"not_picked":["Doom and Gloom","Genetic Algorithm+1"],"picked":"Echo Form","floor":13.0}],"player_experience":560852,"relics_obtained":[{"floor":3.0,"key":"Toxic Egg 2"},{"floor":7.0,"key":"Tiny Chest"},{"floor":9.0,"key":"War Paint"},{"floor":11.0,"key":"DataDisk"}],"event_choices":[{"cards_removed":["Strike_B"],"damage_healed":0.0,"max_hp_gain":0.0,"max_hp_loss":0.0,"gold_gain":0.0,"event_name":"Golden Wing","player_choice":"Card Removal","floor":4.0,"gold_loss":0.0,"damage_taken":7.0},{"damage_healed":0.0,"max_hp_gain":0.0,"max_hp_loss":0.0,"gold_gain":0.0,"event_name":"Golden Idol","player_choice":"Take Damage","floor":10.0,"gold_loss":0.0,"damage_taken":18.0,"relics_obtained":["Golden Idol"]}],"is_beta":false,"boss_relics":[],"items_purged_floors":[],"is_endless":false,"potions_floor_spawned":[11],"killed_by":"Exordium Thugs","ascension_level":2}