{"gold_per_floor":[214,231,30,30,47,72,91,106,132,82,99,119,129,164,164,265,265,280,380,380,380,396,425,445,465,519,519,105,132,231,231,231,328,328,348,348,95,95,16,16,34,34,34,34,34],"floor_reached":45,"playtime":2090,"items_purged":["Strike_R"],"score":463,"play_id":"b4f63857-0290-4649-8c26-87e64dfd6960","local_time":"20190111133936","is_ascension_mode":false,"campfire_choices":[{"floor":15.0,"key":"REST"},{"floor":27,"key":"REST"},{"floor":32,"key":"DIG"},{"floor":40,"key":"RECALL"},{"floor":42,"key":"DIG"},{"floor":44,"key":"DIG"}],"neow_cost":"NONE","seed_source_timestamp":0,"circlet_count":0,"master_deck":["Strike_R","Strike_R","Defend_R","Defend_R","Defend_R","Defend_R","Bash","Iron Wave+1","Cleave+1","Carnage+1","True Grit","Armaments","Thunderclap+1","Headbutt+1","Immolate+1","Offering","Shrug It Off+1","Metallicize","Metallicize","Corruption","Ghostly Armor","Ghostly Armor","Feel No Pain","Immolate+1","Thunderclap+1","Madness","Madness","Rage","The Bomb","Feel No Pain","Armaments+1"],"special_seed":0,"relics":["Burning Blood","Sling","Molten Egg 2","Boot","Red Skull","Runic Pyramid","Shovel","Shuriken","Ancient Tea Set","PreservedInsect","Anchor","ClockworkSouvenir","Bird Faced Urn","Whetstone","Eternal Feather","Bronze Scales","Regal Pillow"],"potions_floor_usage":[19,24,24,33],"damage_taken":[{"damage":11.0,"enemies":"Cultist","floor":1.0,"turns":5.0},{"damage":15.0,"enemies":"Jaw Worm","floor":2.0,"turns":4.0},{"damage":3.0,"enemies":"Small Slimes","floor":5.0,"turns":4.0},{"damage":26.0,"enemies":"3 Sentries","floor":6.0,"turns":5.0},{"damage":8.0,"enemies":"Looter","floor":7.0,"turns":3.0},{"damage":0.0,"enemies":"Large Slime","floor":8.0,"turns":5.0},{"damage":3.0,"enemies":"3 Louse","floor":11.0,"turns":2.0},{"damage":20.0,"enemies":"Gremlin Gang","floor":12.0,"turns":4.0},{"damage":0.0,"enemies":"2 Fungi Beasts","floor":13.0,"turns":3.0},{"damage":10.0,"enemies":"Gremlin Nob","floor":14.0,"turns":3.0},{"damage":11.0,"enemies":"Slime Boss","floor":16.0,"turns":5.0},{"damage":20,"enemies":"Shell Parasite","floor":18,"turns":4},{"damage":39,"enemies":"Colosseum Slavers","floor":19,"turns":4},{"damage":26,"enemies":"Colosseum Nobs","floor":19,"turns":3},{"damage":9,"enemies":"Chosen","floor":22,"turns":4},{"damage":69,"enemies":"Book of Stabbing","floor":23,"turns":8},{"damage":12,"enemies":"Snake Plant","floor":24,"turns":4},{"damage":0,"enemies":"Centurion and Healer","floor":25,"turns":7},{"damage":13,"enemies":"Slavers","floor":29,"turns":2},{"damage":20,"enemies":"Collector","floor":33,"turns":7},{"damage":17,"enemies":"3 Darklings","floor":35,"turns":3},{"damage":0,"enemies":"3 Shapes","floor":41,"turns":3},{"damage":89,"enemies":"Transient","floor":45,"turns":4}],"seed_played":"-6321141384302635987","potions_obtained":[{"floor":1.0,"key":"GamblersBrew"},{"floor":6.0,"key":"EssenceOfSteel"},{"floor":11.0,"key":"Dexterity Potion"},{"floor":13.0,"key":"Swift Potion"},{"floor":16.0,"key":"GamblersBrew"},{"floor":23,"key":"Regen Potion"},{"floor":24,"key":"Swift Potion"},{"floor":29,"key":"AttackPotion"},{"floor":41,"key":"LiquidBronze"}],"is_trial":false,"path_per_floor":["M","M","$","?","M","E","M","M","T","?","M","M","M","E","R","B",null,"M","?","?","?","M","E","M","M","T","R","$","E","?","?","R","B",null,"M","?","$","?","$","R","M","R","T","R","M"],"character_chosen":"IRONCLAD","items_purchased":["Sling","Anchor","ClockworkSouvenir","Rage","The Bomb","Feel No Pain"],"campfire_rested":2,"item_purchase_floors":[3,28,28,37,37,39],"current_hp_per_floor":[75,66,66,50,53,33,31,37,37,37,40,26,32,28,52,47,80,66,13,13,80,77,14,20,26,26,50,50,43,43,43,43,37,80,69,59,59,59,59,77,80,80,80,80,0],"gold":34,"neow_bonus":"HUNDRED_GOLD","is_prod":false,"is_daily":false,"chose_seed":false,"campfire_upgraded":0,"win_rate":0,"timestamp":1547231976,"path_taken":["M","?","$","?","M","E","M","M","T","?","M","M","M","E","R","BOSS","M","?","?","?","M","E","?","M","T","R","$","E","?","?","R","BOSS","M","?","$","?","$","R","M","R","T","R","M"],"build_version":"2019-01-10","purchased_purges":1,"victory":false,"max_hp_per_floor":[80,80,80,80,80,80,80,80,80,80,80,80,80,80,80,80,80,80,80,80,80,80,80,80,80,80,80,80,80,80,80,80,80,80,80,80,80,80,80,80,80,80,80,80,80],"card_choices":[{"not_picked":["Fire Breathing","Blood for Blood"],"picked":"Iron Wave","floor":1.0},{"not_picked":["Heavy Blade","Burning Pact"],"picked":"Cleave","floor":2.0},{"not_picked":["Anger","Twin Strike"],"picked":"Carnage","floor":5.0},{"not_picked":["Cleave","Flex"],"picked":"True Grit","floor":6.0},{"not_picked":["Intimidate","Anger+1"],"picked":"Armaments","floor":7.0},{"not_picked":["Blood for Blood+1","Flex","Perfected Strike+1"],"picked":"SKIP","floor":8.0},{"not_picked":["Sword Boomerang+1","Entrench"],"picked":"Thunderclap+1","floor":11.0},{"not_picked":["Thunderclap+1","Infernal Blade","Second Wind"],"picked":"SKIP","floor":12.0},{"not_picked":["Sword Boomerang+1","Blood for Blood+1"],"picked":"Headbutt+1","floor":13.0},{"not_picked":["Cleave+1","Sword Boomerang+1"],"picked":"Immolate+1","floor":14.0},{"not_picked":["Brutality","Immolate+1"],"picked":"Offering","floor":16.0},{"not_picked":["Second Wind","Wild Strike+1"],"picked":"Shrug It Off+1","floor":18},{"not_picked":["Clothesline+1","Body Slam+1"],"picked":"Metallicize","floor":19},{"not_picked":["Iron Wave+1","Cleave+1"],"picked":"Metallicize","floor":22},{"not_picked":["Heavy Blade+1","Clothesline+1","Headbutt+1"],"picked":"SKIP","floor":23},{"not_picked":["Fire Breathing+1","Flex+1"],"picked":"Corruption","floor":24},{"not_picked":["True Grit","Wild Strike+1"],"picked":"Ghostly Armor","floor":25},{"not_picked":["Anger+1","Sword Boomerang+1"],"picked":"Ghostly Armor","floor":29},{"not_picked":["Double Tap","Brutality"],"picked":"Immolate+1","floor":33},{"not_picked":["Sword Boomerang+1","Cleave+1"],"picked":"Thunderclap+1","floor":35},{"not_picked":["Hemokinesis+1","Searing Blow+1"],"picked":"Armaments+1","floor":41}],"player_experience":2075836,"relics_obtained":[{"floor":6.0,"key":"Molten Egg 2"},{"floor":9.0,"key":"Boot"},{"floor":14.0,"key":"Red Skull"},{"floor":19,"key":"Shovel"},{"floor":19,"key":"Shuriken"},{"floor":23,"key":"Ancient Tea Set"},{"floor":26,"key":"PreservedInsect"},{"floor":29,"key":"Bird Faced Urn"},{"floor":32,"key":"Whetstone"},{"floor":42,"key":"Bronze Scales"},{"floor":44,"key":"Regal Pillow"}],"event_choices":[{"damage_healed":0.0,"max_hp_gain":0.0,"max_hp_loss":0.0,"gold_gain":0.0,"event_name":"Shining Light","player_choice":"Entered Light","floor":4.0,"gold_loss":0.0,"damage_taken":16.0,"cards_upgraded":["Cleave","Strike_R"]},{"cards_removed":["Strike_R"],"damage_healed":0.0,"max_hp_gain":0.0,"max_hp_loss":0.0,"gold_gain":0.0,"event_name":"The Cleric","player_choice":"Card Removal","floor":10.0,"gold_loss":50.0,"damage_taken":0.0},{"damage_healed":0,"gold_gain":0,"player_choice":"Fight","damage_taken":0,"max_hp_gain":0,"max_hp_loss":0,"event_name":"Colosseum","floor":19,"gold_loss":0},{"damage_healed":0,"gold_gain":0,"player_choice":"Fought Nobs","damage_taken":0,"max_hp_gain":0,"max_hp_loss":0,"event_name":"Colosseum","floor":19,"gold_loss":0},{"damage_healed":0,"gold_gain":0,"player_choice":"Ignored","damage_taken":0,"max_hp_gain":0,"max_hp_loss":0,"event_name":"Ghosts","floor":20,"gold_loss":0},{"damage_healed":67,"gold_gain":0,"player_choice":"Full Heal","damage_taken":0,"max_hp_gain":0,"max_hp_loss":0,"event_name":"Wheel of Change","floor":21,"gold_loss":0},{"damage_healed":0,"gold_gain":99,"player_choice":"Stole From Cult","damage_taken":0,"max_hp_gain":0,"max_hp_loss":0,"event_name":"Nest","floor":30,"gold_loss":0},{"damage_healed":0,"gold_gain":0,"player_choice":"Read","damage_taken":0,"max_hp_gain":0,"max_hp_loss":0,"event_name":"The Library","floor":31,"gold_loss":0,"cards_obtained":["Feel No Pain"]},{"damage_healed":0,"gold_gain":0,"player_choice":"Embrace Madness","damage_taken":10,"max_hp_gain":0,"max_hp_loss":0,"event_name":"Winding Halls","floor":36,"gold_loss":0,"cards_obtained":["Madness","Madness"]},{"cards_removed":["Strike_R"],"damage_healed":0,"gold_gain":0,"player_choice":"Offered Basic","damage_taken":0,"max_hp_gain":0,"max_hp_loss":0,"event_name":"Bonfire Elementals","floor":38,"gold_loss":0}],"is_beta":false,"boss_relics":[{"not_picked":["Astrolabe","Velvet Choker"],"picked":"Runic Pyramid"},{"not_picked":["Orrery","Mark of Pain"],"picked":"Eternal Feather"}],"items_purged_floors":[28],"is_endless":false,"potions_floor_spawned":[1,6,11,13,16,19,23,24,29,41],"killed_by":"Transient","ascension_level":0}