{"gold_per_floor":[114,132,74,84,84,84,115,115,142,167,167,202,202,202,202,276,276,294,294,294,294,310,310,323,356,356,356,371,381,381,381],"floor_reached":31,"playtime":1702,"items_purged":[],"score":501,"play_id":"f2bb1818-725f-4c52-a7ac-ffeb490ec8b2","local_time":"20190204114041","is_ascension_mode":true,"campfire_choices":[{"data":"Bash","floor":6,"key":"SMITH"},{"floor":8,"key":"REST"},{"floor":11,"key":"REST"},{"data":"Seeing Red","floor":13,"key":"SMITH"},{"data":"Pommel Strike","floor":15,"key":"SMITH"},{"floor":23,"key":"REST"},{"floor":27,"key":"REST"},{"floor":30,"key":"REST"}],"neow_cost":"NONE","seed_source_timestamp":76095562190123,"circlet_count":0,"master_deck":["AscendersBane","Strike_R","Strike_R","Strike_R","Defend_R","Defend_R","Defend_R","Defend_R","Bash+1","Blood for Blood","Dropkick","Power Through","Shrug It Off","Pommel Strike+1","Battle Trance","Metallicize","Seeing Red+1","Dark Embrace","Dropkick","Decay","Thunderclap","Pommel Strike","Metallicize","True Grit","True Grit"],"relics":["Burning Blood","Red Skull","The Courier","Regal Pillow","Meat on the Bone","Boot","Mark of Pain","Blue Candle","Darkstone Periapt"],"potions_floor_usage":[7,12,16,19,24,29,31],"damage_taken":[{"damage":7,"enemies":"Jaw Worm","floor":1,"turns":3},{"damage":7,"enemies":"Small Slimes","floor":2,"turns":3},{"damage":0,"enemies":"2 Louse","floor":4,"turns":3},{"damage":25,"enemies":"Lagavulin","floor":7,"turns":7},{"damage":32,"enemies":"Gremlin Nob","floor":10,"turns":4},{"damage":15,"enemies":"Lagavulin","floor":12,"turns":6},{"damage":35,"enemies":"Hexaghost","floor":16,"turns":11},{"damage":26,"enemies":"Shell Parasite","floor":18,"turns":6},{"damage":29,"enemies":"Colosseum Slavers","floor":19,"turns":6},{"damage":24,"enemies":"Chosen","floor":22,"turns":6},{"damage":56,"enemies":"Sentry and Sphere","floor":24,"turns":9},{"damage":47,"enemies":"Slavers","floor":25,"turns":7},{"damage":40,"enemies":"Snake Plant","floor":28,"turns":5},{"damage":26,"enemies":"Shelled Parasite and Fungi","floor":29,"turns":5},{"damage":66,"enemies":"Book of Stabbing","floor":31,"turns":6}],"seed_played":"-7130587529981078513","potions_obtained":[{"floor":2,"key":"Weak Potion"},{"floor":4,"key":"Dexterity Potion"},{"floor":12,"key":"Dexterity Potion"},{"floor":16,"key":"BloodPotion"},{"floor":22,"key":"Regen Potion"},{"floor":28,"key":"Fire Potion"},{"floor":29,"key":"SkillPotion"}],"is_trial":false,"path_per_floor":["M","M","$","M","?","R","E","R","T","E","R","E","R","?","R","B",null,"M","?","?","?","M","R","M","E","T","R","M","M","R","E"],"character_chosen":"IRONCLAD","items_purchased":["Shrug It Off"],"campfire_rested":5,"item_purchase_floors":[3],"current_hp_per_floor":[67,66,66,72,54,54,35,57,57,31,68,59,59,59,59,42,67,47,43,43,43,37,74,51,22,22,59,37,29,66,0],"gold":381,"neow_bonus":"TRANSFORM_CARD","is_prod":false,"is_daily":false,"chose_seed":false,"campfire_upgraded":3,"win_rate":0,"timestamp":1549298441,"path_taken":["M","M","$","M","?","R","E","R","T","E","R","E","R","?","R","BOSS","M","?","?","?","M","R","M","E","T","R","M","?","R","E"],"build_version":"2019-01-23","purchased_purges":0,"victory":false,"max_hp_per_floor":[75,75,75,75,75,75,75,75,75,75,75,75,75,75,75,75,75,75,75,75,75,75,75,75,75,75,75,75,75,75,75],"card_choices":[{"not_picked":["Body Slam","Burning Pact"],"picked":"Dropkick","floor":1},{"not_picked":["Havoc","Heavy Blade"],"picked":"Power Through","floor":2},{"not_picked":["Second Wind","Pummel"],"picked":"Pommel Strike","floor":4},{"not_picked":["Intimidate","Shockwave"],"picked":"Battle Trance","floor":7},{"not_picked":["Combust","Shockwave"],"picked":"Metallicize","floor":10},{"not_picked":["Body Slam","Reckless Charge"],"picked":"Seeing Red","floor":12},{"not_picked":["Berserk","Barricade"],"picked":"Dark Embrace","floor":16},{"not_picked":["Corruption","Flex"],"picked":"Dropkick","floor":18},{"not_picked":["Anger","Sentinel+1"],"picked":"Thunderclap","floor":22},{"not_picked":["Heavy Blade","Bloodletting"],"picked":"Pommel Strike","floor":24},{"not_picked":["Flex","Battle Trance"],"picked":"Metallicize","floor":25},{"not_picked":["Rage+1","Hemokinesis"],"picked":"True Grit","floor":28},{"not_picked":["Shockwave","Combust"],"picked":"True Grit","floor":29}],"player_experience":2310095,"relics_obtained":[{"floor":7,"key":"The Courier"},{"floor":9,"key":"Regal Pillow"},{"floor":10,"key":"Meat on the Bone"},{"floor":12,"key":"Boot"},{"floor":25,"key":"Blue Candle"},{"floor":26,"key":"Darkstone Periapt"}],"event_choices":[{"damage_healed":0,"gold_gain":0,"player_choice":"Success","damage_taken":18,"relics_obtained":["Red Skull"],"max_hp_gain":0,"max_hp_loss":0,"event_name":"Scrap Ooze","floor":5,"gold_loss":0},{"cards_removed":["Strike_R"],"damage_healed":0,"gold_gain":0,"player_choice":"Forget","damage_taken":0,"max_hp_gain":0,"max_hp_loss":0,"event_name":"Living Wall","floor":14,"gold_loss":0},{"damage_healed":0,"gold_gain":0,"player_choice":"Fight","damage_taken":0,"max_hp_gain":0,"max_hp_loss":0,"event_name":"Colosseum","floor":19,"gold_loss":0},{"damage_healed":0,"gold_gain":0,"player_choice":"Fled From Nobs","damage_taken":0,"max_hp_gain":0,"max_hp_loss":0,"event_name":"Colosseum","floor":19,"gold_loss":0},{"damage_healed":0,"gold_gain":0,"player_choice":"Ignored","damage_taken":0,"max_hp_gain":0,"max_hp_loss":0,"event_name":"Vampires","floor":20,"gold_loss":0},{"damage_healed":0,"gold_gain":0,"player_choice":"Smashed Altar","damage_taken":0,"max_hp_gain":0,"max_hp_loss":0,"event_name":"Forgotten Altar","floor":21,"gold_loss":0,"cards_obtained":["Decay"]}],"is_beta":false,"boss_relics":[{"not_picked":["Lizard Tail","Black Star"],"picked":"Mark of Pain"}],"items_purged_floors":[],"is_endless":false,"potions_floor_spawned":[2,4,12,16,22,28,29],"killed_by":"Book of Stabbing","ascension_level":17}