{"path_per_floor":["M","$","?","M","$","R","M","?","T","R","M","M","?","M","R","B",null,"M","?","?","$","M","R","M","$","T","?","$","R","M","M","R","B",null,"M","?","M","M","?","R","?","R","T"],"character_chosen":"DEFECT","items_purchased":["Redo","Tempest","Storm","Glacier"],"gold_per_floor":[114,68,68,85,10,10,28,128,128,128,139,159,159,170,170,269,269,281,281,281,202,218,218,232,61,88,88,20,20,33,43,43,141,141,160,160,172,185,185,185,185,185,233,233],"floor_reached":44,"campfire_rested":2,"playtime":2153,"item_purchase_floors":[2,21,25,28],"current_hp_per_floor":[65,65,65,65,65,65,65,65,65,65,63,63,63,63,63,44,75,75,75,75,75,66,66,59,59,59,59,59,75,68,54,75,12,75,29,29,29,18,66,66,58,58,58,0],"items_purged":["Strike_B","Strike_B"],"gold":233,"score":458,"play_id":"ae2b6b77-b88d-44d7-86fe-7cc308e40015","local_time":"20180613212913","is_prod":false,"is_daily":false,"chose_seed":false,"is_ascension_mode":true,"campfire_upgraded":6,"win_rate":0,"timestamp":1528939753,"campfire_choices":[{"data":"Redo","floor":6,"key":"SMITH"},{"data":"Zap","floor":10,"key":"SMITH"},{"data":"Electrodynamics","floor":15,"key":"SMITH"},{"data":"Capacitor","floor":23,"key":"SMITH"},{"floor":29,"key":"REST"},{"floor":32,"key":"REST"},{"data":"Fission","floor":40,"key":"SMITH"},{"data":"Madness","floor":42,"key":"SMITH"}],"path_taken":["M","?","?","M","$","R","M","?","T","R","M","M","?","M","R","BOSS","M","?","?","$","?","R","M","$","T","?","$","R","?","M","R","BOSS","M","?","M","M","?","R","?","R","T","?"],"build_version":"2018-06-07v3","seed_source_timestamp":611893041102790,"purchased_purges":2,"victory":false,"master_deck":["Strike_B","Strike_B","Defend_B","Defend_B","Defend_B","Defend_B","Zap+1","Dualcast+1","Coolheaded","Redo+1","Melter","Conserve Battery+1","Electrodynamics+1","Streamline","Tempest","Creative AI+1","Capacitor+1","Tempest","Coolheaded","Consume","Decay","Glacier","Compile Driver+1","Fission+1","Redo+1","Stack+1","Madness","Madness+1","Clumsy"],"max_hp_per_floor":[75,75,75,75,75,75,75,75,75,75,75,75,75,75,75,75,75,75,75,75,75,75,75,75,75,75,75,75,75,75,75,75,75,75,75,75,75,75,66,66,66,66,66,66],"relics":["Cracked Core","Oddly Smooth Stone","War Paint","Cursed Key","DataDisk","Inserter","Anchor"],"card_choices":[{"not_picked":["Rebound","Double Energy"],"picked":"Coolheaded","floor":1},{"not_picked":["Rebound","Coolheaded"],"picked":"Melter","floor":4},{"not_picked":["Redo","Steam"],"picked":"Conserve Battery","floor":7},{"not_picked":["Rebound","Capacitor"],"picked":"Electrodynamics","floor":11},{"not_picked":["Conserve Battery","Steam"],"picked":"Streamline","floor":12},{"not_picked":["Ball Lightning","Coolheaded"],"picked":"Tempest","floor":14},{"not_picked":["Amplify","All For One"],"picked":"Creative AI","floor":16},{"not_picked":["Streamline+1","Hologram+1","Rebound"],"picked":"SKIP","floor":18},{"not_picked":["Turbo","Gash"],"picked":"Coolheaded","floor":22},{"not_picked":["Sunder","Stack"],"picked":"Consume","floor":24},{"not_picked":["Rebound","Turbo"],"picked":"Compile Driver+1","floor":30},{"not_picked":["Hologram+1","Sweeping Beam","Rebound"],"picked":"SKIP","floor":31},{"not_picked":["Biased Cognition","Reboot"],"picked":"Fission","floor":33},{"not_picked":["Sweeping Beam+1","Ball Lightning"],"picked":"Redo+1","floor":35},{"not_picked":["Reprogram+1","Cold Snap+1"],"picked":"Stack+1","floor":37},{"not_picked":["Leap","Steam","Melter+1"],"picked":"SKIP","floor":38}],"player_experience":527023,"potions_floor_usage":[14,16,16,31,33,37,38,44],"damage_taken":[{"damage":10,"enemies":"Cultist","floor":1,"turns":4},{"damage":0,"enemies":"Jaw Worm","floor":4,"turns":3},{"damage":0,"enemies":"2 Louse","floor":7,"turns":2},{"damage":2,"enemies":"2 Fungi Beasts","floor":11,"turns":3},{"damage":0,"enemies":"Red Slaver","floor":12,"turns":3},{"damage":0,"enemies":"Gremlin Gang","floor":14,"turns":2},{"damage":19,"enemies":"Hexaghost","floor":16,"turns":8},{"damage":0,"enemies":"Spheric Guardian","floor":18,"turns":3},{"damage":9,"enemies":"Chosen","floor":22,"turns":4},{"damage":7,"enemies":"Sentry and Sphere","floor":24,"turns":4},{"damage":7,"enemies":"Snake Plant","floor":30,"turns":4},{"damage":14,"enemies":"Snecko","floor":31,"turns":4},{"damage":63,"enemies":"Champ","floor":33,"turns":9},{"damage":46,"enemies":"3 Darklings","floor":35,"turns":3},{"damage":0,"enemies":"3 Shapes","floor":37,"turns":3},{"damage":11,"enemies":"Sphere and 2 Shapes","floor":38,"turns":3},{"damage":65,"enemies":"Maw","floor":44,"turns":10}],"relics_obtained":[{"floor":9,"key":"War Paint"},{"floor":26,"key":"DataDisk"},{"floor":43,"key":"Anchor"}],"event_choices":[{"event_name":"The Lab","player_choice":"Got Potions","floor":3,"damage_taken":0},{"event_name":"Golden Shrine","player_choice":"Pray","floor":8,"damage_taken":0},{"event_name":"Liars Game","player_choice":"disagreed","floor":13,"damage_taken":0},{"event_name":"Upgrade Shrine","player_choice":"Upgraded","floor":19,"damage_taken":0},{"event_name":"The Library","player_choice":"Read","floor":20,"damage_taken":0},{"event_name":"Vampires","player_choice":"Ignored","floor":27,"damage_taken":0},{"event_name":"Falling","player_choice":"Removed Power","floor":36,"damage_taken":0},{"event_name":"The Moai Head","player_choice":"Heal","floor":39,"damage_taken":0},{"event_name":"Winding Halls","player_choice":"Embrace Madness","floor":41,"damage_taken":0}],"boss_relics":[{"not_picked":["Nuclear Battery","Velvet Choker"],"picked":"Cursed Key"},{"not_picked":["White Beast Statue","Runic Dome"],"picked":"Inserter"}],"items_purged_floors":[5,25],"potions_floor_spawned":[4,7,11,12,22,24,30,35,37],"seed_played":"-8943439418015036161","killed_by":"Maw","ascension_level":3,"potions_obtained":[{"floor":3,"key":"SmokeBomb"},{"floor":3,"key":"Weak Potion"},{"floor":3,"key":"Block Potion"},{"floor":4,"key":"Explosive Potion"},{"floor":11,"key":"LiquidBronze"},{"floor":22,"key":"Fire Potion"},{"floor":24,"key":"Explosive Potion"},{"floor":30,"key":"GamblersBrew"},{"floor":35,"key":"AttackPotion"},{"floor":37,"key":"PowerPotion"}],"is_trial":false}