{"gold_per_floor":[109,32,46,46,46,76,76,90,142,142,153,163,163,163,163,163],"floor_reached":16,"playtime":874,"items_purged":[],"score":100,"play_id":"734857b3-2444-49fb-9fb9-a7f3b3ee2be0","local_time":"20180713152300","is_ascension_mode":false,"campfire_choices":[{"data":"Zap","floor":7,"key":"SMITH"},{"data":"Glacier","floor":10,"key":"SMITH"},{"floor":13,"key":"REST"},{"floor":15,"key":"REST"}],"neow_cost":"","seed_source_timestamp":0,"circlet_count":0,"master_deck":["Strike_B","Strike_B","Strike_B","Defend_B","Defend_B","Defend_B","Defend_B","Zap+1","Dualcast","Coolheaded","Cold Snap","Leap","Cold Snap","Cold Snap","Glacier+1","Consume","Go for the Eyes"],"relics":["Cracked Core","Lantern","Potion Belt","Pear"],"potions_floor_usage":[16,16],"damage_taken":[{"damage":3,"enemies":"2 Louse","floor":1,"turns":3},{"damage":5,"enemies":"Small Slimes","floor":3,"turns":3},{"damage":18,"enemies":"3 Sentries","floor":6,"turns":9},{"damage":0,"enemies":"Jaw Worm","floor":8,"turns":3},{"damage":0,"enemies":"2 Fungi Beasts","floor":11,"turns":3},{"damage":7,"enemies":"Exordium Thugs","floor":12,"turns":6},{"damage":67,"enemies":"Hexaghost","floor":16,"turns":19}],"seed_played":"5376068323506947994","potions_obtained":[{"floor":1,"key":"Block Potion"},{"floor":8,"key":"Ancient Potion"},{"floor":12,"key":"Swift Potion"}],"is_trial":true,"path_per_floor":["M","$","M","?","?","E","R","M","T","R","M","M","R","?","R"],"character_chosen":"DEFECT","items_purchased":["Cold Snap","Leap"],"campfire_rested":2,"item_purchase_floors":[2,2],"current_hp_per_floor":[72,72,67,60,60,42,42,42,42,42,42,35,57,42,67,0],"gold":163,"neow_bonus":"","is_prod":false,"is_daily":false,"chose_seed":false,"campfire_upgraded":2,"win_rate":0,"timestamp":1531509780,"path_taken":["M","$","M","?","?","E","R","M","T","R","M","M","R","?","R","BOSS"],"build_version":"2018-07-12","purchased_purges":0,"victory":false,"max_hp_per_floor":[75,75,75,75,75,75,75,75,75,75,75,75,75,85,85,85],"card_choices":[{"not_picked":["Scrape","Turbo"],"picked":"Coolheaded","floor":1},{"not_picked":["Ball Lightning","Sunder"],"picked":"Cold Snap","floor":3},{"not_picked":["Fusion","Go for the Eyes"],"picked":"Cold Snap","floor":6},{"not_picked":["Chill","Rebound"],"picked":"Glacier","floor":8},{"not_picked":["Barrage","Steam"],"picked":"Consume","floor":11},{"not_picked":["Ball Lightning","Scrape"],"picked":"Go for the Eyes","floor":12}],"player_experience":1079208,"relics_obtained":[{"floor":6,"key":"Lantern"},{"floor":9,"key":"Potion Belt"}],"event_choices":[{"event_name":"Golden Wing","player_choice":"Card Removal","floor":4,"damage_taken":0},{"event_name":"Shining Light","player_choice":"Ignored","floor":5,"damage_taken":0},{"event_name":"Scrap Ooze","player_choice":"success","floor":14,"damage_taken":25}],"boss_relics":[],"items_purged_floors":[],"is_endless":true,"potions_floor_spawned":[1,8,12],"killed_by":"Hexaghost","ascension_level":0}