{"path_per_floor":["M","?","?","T","M","E","?","M","T","E","M","R","M","E","R","B",null,"M","M","?","M","M","R","$","?","T","E","R","M","R","M","R"],"character_chosen":"IRONCLAD","items_purchased":["Oddly Smooth Stone","Ancient Tea Set"],"gold_per_floor":[117,117,117,117,128,156,156,168,168,199,219,219,229,262,262,362,362,372,382,382,400,415,415,41,41,41,76,76,93,93,109,109,109],"floor_reached":33,"campfire_rested":1,"playtime":2216,"current_hp_per_floor":[80,85,85,85,85,69,62,68,68,48,54,54,58,38,78,52,85,85,85,85,70,72,72,72,72,72,69,69,61,61,67,67,0],"items_purged":["Strike_R"],"gold":109,"score":287,"play_id":"c01ae22d-5909-48cb-b4d9-cd474743a32c","local_time":"20180516025821","is_prod":false,"is_daily":false,"chose_seed":false,"is_ascension_mode":false,"campfire_upgraded":2,"timestamp":1526432301,"path_taken":["M","?","?","?","M","E","?","M","T","E","?","R","?","E","R","BOSS","M","M","?","M","M","R","$","?","T","E","R","?","R","M","R","BOSS"],"build_version":"2018-05-10","seed_source_timestamp":137455302990702,"purchased_purges":1,"victory":false,"master_deck":["Strike_R","Strike_R","Strike_R","Defend_R","Defend_R","Defend_R","Bash","Metallicize","Headbutt","Double Tap+1","Flex+1","Thunderclap","Cleave","Anger","Reaper","Iron Wave","Iron Wave","Ghostly Armor","True Grit","Disarm+1","Intimidate"],"max_hp_per_floor":[80,85,85,85,85,85,85,85,85,85,85,85,85,85,85,85,85,85,85,85,85,85,85,85,85,85,85,85,85,85,85,85,85],"relics":["Burning Blood","Anchor","Omamori","Regal Pillow","Toolbox","Pantograph","Happy Flower","Runic Cube","Gremlin Horn","Oddly Smooth Stone","Ancient Tea Set","Shovel","Centennial Puzzle","Bottled Tornado","Calipers"],"card_choices":[{"not_picked":["Twin Strike","Combust"],"picked":"Metallicize","floor":1},{"not_picked":["Warcry","Armaments"],"picked":"Headbutt","floor":5},{"not_picked":["Perfected Strike","Inflame"],"picked":"Double Tap","floor":6},{"not_picked":["Perfected Strike","Anger"],"picked":"Flex","floor":8},{"not_picked":["Bloodletting","Armaments"],"picked":"Thunderclap","floor":10},{"not_picked":["Reckless Charge","Power Through"],"picked":"Cleave","floor":11},{"not_picked":["Entrench","Corruption"],"picked":"Anger","floor":14},{"not_picked":["Limit Break","Dark Embrace"],"picked":"Reaper","floor":16},{"not_picked":["Combust","Clothesline"],"picked":"Iron Wave","floor":18},{"not_picked":["Sentinel","Blood for Blood"],"picked":"Iron Wave","floor":19},{"not_picked":["Whirlwind","True Grit"],"picked":"Ghostly Armor","floor":21},{"not_picked":["Iron Wave","Havoc"],"picked":"True Grit","floor":22},{"not_picked":["Wild Strike","Second Wind"],"picked":"Disarm","floor":27},{"not_picked":["Blood for Blood","Havoc"],"picked":"Intimidate","floor":31}],"player_experience":75545,"potions_floor_usage":[10,16,21,27,27,27,29],"damage_taken":[{"damage":0,"enemies":"2 Louse","floor":1,"turns":3},{"damage":0,"enemies":"Small Slimes","floor":5,"turns":4},{"damage":22,"enemies":"Gremlin Nob","floor":6,"turns":4},{"damage":0,"enemies":"Jaw Worm","floor":8,"turns":3},{"damage":26,"enemies":"Lagavulin","floor":10,"turns":6},{"damage":0,"enemies":"2 Fungi Beasts","floor":11,"turns":2},{"damage":2,"enemies":"Blue Slaver","floor":13,"turns":2},{"damage":26,"enemies":"Gremlin Nob","floor":14,"turns":4},{"damage":39,"enemies":"Slime Boss","floor":16,"turns":10},{"damage":0,"enemies":"3 Byrds","floor":18,"turns":3},{"damage":5,"enemies":"Chosen","floor":19,"turns":4},{"damage":21,"enemies":"Snake Plant","floor":21,"turns":4},{"damage":16,"enemies":"3 Cultists","floor":22,"turns":4},{"damage":22,"enemies":"Slavers","floor":27,"turns":4},{"damage":22,"enemies":"Chosen and Byrds","floor":29,"turns":5},{"damage":4,"enemies":"Sentry and Sphere","floor":31,"turns":5},{"damage":89,"enemies":"Automaton","floor":33,"turns":10}],"event_choices":[{"event_name":"Big Fish","player_choice":"Donut","floor":2,"damage_taken":0},{"event_name":"Living Wall","player_choice":"Forget","floor":3,"damage_taken":0},{"event_name":"Golden Wing","player_choice":"Card Removal","floor":7,"damage_taken":0},{"event_name":"The Mausoleum","player_choice":"Yes","floor":20,"damage_taken":0},{"event_name":"The Lab","player_choice":"Got Potions","floor":25,"damage_taken":0}],"boss_relics":[{"not_picked":["Velvet Choker","Tiny House"],"picked":"Runic Cube"}],"potions_floor_spawned":[1,5,13,16,18,19,27],"seed_played":"-4682903485495209346","killed_by":"Automaton","ascension_level":0,"is_trial":false}