{"gold_per_floor":[112,17,28,28,28,28,57,67,67,97,97,109,121,132,132,132],"floor_reached":16,"playtime":4047,"items_purged":[],"score":196,"play_id":"5b691c77-2db7-4626-b2b7-2dad56d7dc45","local_time":"20180713145441","is_ascension_mode":true,"campfire_choices":[{"data":"Neutralize","floor":6,"key":"SMITH"},{"floor":11,"key":"REST"},{"floor":15,"key":"REST"}],"neow_cost":"TEN_PERCENT_HP_LOSS","seed_source_timestamp":223882307077135,"circlet_count":0,"master_deck":["Defend_G","Defend_G","Defend_G","Defend_G","Defend_G","Strike_G","Strike_G","Strike_G","Survivor","Neutralize+1","AscendersBane","Distraction","After Image","Escape Plan","Quick Slash","Cloak And Dagger","Prepared","Flying Knee","Malaise","Cloak And Dagger","Deflect","Malaise","Malaise"],"relics":["Ring of the Snake","Smiling Mask","Centennial Puzzle","Peace Pipe"],"potions_floor_usage":[7,10,16],"damage_taken":[{"damage":4,"enemies":"Cultist","floor":1,"turns":6},{"damage":0,"enemies":"Small Slimes","floor":3,"turns":3},{"damage":31,"enemies":"Lagavulin","floor":7,"turns":17},{"damage":1,"enemies":"Jaw Worm","floor":8,"turns":5},{"damage":14,"enemies":"Gremlin Nob","floor":10,"turns":8},{"damage":1,"enemies":"Blue Slaver","floor":12,"turns":5},{"damage":9,"enemies":"Exordium Wildlife","floor":13,"turns":8},{"damage":0,"enemies":"2 Fungi Beasts","floor":14,"turns":6},{"damage":35,"enemies":"Hexaghost","floor":16,"turns":25}],"seed_played":"4271291762544869166","potions_obtained":[{"floor":1,"key":"Strength Potion"},{"floor":8,"key":"EssenceOfSteel"},{"floor":14,"key":"GamblersBrew"}],"is_trial":false,"path_per_floor":["M","$","M","$","$","R","E","M","T","E","R","M","M","M","R"],"character_chosen":"THE_SILENT","items_purchased":["Quick Slash","Cloak And Dagger"],"campfire_rested":2,"item_purchase_floors":[2,2],"current_hp_per_floor":[55,55,55,55,55,55,24,23,23,9,27,26,17,17,35,0],"gold":132,"neow_bonus":"TRANSFORM_TWO_CARDS","is_prod":false,"is_daily":false,"chose_seed":false,"campfire_upgraded":1,"win_rate":0,"timestamp":1531486481,"path_taken":["M","$","M","?","$","R","E","M","T","E","R","?","M","M","R","BOSS"],"build_version":"2018-07-12","purchased_purges":0,"victory":false,"max_hp_per_floor":[60,60,60,60,60,60,60,60,60,60,60,60,60,60,60,60],"card_choices":[{"not_picked":["Bouncing Flask","Caltrops"],"picked":"Escape Plan","floor":1},{"not_picked":["Underhanded Strike","Terror"],"picked":"Prepared","floor":3},{"not_picked":["Finisher","Dodge and Roll"],"picked":"Flying Knee","floor":7},{"not_picked":["Poisoned Stab","Choke"],"picked":"Malaise","floor":8},{"not_picked":["Quick Slash","Unload"],"picked":"Cloak And Dagger","floor":10},{"not_picked":["Deadly Poison","Crippling Poison"],"picked":"Deflect","floor":12},{"not_picked":["Outmaneuver","Crippling Poison"],"picked":"Malaise","floor":13},{"not_picked":["Dagger Spray","Quick Slash"],"picked":"Malaise","floor":14}],"player_experience":1030268,"relics_obtained":[{"floor":7,"key":"Smiling Mask"},{"floor":9,"key":"Centennial Puzzle"},{"floor":10,"key":"Peace Pipe"}],"event_choices":[],"boss_relics":[],"items_purged_floors":[],"is_endless":false,"potions_floor_spawned":[1,8,14],"killed_by":"Hexaghost","ascension_level":15}