{"gold_per_floor":[216,229,240,18,18,18,18,18,18,36,36,53,64,64,64,64],"floor_reached":16,"playtime":795,"items_purged":[],"score":124,"play_id":"832a6f75-17ea-4ad1-b349-da9b6d881ace","local_time":"20180626144821","is_ascension_mode":true,"campfire_choices":[{"floor":7,"key":"REST"},{"data":"Zap","floor":11,"key":"SMITH"},{"floor":15,"key":"REST"}],"neow_cost":"NONE","seed_source_timestamp":155194146594655,"circlet_count":0,"master_deck":["Strike_B","Strike_B","Defend_B","Defend_B","Defend_B","Defend_B","Zap+1","Dualcast","Hologram","Conserve Battery","Coolheaded","Panache","Self Repair","Double Energy","Beam Cell","Streamline","Double Energy"],"relics":["Cracked Core","Toolbox"],"potions_floor_usage":[],"damage_taken":[{"damage":11,"enemies":"2 Louse","floor":1,"turns":3},{"damage":1,"enemies":"Cultist","floor":2,"turns":3},{"damage":0,"enemies":"Jaw Worm","floor":3,"turns":3},{"damage":10,"enemies":"Blue Slaver","floor":10,"turns":4},{"damage":14,"enemies":"Red Slaver","floor":12,"turns":4},{"damage":27,"enemies":"Exordium Thugs","floor":13,"turns":4},{"damage":77,"enemies":"Hexaghost","floor":16,"turns":11}],"seed_played":"-7705802826906999782","potions_obtained":[{"floor":10,"key":"FearPotion"}],"is_trial":false,"path_per_floor":["M","M","M","$","?","$","R","?","T","M","R","M","M","?","R"],"character_chosen":"DEFECT","items_purchased":["Panache","Self Repair"],"campfire_rested":2,"item_purchase_floors":[4,4],"current_hp_per_floor":[57,56,56,56,56,56,75,75,75,75,75,68,48,48,70,0],"gold":64,"neow_bonus":"HUNDRED_GOLD","is_prod":false,"is_daily":false,"chose_seed":false,"campfire_upgraded":1,"win_rate":0,"timestamp":1530038901,"path_taken":["M","M","M","$","?","?","R","?","T","M","R","M","M","?","R","BOSS"],"build_version":"2018-06-21v2","purchased_purges":0,"victory":false,"max_hp_per_floor":[75,75,75,75,75,75,75,75,75,75,75,75,75,75,75,75],"card_choices":[{"not_picked":["Compile Driver","Stack"],"picked":"Hologram","floor":1},{"not_picked":["Ball Lightning","Rip and Tear"],"picked":"Conserve Battery","floor":2},{"not_picked":["Skim","Hologram"],"picked":"Coolheaded","floor":3},{"not_picked":["Go for the Eyes","Streamline"],"picked":"Beam Cell","floor":10},{"not_picked":["Skim","Steam"],"picked":"Streamline","floor":12},{"not_picked":["Rebound","Ball Lightning"],"picked":"Double Energy","floor":13}],"player_experience":795862,"relics_obtained":[{"floor":9,"key":"Toolbox"}],"event_choices":[{"event_name":"Purifier","player_choice":"One Purge","floor":5,"damage_taken":0},{"event_name":"Transmorgrifier","player_choice":"Transform","floor":8,"damage_taken":0},{"event_name":"Shining Light","player_choice":"Ignored","floor":14,"damage_taken":0}],"boss_relics":[],"items_purged_floors":[],"is_endless":false,"potions_floor_spawned":[10],"killed_by":"Hexaghost","ascension_level":7}