{"gold_per_floor":[109,120,120,137,137,137,169,183,183,202,229,240,254,281,281,382,382,392,392,405,249,267,277,310,310,381,381,408,419,448,311,311,413,413,432,482,22,22,33,50,69,85,85,85,85,97,107,57,57,57],"floor_reached":50,"playtime":8622,"items_purged":["Strike_G","Strike_G","Defend_G","Strike_G"],"score":636,"play_id":"af23e4af-782b-45d6-9f73-0fe10a379ff7","local_time":"20190209142713","is_ascension_mode":true,"campfire_choices":[{"data":"Dagger Spray","floor":6,"key":"SMITH"},{"data":"Footwork","floor":15,"key":"SMITH"},{"floor":25,"key":"REST"},{"floor":27,"key":"RECALL"},{"floor":32,"key":"REST"}],"neow_cost":"NONE","seed_source_timestamp":2719815358085515,"circlet_count":0,"master_deck":["Defend_G","Defend_G","Defend_G","Defend_G","Strike_G","Survivor","Neutralize+1","Quick Slash","Dagger Spray+1","Glass Knife","Footwork+1","Adrenaline","Escape Plan","Well Laid Plans","Tactician","Night Terror","Dodge and Roll","Infinite Blades","Sucker Punch+1","Calculated Gamble+1","Dodge and Roll+1","Noxious Fumes+1","Footwork","Tools of the Trade","Blade Dance+1","Tactician+1","Footwork","Cloak And Dagger+1","Envenom"],"relics":["Ring of the Snake","PreservedInsect","Question Card","Tingsha","Bronze Scales","Fusion Hammer","Ninja Scroll","Toxic Egg 2","Unceasing Top","Thread and Needle","Coffee Dripper","Turnip","Mummified Hand","Smiling Mask"],"potions_floor_usage":[7,11,12,16,18,20,28,29,29,33,33,42,50,50],"damage_taken":[{"damage":3,"enemies":"2 Louse","floor":1,"turns":6},{"damage":0,"enemies":"Cultist","floor":2,"turns":4},{"damage":2,"enemies":"Small Slimes","floor":4,"turns":4},{"damage":12,"enemies":"Gremlin Nob","floor":7,"turns":4},{"damage":0,"enemies":"Exordium Thugs","floor":8,"turns":3},{"damage":4,"enemies":"2 Fungi Beasts","floor":10,"turns":3},{"damage":2,"enemies":"Lagavulin","floor":11,"turns":6},{"damage":4,"enemies":"Gremlin Gang","floor":12,"turns":5},{"damage":1,"enemies":"3 Louse","floor":13,"turns":2},{"damage":0,"enemies":"Gremlin Nob","floor":14,"turns":3},{"damage":31,"enemies":"The Guardian","floor":16,"turns":13},{"damage":14,"enemies":"2 Thieves","floor":18,"turns":4},{"damage":0,"enemies":"3 Byrds","floor":20,"turns":2},{"damage":2,"enemies":"3 Cultists","floor":22,"turns":5},{"damage":18,"enemies":"Shelled Parasite and Fungi","floor":23,"turns":4},{"damage":4,"enemies":"Book of Stabbing","floor":24,"turns":6},{"damage":0,"enemies":"Slavers","floor":28,"turns":3},{"damage":13,"enemies":"Snake Plant","floor":29,"turns":3},{"damage":11,"enemies":"Gremlin Leader","floor":30,"turns":7},{"damage":30,"enemies":"Champ","floor":33,"turns":19},{"damage":7,"enemies":"3 Darklings","floor":35,"turns":4},{"damage":37,"enemies":"2 Orb Walkers","floor":36,"turns":6},{"damage":0,"enemies":"3 Shapes","floor":39,"turns":2},{"damage":14,"enemies":"3 Darklings","floor":40,"turns":5},{"damage":0,"enemies":"Sphere and 2 Shapes","floor":41,"turns":5},{"damage":0,"enemies":"4 Shapes","floor":42,"turns":5},{"damage":0,"enemies":"Spire Growth","floor":46,"turns":5},{"damage":14,"enemies":"Sphere and 2 Shapes","floor":47,"turns":5},{"damage":25,"enemies":"Awakened One","floor":50,"turns":3}],"seed_played":"-1624512606959151811","potions_obtained":[{"floor":1,"key":"Block Potion"},{"floor":7,"key":"EssenceOfSteel"},{"floor":10,"key":"Block Potion"},{"floor":11,"key":"AttackPotion"},{"floor":12,"key":"Explosive Potion"},{"floor":13,"key":"SneckoOil"},{"floor":18,"key":"GamblersBrew"},{"floor":19,"key":"Strength Potion"},{"floor":24,"key":"Dexterity Potion"},{"floor":28,"key":"Fruit Juice"},{"floor":30,"key":"GamblersBrew"},{"floor":39,"key":"Regen Potion"},{"floor":40,"key":"Weak Potion"},{"floor":41,"key":"AttackPotion"},{"floor":46,"key":"LiquidBronze"}],"is_trial":false,"path_per_floor":["M","M","?","M","?","R","E","M","T","M","E","M","M","E","R","B",null,"M","?","M","$","M","M","E","R","T","R","E","M","E","$","R","B",null,"M","?","$","?","M","M","M","M","T","R","?","M","M","$","R","B"],"character_chosen":"THE_SILENT","items_purchased":["Infinite Blades","Footwork","Mummified Hand","Footwork"],"campfire_rested":2,"item_purchase_floors":[21,31,37,37],"current_hp_per_floor":[74,74,74,72,72,72,60,60,60,56,54,50,49,49,49,18,77,63,63,63,63,61,43,39,62,62,62,62,54,43,43,67,37,82,75,38,38,30,30,16,16,16,16,16,16,16,2,2,2,0],"gold":57,"neow_bonus":"TEN_PERCENT_HP_BONUS","is_prod":false,"is_daily":false,"chose_seed":false,"campfire_upgraded":2,"win_rate":0,"timestamp":1549744033,"path_taken":["M","M","?","?","?","R","E","M","T","M","E","M","?","E","R","BOSS","M","?","M","$","M","M","E","R","T","R","E","M","E","?","R","BOSS","M","?","$","?","M","?","M","M","T","R","?","M","?","?","R","BOSS"],"build_version":"2019-02-06","purchased_purges":4,"victory":false,"max_hp_per_floor":[77,77,77,77,77,77,77,77,77,77,77,77,77,77,77,77,77,77,77,77,77,77,77,77,77,77,77,77,82,82,82,82,82,82,82,82,82,82,82,82,82,82,82,82,82,82,82,82,82,82],"card_choices":[{"not_picked":["Crippling Poison","PiercingWail"],"picked":"Quick Slash","floor":1},{"not_picked":["Skewer","Bane"],"picked":"Dagger Spray","floor":2},{"not_picked":["Flechettes","Deadly Poison","Finisher"],"picked":"SKIP","floor":4},{"not_picked":["Bouncing Flask","Deflect"],"picked":"Glass Knife","floor":7},{"not_picked":["Riddle With Holes","Caltrops","Prepared"],"picked":"SKIP","floor":8},{"not_picked":["Dagger Spray","Underhanded Strike","Outmaneuver"],"picked":"Footwork","floor":10},{"not_picked":["Dash","Dagger Spray","Cloak And Dagger"],"picked":"Adrenaline","floor":11},{"not_picked":["Dagger Spray","Tactician","Dagger Throw"],"picked":"Escape Plan","floor":12},{"not_picked":["Blade Dance","Slice","Sucker Punch"],"picked":"Well Laid Plans","floor":13},{"not_picked":["Heel Hook","Finisher","Predator"],"picked":"Tactician","floor":14},{"not_picked":["Bullet Time","Wraith Form v2","Doppelganger"],"picked":"Night Terror","floor":16},{"not_picked":["Bouncing Flask","Acrobatics","Underhanded Strike+1","Choke+1"],"picked":"SKIP","floor":18},{"not_picked":["Flechettes+1","Dash","Tactician"],"picked":"Dodge and Roll","floor":20},{"not_picked":["Dagger Spray","Well Laid Plans","Cloak And Dagger","Predator+1"],"picked":"SKIP","floor":22},{"not_picked":["After Image","Cloak And Dagger","Prepared"],"picked":"Sucker Punch+1","floor":23},{"not_picked":["Backstab+1","Reflex","Tactician","Predator"],"picked":"SKIP","floor":24},{"not_picked":["Tactician+1","Heel Hook","Blade Dance+1"],"picked":"Calculated Gamble+1","floor":28},{"not_picked":["Finisher+1","Deflect+1","Quick Slash"],"picked":"Dodge and Roll+1","floor":29},{"not_picked":["Outmaneuver+1","PiercingWail+1","Bane"],"picked":"Noxious Fumes+1","floor":30},{"not_picked":["Venomology+1","After Image","Envenom"],"picked":"Tools of the Trade","floor":33},{"not_picked":["Deadly Poison+1","Poisoned Stab","Choke+1"],"picked":"Blade Dance+1","floor":35},{"not_picked":["Dash","Quick Slash","Dagger Throw+1"],"picked":"Tactician+1","floor":36},{"not_picked":["Sucker Punch","Quick Slash+1","Heel Hook+1","Choke+1"],"picked":"SKIP","floor":39},{"not_picked":["Poisoned Stab","Bane+1","Deadly Poison+1","Leg Sweep+1"],"picked":"SKIP","floor":40},{"not_picked":["Sucker Punch","Dodge and Roll+1","Dagger Throw","Reflex+1"],"picked":"SKIP","floor":41},{"not_picked":["Dagger Spray+1","Accuracy+1","Outmaneuver+1"],"picked":"Cloak And Dagger+1","floor":42},{"not_picked":["Outmaneuver+1","Terror+1","Leg Sweep+1"],"picked":"Envenom","floor":46},{"not_picked":["Bane","Blade Dance+1","Dagger Spray+1","Backstab"],"picked":"SKIP","floor":47}],"player_experience":66055,"relics_obtained":[{"floor":7,"key":"PreservedInsect"},{"floor":9,"key":"Question Card"},{"floor":11,"key":"Tingsha"},{"floor":14,"key":"Bronze Scales"},{"floor":24,"key":"Ninja Scroll"},{"floor":26,"key":"Toxic Egg 2"},{"floor":28,"key":"Unceasing Top"},{"floor":30,"key":"Thread and Needle"},{"floor":36,"key":"Turnip"}],"event_choices":[{"cards_removed":["Strike_G"],"damage_healed":0,"gold_gain":0,"player_choice":"Offered Basic","damage_taken":0,"max_hp_gain":0,"max_hp_loss":0,"event_name":"Bonfire Elementals","floor":3,"gold_loss":0},{"damage_healed":0,"gold_gain":0,"player_choice":"Upgraded","damage_taken":0,"max_hp_gain":0,"max_hp_loss":0,"event_name":"Upgrade Shrine","floor":5,"gold_loss":0,"cards_upgraded":["Neutralize"]},{"damage_healed":0,"gold_gain":0,"player_choice":"Got Potions","damage_taken":0,"max_hp_gain":0,"max_hp_loss":0,"event_name":"Lab","floor":19,"gold_loss":0},{"damage_healed":0,"gold_gain":0,"player_choice":"Fight","damage_taken":0,"max_hp_gain":0,"max_hp_loss":0,"event_name":"Mysterious Sphere","floor":36,"gold_loss":0},{"damage_healed":0,"gold_gain":0,"player_choice":"Damaged","damage_taken":8,"max_hp_gain":0,"max_hp_loss":0,"event_name":"Wheel of Change","floor":38,"gold_loss":0},{"damage_healed":0,"gold_gain":0,"player_choice":"Gave Potion","damage_taken":0,"relics_obtained":["Smiling Mask"],"max_hp_gain":0,"max_hp_loss":0,"event_name":"WeMeetAgain","floor":45,"gold_loss":0}],"is_beta":true,"boss_relics":[{"not_picked":["Eternal Feather","Runic Pyramid"],"picked":"Fusion Hammer"},{"not_picked":["Black Star","Sozu"],"picked":"Coffee Dripper"}],"items_purged_floors":[21,31,37,48],"is_endless":false,"potions_floor_spawned":[1,7,10,11,12,13,18,24,28,30,39,40,41,46],"killed_by":"Awakened One","ascension_level":2}