{"gold_per_floor":[115,14,25,45,9,26,40,59,359,370,370,403,403,403,403,499,499,509,520,520,38,56,56,56],"floor_reached":24,"playtime":2600,"items_purged":["Strike_R","Strike_R+1"],"score":240,"play_id":"57a72dc6-7717-4ec0-bcf4-4cd906f383cb","local_time":"20180628211538","is_ascension_mode":true,"campfire_choices":[{"floor":13,"key":"REST"},{"floor":15,"key":"REST"},{"floor":23,"key":"REST"}],"neow_cost":"","seed_source_timestamp":0,"circlet_count":0,"master_deck":["Strike_R+1","Strike_R+1","Defend_R+1","Defend_R+1","Defend_R+1","Defend_R+1","Bash","Offering","Shrug It Off","Shrug It Off","Clash","Flex","Metallicize","Clothesline","Spot Weakness","Shockwave","Shrug It Off","Carnage","Reaper","Ghostly Armor","Rage","Blood for Blood","Metallicize+1","Thunderclap","Cleave","Panacea","Immolate","Feel No Pain+1"],"special_seed":0,"relics":["Burning Blood","Old Coin","Centennial Puzzle","Frozen Egg 2","Orrery","Anchor"],"potions_floor_usage":[12,16,16,19],"damage_taken":[{"damage":6.0,"enemies":"Small Slimes","floor":1.0,"turns":4.0},{"damage":4.0,"enemies":"Cultist","floor":3.0,"turns":3.0},{"damage":4.0,"enemies":"2 Louse","floor":4.0,"turns":3.0},{"damage":14.0,"enemies":"Large Slime","floor":6.0,"turns":6.0},{"damage":6,"enemies":"Red Slaver","floor":7,"turns":5},{"damage":4,"enemies":"Blue Slaver","floor":8,"turns":2},{"damage":38,"enemies":"Gremlin Gang","floor":10,"turns":6},{"damage":11,"enemies":"3 Sentries","floor":12,"turns":5},{"damage":57,"enemies":"Hexaghost","floor":16,"turns":14},{"damage":26,"enemies":"2 Thieves","floor":18,"turns":4},{"damage":26,"enemies":"Chosen","floor":19,"turns":7},{"damage":9,"enemies":"Snecko","floor":22,"turns":5},{"damage":81,"enemies":"Book of Stabbing","floor":24,"turns":10}],"seed_played":"-3689874791843015410","potions_obtained":[{"floor":1.0,"key":"Weak Potion"},{"floor":4.0,"key":"Fire Potion"},{"floor":7,"key":"SteroidPotion"},{"floor":10,"key":"Explosive Potion"},{"floor":18,"key":"Fire Potion"},{"floor":19,"key":"FearPotion"}],"is_trial":false,"path_per_floor":["M","$","M","M","$","M","M","M","T","M","?","E","R","?","R","B",null,"M","M","?","$","M","R"],"character_chosen":"IRONCLAD","items_purchased":["Shrug It Off","Metallicize","Panacea","Anchor","Immolate"],"campfire_rested":3,"item_purchase_floors":[],"current_hp_per_floor":[80,80,80,80,80,72,72,74,74,42,42,37,61,58,80,29,80,60,40,40,40,47,71,0],"gold":56,"neow_bonus":"","is_prod":false,"is_daily":false,"chose_seed":false,"campfire_upgraded":0,"win_rate":0,"timestamp":1530234938,"path_taken":["M","$","M","M","$","M","M","M","T","M","?","E","R","?","R","BOSS","M","M","?","?","?","R","E"],"build_version":"2018-06-21v2","purchased_purges":2,"victory":false,"max_hp_per_floor":[80,80,80,80,80,80,80,80,80,80,80,80,80,80,80,80,80,80,80,80,80,80,80,80],"card_choices":[{"not_picked":["Sever Soul","Corruption"],"picked":"Shrug It Off","floor":1.0},{"not_picked":["Thunderclap","Pummel"],"picked":"Clash","floor":3.0},{"not_picked":["Anger","Iron Wave"],"picked":"Flex","floor":4.0},{"not_picked":["Iron Wave","Anger"],"picked":"Clothesline","floor":6.0},{"not_picked":["Cleave","Pommel Strike"],"picked":"Spot Weakness","floor":7},{"not_picked":["Sword Boomerang","Wild Strike"],"picked":"Shockwave","floor":8},{"not_picked":["Rupture","Blood for Blood"],"picked":"Shrug It Off","floor":10},{"not_picked":["Perfected Strike","Fiend Fire"],"picked":"Carnage","floor":12},{"not_picked":["Offering","Immolate"],"picked":"Reaper","floor":16},{"not_picked":["Wild Strike","Searing Blow"],"picked":"Ghostly Armor","floor":17},{"not_picked":["Reckless Charge","Clash"],"picked":"Rage","floor":17},{"not_picked":["True Grit","Twin Strike"],"picked":"Blood for Blood","floor":17},{"not_picked":["Clothesline","Pommel Strike"],"picked":"Metallicize+1","floor":17},{"not_picked":["Dropkick","Sword Boomerang"],"picked":"Thunderclap","floor":17},{"not_picked":["Uppercut","Pommel Strike","Clothesline"],"picked":"SKIP","floor":18},{"not_picked":["Metallicize+1","Iron Wave"],"picked":"Cleave","floor":19},{"not_picked":["Warcry+1","Dropkick+1"],"picked":"Feel No Pain+1","floor":22}],"player_experience":830033,"relics_obtained":[{"floor":9,"key":"Old Coin"},{"floor":12,"key":"Centennial Puzzle"}],"event_choices":[{"event_name":"Purifier","player_choice":"One Purge","floor":11,"damage_taken":0},{"event_name":"Scrap Ooze","player_choice":"success","floor":14,"damage_taken":3},{"event_name":"Back to Basics","player_choice":"Simplicity","floor":20,"damage_taken":0}],"boss_relics":[{"not_picked":["Runic Cube","Runic Dome"],"picked":"Orrery"}],"items_purged_floors":[],"is_endless":false,"potions_floor_spawned":[1,4,7,10,18,19],"killed_by":"Book of Stabbing","ascension_level":4}