{"gold_per_floor":[116,126,126,138,150,195,207,234,317,329,359,381,411,202,202,302,302,322,272,20,34,52,64,64],"floor_reached":24,"playtime":1132,"items_purged":["Barrage"],"score":300,"play_id":"1c8b6ac9-688d-4b60-b3fc-34666e986dab","local_time":"20190107134753","is_ascension_mode":false,"campfire_choices":[{"data":"Turbo","floor":7,"key":"SMITH"},{"floor":15,"key":"REST"}],"neow_cost":"NONE","seed_source_timestamp":1477830333920149,"circlet_count":0,"master_deck":["Strike_B","Strike_B","Strike_B+1","Strike_B","Defend_B","Defend_B","Defend_B+1","Defend_B","Zap","Dualcast","Static Discharge","Turbo+1","Gash","Sunder","Gash","Electrodynamics","Gash","Capacitor","Lockon","Gash","Echo Form","Ball Lightning+1","Turbo","Self Repair","Gash","Lockon"],"relics":["Cracked Core","NeowsBlessing","MawBank","Prayer Wheel","Bottled Tornado","Regal Pillow","White Beast Statue","Pantograph"],"potions_floor_usage":[12,16,16,18,21,22,23,24],"damage_taken":[{"damage":0,"enemies":"Cultist","floor":1,"turns":1},{"damage":0,"enemies":"2 Louse","floor":2,"turns":1},{"damage":0,"enemies":"3 Sentries","floor":6,"turns":2},{"damage":2,"enemies":"Jaw Worm","floor":8,"turns":4},{"damage":8,"enemies":"Red Slaver","floor":11,"turns":3},{"damage":2,"enemies":"Blue Slaver","floor":12,"turns":2},{"damage":15,"enemies":"Looter","floor":13,"turns":2},{"damage":0,"enemies":"Slime Boss","floor":16,"turns":7},{"damage":32,"enemies":"2 Thieves","floor":18,"turns":3},{"damage":2,"enemies":"Chosen","floor":21,"turns":4},{"damage":15,"enemies":"Snake Plant","floor":22,"turns":3},{"damage":11,"enemies":"Snecko","floor":23,"turns":5},{"damage":43,"enemies":"3 Cultists","floor":24,"turns":4}],"seed_played":"-7766509122497253822","potions_obtained":[{"floor":2,"key":"Strength Potion"},{"floor":8,"key":"Energy Potion"},{"floor":12,"key":"PowerPotion"},{"floor":13,"key":"Energy Potion"},{"floor":18,"key":"Explosive Potion"},{"floor":21,"key":"PowerPotion"},{"floor":22,"key":"EssenceOfSteel"},{"floor":23,"key":"SneckoOil"}],"is_trial":false,"path_per_floor":["M","M","T","?","T","E","R","M","T","?","M","M","M","$","R","B",null,"M","?","$","M","M","M","M"],"character_chosen":"DEFECT","items_purchased":["Regal Pillow","Pantograph"],"campfire_rested":1,"item_purchase_floors":[14,20],"current_hp_per_floor":[75,75,75,60,60,60,60,58,58,63,55,53,38,38,77,77,80,48,48,48,46,31,34,0],"gold":64,"neow_bonus":"THREE_ENEMY_KILL","is_prod":false,"is_daily":false,"chose_seed":false,"campfire_upgraded":1,"win_rate":0,"timestamp":1546897673,"path_taken":["M","?","?","?","?","E","R","?","T","?","M","M","M","$","R","BOSS","M","?","$","M","M","M","M"],"build_version":"2019-01-03v4","purchased_purges":1,"victory":false,"max_hp_per_floor":[75,75,75,75,75,75,75,75,75,80,80,80,80,80,80,80,80,80,80,80,80,80,80,80],"card_choices":[{"not_picked":["Go for the Eyes","Chaos"],"picked":"Static Discharge","floor":1},{"not_picked":["Hello World","Defragment"],"picked":"Turbo","floor":2},{"not_picked":["Auto Shields","Skim"],"picked":"Gash","floor":6},{"not_picked":["Ball Lightning","Blizzard"],"picked":"Sunder","floor":8},{"not_picked":["Glacier","Stack"],"picked":"Gash","floor":8},{"not_picked":["Rebound","Auto Shields"],"picked":"Electrodynamics","floor":11},{"not_picked":["Ball Lightning","Leap"],"picked":"Barrage","floor":11},{"not_picked":["Go for the Eyes","Chill"],"picked":"Gash","floor":12},{"not_picked":["Fusion","Reprogram"],"picked":"Capacitor","floor":12},{"not_picked":["Coolheaded","Hologram"],"picked":"Lockon","floor":13},{"not_picked":["Beam Cell","Barrage"],"picked":"Gash","floor":13},{"not_picked":["Multi-Cast","Rainbow"],"picked":"Echo Form","floor":16},{"not_picked":["Compile Driver","Rip and Tear+1"],"picked":"Ball Lightning+1","floor":18},{"not_picked":["Streamline","Undo","Storm+1"],"picked":"SKIP","floor":18},{"not_picked":["Sweeping Beam","Cold Snap"],"picked":"Turbo","floor":21},{"not_picked":["Conserve Battery","FTL+1","Sunder"],"picked":"SKIP","floor":21},{"not_picked":["BootSequence","Conserve Battery"],"picked":"Self Repair","floor":22},{"not_picked":["Aggregate","Steam","Streamline"],"picked":"SKIP","floor":22},{"not_picked":["Hologram","Rebound"],"picked":"Gash","floor":23},{"not_picked":["Turbo","Capacitor"],"picked":"Lockon","floor":23}],"player_experience":94185,"relics_obtained":[{"floor":3,"key":"MawBank"},{"floor":6,"key":"Prayer Wheel"},{"floor":9,"key":"Bottled Tornado"}],"event_choices":[{"damage_healed":0,"gold_gain":0,"player_choice":"Entered Light","damage_taken":15,"max_hp_gain":0,"max_hp_loss":0,"event_name":"Shining Light","floor":4,"gold_loss":0,"cards_upgraded":["Defend_B","Strike_B"]},{"damage_healed":0,"gold_gain":0,"player_choice":"Donut","damage_taken":0,"max_hp_gain":5,"max_hp_loss":0,"event_name":"Big Fish","floor":10,"gold_loss":0},{"damage_healed":0,"gold_gain":0,"player_choice":"Bet on Murderer","damage_taken":0,"max_hp_gain":0,"max_hp_loss":0,"event_name":"The Joust","floor":19,"gold_loss":50}],"is_beta":false,"boss_relics":[{"not_picked":["Tiny House","Black Star"],"picked":"White Beast Statue"}],"items_purged_floors":[14],"is_endless":false,"potions_floor_spawned":[2,8,12,13,18,21,22,23],"killed_by":"3 Cultists","ascension_level":0}