{"path_per_floor":["M","M","$","?","?","E","R","M","T","E","?","R","M","M","R","B",null,"M","$","?","?","M","R","E","M","T","R","?","M"],"character_chosen":"THE_SILENT","items_purchased":["Footwork","Infinite Blades"],"gold_per_floor":[364,382,236,236,236,266,266,281,281,308,273,273,285,295,295,400,400,412,285,285,285,304,304,338,338,365,365,515,526,526],"floor_reached":30,"campfire_rested":5,"playtime":1926,"item_purchase_floors":[3,19],"current_hp_per_floor":[63,59,59,59,64,46,66,65,65,35,52,68,55,44,64,28,68,58,58,58,68,42,62,17,17,17,37,37,7,0],"items_purged":["Strike_G","Strike_G"],"gold":526,"score":271,"play_id":"98a279b4-bddb-4f91-b20a-d24c11a83d5f","local_time":"20180611142147","is_prod":false,"is_daily":false,"chose_seed":false,"is_ascension_mode":true,"campfire_upgraded":0,"win_rate":0,"timestamp":1528741307,"campfire_choices":[{"floor":7,"key":"REST"},{"floor":12,"key":"REST"},{"floor":15,"key":"REST"},{"floor":23,"key":"REST"},{"floor":27,"key":"REST"}],"path_taken":["M","M","$","?","?","E","R","M","T","E","?","R","M","M","R","BOSS","M","$","?","?","M","R","E","M","T","R","?","M","E"],"build_version":"2018-06-07v3","seed_source_timestamp":413713512257129,"purchased_purges":2,"victory":false,"master_deck":["Defend_G","Defend_G","Defend_G","Defend_G","Defend_G","Strike_G+1","Strike_G","Strike_G","Survivor","Neutralize+1","Escape Plan","Blade Dance+1","Footwork","Caltrops","Dagger Spray","Backstab","A Thousand Cuts","Dodge and Roll","Deadly Poison","Escape Plan","Burst","Deadly Poison+1","Adrenaline","Infinite Blades","Dagger Spray+1","Backstab+1","Blade Dance+1"],"max_hp_per_floor":[63,63,63,63,68,68,68,68,68,68,68,68,68,68,68,68,68,68,68,68,68,68,68,68,68,68,68,68,68,68],"relics":["Ring of the Snake","Prayer Wheel","Smiling Mask","Shuriken","Philosopher\u0027s Stone","Pen Nib","Ornamental Fan","Whetstone"],"card_choices":[{"not_picked":["Acrobatics","Predator"],"picked":"Escape Plan","floor":1},{"not_picked":["Bane","Slice"],"picked":"Blade Dance","floor":2},{"not_picked":["Skewer","Bane"],"picked":"Caltrops","floor":6},{"not_picked":["Poisoned Stab","Expertise"],"picked":"Dagger Spray","floor":8},{"not_picked":["Escape Plan","Dodge and Roll"],"picked":"Backstab","floor":8},{"not_picked":["Flechettes","Blur"],"picked":"A Thousand Cuts","floor":10},{"not_picked":["Bane","Poisoned Stab"],"picked":"Dodge and Roll","floor":13},{"not_picked":["Dagger Throw","Acrobatics"],"picked":"Deadly Poison","floor":13},{"not_picked":["Slice","Finisher"],"picked":"Escape Plan","floor":14},{"not_picked":["Acrobatics","Setup","Eviscerate"],"picked":"SKIP","floor":14},{"not_picked":["Night Terror","Tactician"],"picked":"Burst","floor":16},{"not_picked":["Sucker Punch+1","Backflip"],"picked":"Deadly Poison+1","floor":18},{"not_picked":["Dodge and Roll","Poisoned Stab+1"],"picked":"Adrenaline","floor":18},{"not_picked":["Slice","Dagger Throw","Deadly Poison"],"picked":"SKIP","floor":22},{"not_picked":["Distraction","Setup+1","Poisoned Stab"],"picked":"SKIP","floor":22},{"not_picked":["Flying Knee","Deadly Poison"],"picked":"Dagger Spray+1","floor":24},{"not_picked":["Expertise","Doppelganger"],"picked":"Backstab+1","floor":29},{"not_picked":["Acrobatics","Bane"],"picked":"Blade Dance+1","floor":29}],"player_experience":488086,"potions_floor_usage":[6,10,25],"damage_taken":[{"damage":0,"enemies":"2 Louse","floor":1,"turns":3},{"damage":4,"enemies":"Cultist","floor":2,"turns":5},{"damage":18,"enemies":"3 Sentries","floor":6,"turns":10},{"damage":1,"enemies":"Jaw Worm","floor":8,"turns":4},{"damage":30,"enemies":"Gremlin Nob","floor":10,"turns":4},{"damage":13,"enemies":"3 Louse","floor":13,"turns":3},{"damage":11,"enemies":"Exordium Thugs","floor":14,"turns":3},{"damage":36,"enemies":"Slime Boss","floor":16,"turns":10},{"damage":10,"enemies":"Spheric Guardian","floor":18,"turns":6},{"damage":26,"enemies":"3 Byrds","floor":22,"turns":3},{"damage":45,"enemies":"Book of Stabbing","floor":24,"turns":5},{"damage":0,"enemies":"Cultist and Chosen","floor":25,"turns":3},{"damage":30,"enemies":"Centurion and Healer","floor":29,"turns":6},{"damage":12,"enemies":"Gremlin Leader","floor":30,"turns":1}],"relics_obtained":[{"floor":6,"key":"Prayer Wheel"},{"floor":9,"key":"Smiling Mask"},{"floor":10,"key":"Shuriken"},{"floor":24,"key":"Ornamental Fan"},{"floor":26,"key":"Whetstone"}],"event_choices":[{"event_name":"Upgrade Shrine","player_choice":"Upgraded","floor":4,"damage_taken":0},{"event_name":"Big Fish","player_choice":"Donut","floor":5,"damage_taken":0},{"event_name":"The Cleric","player_choice":"Healed","floor":11,"damage_taken":0},{"event_name":"The Mausoleum","player_choice":"Yes","floor":20,"damage_taken":0},{"event_name":"The Library","player_choice":"Heal","floor":21,"damage_taken":0},{"event_name":"Nest","player_choice":"Stole From Cult","floor":28,"damage_taken":0}],"boss_relics":[{"not_picked":["Eternal Feather","White Beast Statue"],"picked":"Philosopher\u0027s Stone"}],"items_purged_floors":[3,19],"potions_floor_spawned":[1,2,8,29],"seed_played":"-9083538145064519972","killed_by":"Gremlin Leader","ascension_level":1,"potions_obtained":[{"floor":1,"key":"SteroidPotion"},{"floor":2,"key":"LiquidBronze"},{"floor":8,"key":"SmokeBomb"},{"floor":29,"key":"Regen Potion"}],"is_trial":false}