{"gold_per_floor":[109,109,129,129,29,29,58,77,100,100,118,118,118,139,139,263,263,287,287,305,305,30,30,74,86,98,110,136,161,173,185,197,328,340,373,401,116,135,6,50,75,99,152,165,183,207,207,248,248,248,248,248,28,64,64],"floor_reached":56,"playtime":2988,"items_purged":["Defend_B","Defend_B"],"score":1304,"play_id":"4a5fc8fd-4e83-4f78-9fcf-068a5d4f7777","local_time":"20190213173215","is_ascension_mode":false,"campfire_choices":[{"data":"Streamline","floor":6,"key":"SMITH"},{"data":"Zap","floor":12,"key":"SMITH"},{"data":"Coolheaded","floor":15,"key":"SMITH"},{"floor":23,"key":"RECALL"},{"floor":25,"key":"REST"},{"floor":27,"key":"REST"},{"floor":32,"key":"REST"},{"floor":49,"key":"REST"},{"floor":52,"key":"REST"}],"neow_cost":"NONE","seed_source_timestamp":20996765566004,"circlet_count":0,"master_deck":["Zap+1","Dualcast","Echo Form","Streamline+1","Ball Lightning","Conserve Battery","Chill","Recycle","Coolheaded+1","Conserve Battery","Turbo","Thunder Strike","Compile Driver","Skim","Compile Driver","Ball Lightning","Biased Cognition","Undo+1","Meteor Strike","Defragment+1","Steam Power+1","Thunder Strike+1","Coolheaded+1","True Grit+1","Flex+1","Ball Lightning+1","Clothesline+1","Madness","Madness","Hologram"],"relics":["Cracked Core","Bag of Preparation","Happy Flower","Golden Idol","Fusion Hammer","Membership Card","Anchor","MawBank","Shuriken","Astrolabe","PrismaticShard","Thread and Needle","Mummified Hand","Mango","Strawberry","HandDrill","Orichalcum","Nunchaku"],"potions_floor_usage":[7,16,33,36,40,40,55,55],"damage_taken":[{"damage":2,"enemies":"2 Louse","floor":1,"turns":3},{"damage":3,"enemies":"Jaw Worm","floor":3,"turns":3},{"damage":6,"enemies":"3 Sentries","floor":7,"turns":6},{"damage":0,"enemies":"Small Slimes","floor":8,"turns":3},{"damage":6,"enemies":"Red Slaver","floor":11,"turns":4},{"damage":0,"enemies":"2 Fungi Beasts","floor":14,"turns":3},{"damage":5,"enemies":"The Guardian","floor":16,"turns":11},{"damage":0,"enemies":"3 Byrds","floor":18,"turns":4},{"damage":0,"enemies":"Spheric Guardian","floor":20,"turns":3},{"damage":3,"enemies":"Gremlin Leader","floor":24,"turns":6},{"damage":1,"enemies":"Cultist and Chosen","floor":28,"turns":5},{"damage":2,"enemies":"Shelled Parasite and Fungi","floor":29,"turns":5},{"damage":0,"enemies":"Automaton","floor":33,"turns":8},{"damage":0,"enemies":"3 Shapes","floor":35,"turns":4},{"damage":0,"enemies":"Orb Walker","floor":36,"turns":2},{"damage":0,"enemies":"Transient","floor":38,"turns":5},{"damage":0,"enemies":"Nemesis","floor":40,"turns":5},{"damage":1,"enemies":"3 Darklings","floor":41,"turns":4},{"damage":0,"enemies":"Spire Growth","floor":42,"turns":4},{"damage":0,"enemies":"Sphere and 2 Shapes","floor":44,"turns":2},{"damage":0,"enemies":"Maw","floor":45,"turns":5},{"damage":0,"enemies":"3 Darklings","floor":46,"turns":4},{"damage":16,"enemies":"Giant Head","floor":48,"turns":6},{"damage":23,"enemies":"Donu and Deca","floor":50,"turns":8},{"damage":46,"enemies":"Shield and Spear","floor":54,"turns":5},{"damage":55,"enemies":"The Heart","floor":55,"turns":6}],"seed_played":"-613682639897998742","potions_obtained":[{"floor":1,"key":"Fire Potion"},{"floor":11,"key":"EssenceOfSteel"},{"floor":14,"key":"Swift Potion"},{"floor":20,"key":"FearPotion"},{"floor":29,"key":"Regen Potion"},{"floor":33,"key":"GamblersBrew"},{"floor":36,"key":"Fruit Juice"},{"floor":38,"key":"LiquidBronze"},{"floor":46,"key":"SpeedPotion"},{"floor":48,"key":"Explosive Potion"}],"is_trial":false,"path_per_floor":["M","?","M","?","$","R","E","M","T","?","M","R","?","M","R","B",null,"M","?","M","?","$","R","E","R","T","R","M","M","$","?","R","B",null,"M","M","$","M","$","E","M","M","T","M","M","M","?","E","R","B",null,"R","$","E","B",null],"character_chosen":"DEFECT","items_purchased":["Conserve Battery","Membership Card","Anchor","PrismaticShard","Thread and Needle","Mummified Hand","HandDrill","Hologram","Strength Potion","Orichalcum"],"campfire_rested":5,"item_purchase_floors":[5,22,22,37,37,39,53,53,53,53],"current_hp_per_floor":[73,73,70,75,75,75,69,69,69,49,43,43,43,43,43,38,80,80,80,80,80,80,80,77,80,80,80,79,77,77,77,80,80,80,80,85,85,85,85,99,98,98,98,98,98,98,86,77,106,83,106,106,106,60,5],"gold":64,"neow_bonus":"ONE_RANDOM_RARE_CARD","is_prod":false,"is_daily":false,"chose_seed":false,"campfire_upgraded":3,"win_rate":0,"timestamp":1550079135,"path_taken":["M","?","M","?","?","R","E","M","T","?","?","R","?","?","R","BOSS","M","?","M","?","$","R","E","R","T","R","M","M","?","?","R","BOSS","M","M","?","?","$","E","M","M","T","M","M","M","?","E","R","BOSS","R","$","E","BOSS"],"build_version":"2019-02-06","purchased_purges":2,"victory":true,"max_hp_per_floor":[75,75,75,80,80,80,80,80,80,80,80,80,80,80,80,80,80,80,80,80,80,80,80,80,80,80,80,80,80,80,80,80,80,80,80,85,85,85,85,99,99,99,99,99,99,99,99,106,106,106,106,106,106,106,106],"card_choices":[{"not_picked":["Reprogram","Scrape"],"picked":"Streamline","floor":1},{"not_picked":["Leap","Rebound"],"picked":"Ball Lightning","floor":3},{"not_picked":["Redo","Leap"],"picked":"Chill","floor":7},{"not_picked":["Hologram","Hello World"],"picked":"Recycle","floor":8},{"not_picked":["Barrage","Steam"],"picked":"Coolheaded","floor":11},{"not_picked":["Scrape","Thunder Strike"],"picked":"Turbo","floor":14},{"not_picked":["Core Surge","Fission"],"picked":"Thunder Strike","floor":16},{"not_picked":["Steam","Heatsinks"],"picked":"Compile Driver","floor":18},{"not_picked":["Go for the Eyes+1","Sweeping Beam"],"picked":"Skim","floor":20},{"not_picked":["Steam","Double Energy+1"],"picked":"Ball Lightning","floor":24},{"not_picked":["Defragment","Conserve Battery"],"picked":"Biased Cognition","floor":28},{"not_picked":["Beam Cell+1","Redo"],"picked":"Undo+1","floor":29},{"not_picked":["Biased Cognition","Rainbow"],"picked":"Meteor Strike","floor":33},{"not_picked":["Turbo","Loop+1"],"picked":"Coolheaded+1","floor":35},{"not_picked":["Cold Snap","Reprogram+1","Static Discharge+1"],"picked":"SKIP","floor":36},{"not_picked":["Blind","Dash"],"picked":"True Grit+1","floor":38},{"not_picked":["Cloak And Dagger","Redo+1"],"picked":"Flex+1","floor":40},{"not_picked":["Auto Shields","Storm of Steel"],"picked":"Ball Lightning+1","floor":41},{"not_picked":["Armaments+1","Iron Wave"],"picked":"Clothesline+1","floor":42},{"not_picked":["Sweeping Beam","Underhanded Strike","Darkness+1"],"picked":"SKIP","floor":44},{"not_picked":["Streamline+1","Concentrate+1","Jack Of All Trades+1"],"picked":"SKIP","floor":45},{"not_picked":["Purity+1","Dark Shackles+1","Metallicize"],"picked":"SKIP","floor":46},{"not_picked":["Good Instincts","Slice+1","Second Wind+1"],"picked":"SKIP","floor":48},{"not_picked":["Cleave+1","Blood for Blood","Scrape"],"picked":"SKIP","floor":54}],"player_experience":895369,"relics_obtained":[{"floor":7,"key":"Bag of Preparation"},{"floor":9,"key":"Happy Flower"},{"floor":24,"key":"MawBank"},{"floor":26,"key":"Shuriken"},{"floor":40,"key":"Mango"},{"floor":48,"key":"Strawberry"},{"floor":54,"key":"Nunchaku"}],"event_choices":[{"cards_removed":["Strike_B"],"damage_healed":0,"gold_gain":0,"player_choice":"Forget","damage_taken":0,"max_hp_gain":0,"max_hp_loss":0,"event_name":"Living Wall","floor":2,"gold_loss":0},{"damage_healed":0,"gold_gain":0,"player_choice":"Donut","damage_taken":0,"max_hp_gain":5,"max_hp_loss":0,"event_name":"Big Fish","floor":4,"gold_loss":0},{"damage_healed":0,"gold_gain":0,"player_choice":"Take Damage","damage_taken":20,"relics_obtained":["Golden Idol"],"max_hp_gain":0,"max_hp_loss":0,"event_name":"Golden Idol","floor":10,"gold_loss":0},{"damage_healed":0,"gold_gain":0,"cards_transformed":["Strike_B"],"player_choice":"Transformed","damage_taken":0,"max_hp_gain":0,"max_hp_loss":0,"event_name":"Transmorgrifier","floor":13,"gold_loss":0,"cards_obtained":["Conserve Battery"]},{"damage_healed":0,"gold_gain":0,"player_choice":"Ignored","damage_taken":0,"max_hp_gain":0,"max_hp_loss":0,"event_name":"Ghosts","floor":19,"gold_loss":0},{"damage_healed":0,"gold_gain":0,"player_choice":"Read","damage_taken":0,"max_hp_gain":0,"max_hp_loss":0,"event_name":"The Library","floor":21,"gold_loss":0,"cards_obtained":["Compile Driver"]},{"cards_removed":["Strike_B"],"damage_healed":0,"gold_gain":0,"player_choice":"Offered Basic","damage_taken":0,"max_hp_gain":0,"max_hp_loss":0,"event_name":"Bonfire Elementals","floor":31,"gold_loss":0},{"damage_healed":0,"gold_gain":0,"player_choice":"Embrace Madness","damage_taken":12,"max_hp_gain":0,"max_hp_loss":0,"event_name":"Winding Halls","floor":47,"gold_loss":0,"cards_obtained":["Madness","Madness"]}],"is_beta":true,"boss_relics":[{"not_picked":["FrozenCore","Empty Cage"],"picked":"Fusion Hammer"},{"not_picked":["Busted Crown","Lizard Tail"],"picked":"Astrolabe"}],"items_purged_floors":[5,37],"is_endless":false,"potions_floor_spawned":[1,11,14,20,29,33,36,38,46,48],"ascension_level":0}