{"gold_per_floor":[119,129,5,5,17,17,37,37,37,63,63,63,89,105,105,105],"floor_reached":16,"playtime":665,"items_purged":[],"score":182,"play_id":"d2240f76-1f5a-42c0-bbce-2276b93289bf","local_time":"20190114110414","is_ascension_mode":true,"campfire_choices":[{"floor":6.0,"key":"REST"},{"data":"Bash","floor":11,"key":"SMITH"},{"floor":15,"key":"REST"}],"neow_cost":"NONE","seed_source_timestamp":459171777212143,"circlet_count":0,"master_deck":["AscendersBane","Strike_R","Strike_R","Strike_R","Strike_R","Defend_R","Defend_R","Defend_R","Defend_R","Bash+1","Dropkick","Shrug It Off","Twin Strike","Dropkick","Shrug It Off","Pommel Strike"],"special_seed":0,"relics":["Burning Blood","Oddly Smooth Stone","Bottled Lightning","Dead Branch"],"potions_floor_usage":[13,16],"damage_taken":[{"damage":11.0,"enemies":"Cultist","floor":1.0,"turns":4.0},{"damage":13.0,"enemies":"Jaw Worm","floor":2.0,"turns":4.0},{"damage":9.0,"enemies":"2 Louse","floor":5.0,"turns":3.0},{"damage":6.0,"enemies":"Blue Slaver","floor":7.0,"turns":4.0},{"damage":20.0,"enemies":"3 Sentries","floor":10.0,"turns":14.0},{"damage":16,"enemies":"Gremlin Nob","floor":13,"turns":3},{"damage":13,"enemies":"Looter","floor":14,"turns":3},{"damage":85,"enemies":"Slime Boss","floor":16,"turns":10}],"seed_played":"-7253894827992024763","potions_obtained":[{"floor":5.0,"key":"Fire Potion"},{"floor":10.0,"key":"FearPotion"},{"floor":14,"key":"Dexterity Potion"}],"is_trial":false,"path_per_floor":["M","M","$","?","M","R","M","?","T","E","R","$","E","M","R","B"],"character_chosen":"IRONCLAD","items_purchased":["Dropkick","Shrug It Off"],"campfire_rested":2,"item_purchase_floors":[3,3],"current_hp_per_floor":[67,60,60,60,57,80,80,85,85,71,71,71,61,54,79,0],"gold":105,"neow_bonus":"TRANSFORM_CARD","is_prod":false,"is_daily":false,"chose_seed":false,"campfire_upgraded":1,"win_rate":0,"timestamp":1547481854,"path_taken":["M","M","?","?","M","R","M","?","T","E","R","?","E","M","R","BOSS"],"build_version":"2019-01-10","purchased_purges":0,"victory":false,"max_hp_per_floor":[80,80,80,80,80,80,80,85,85,85,85,85,85,85,85,85],"card_choices":[{"not_picked":["Heavy Blade","Sentinel"],"picked":"Shrug It Off","floor":1.0},{"not_picked":["Second Wind","Sentinel"],"picked":"Twin Strike","floor":2.0},{"not_picked":["Warcry","Anger"],"picked":"Pommel Strike","floor":5.0},{"not_picked":["Warcry","Seeing Red","Wild Strike"],"picked":"SKIP","floor":7.0},{"not_picked":["Wild Strike","Anger","Shrug It Off"],"picked":"SKIP","floor":10.0},{"not_picked":["Shockwave","Burning Pact","Flex"],"picked":"SKIP","floor":13},{"not_picked":["Second Wind","Entrench","Feed"],"picked":"SKIP","floor":14}],"player_experience":2114892,"relics_obtained":[{"floor":9.0,"key":"Oddly Smooth Stone"},{"floor":10.0,"key":"Bottled Lightning"},{"floor":13,"key":"Dead Branch"}],"event_choices":[{"damage_healed":0.0,"max_hp_gain":0.0,"max_hp_loss":0.0,"gold_gain":0.0,"event_name":"Shining Light","player_choice":"Ignored","floor":4.0,"gold_loss":0.0,"damage_taken":0.0},{"damage_healed":0.0,"max_hp_gain":5.0,"max_hp_loss":0.0,"gold_gain":0.0,"event_name":"Big Fish","player_choice":"Donut","floor":8.0,"gold_loss":0.0,"damage_taken":0.0}],"is_beta":false,"boss_relics":[],"items_purged_floors":[],"is_endless":false,"potions_floor_spawned":[5,10,14],"killed_by":"Slime Boss","ascension_level":13}