{"gold_per_floor":[118,128,128,98,114,114,133,146,172,191,191,43,43,54,54,156,156,172,192,207,207,207,207,240,13,37,37,37,37,54,74,74,179,179,198,79,95,95,111,111,128,128,128,140,90,100,100,126,126,126],"floor_reached":51,"playtime":2409,"items_purged":["Strike_G","Strike_G","Strike_G"],"score":1036,"play_id":"3f4b09b5-d945-46e5-8196-90d647192fc1","local_time":"20190112223131","is_ascension_mode":true,"campfire_choices":[{"data":"Neutralize","floor":6.0,"key":"SMITH"},{"data":"Noxious Fumes","floor":11.0,"key":"SMITH"},{"data":"Dodge and Roll","floor":13.0,"key":"SMITH"},{"data":"Sucker Punch","floor":15.0,"key":"SMITH"},{"floor":23.0,"key":"REST"},{"floor":27.0,"key":"REST"},{"data":"Catalyst","floor":32,"key":"SMITH"},{"floor":40,"key":"REST"},{"floor":49,"key":"REST"}],"neow_cost":"NONE","seed_source_timestamp":681186807734224,"circlet_count":0,"master_deck":["AscendersBane","Defend_G","Defend_G","Defend_G","Defend_G","Strike_G","Survivor","Neutralize+1","Crippling Poison","Predator","Dodge and Roll+1","Noxious Fumes+1","Backflip","Sucker Punch+1","Corpse Explosion","Prepared+1","Leg Sweep+1","Terror+1","Catalyst+1","Masterful Stab","Bouncing Flask","Dagger Spray+1","PiercingWail","After Image","Leg Sweep","Tactician+1","Escape Plan+1"],"special_seed":0,"relics":["Ring of the Snake","NeowsBlessing","Ancient Tea Set","Happy Flower","Sozu","Centennial Puzzle","Oddly Smooth Stone","Smiling Mask","Busted Crown","Blue Candle","Singing Bowl","Juzu Bracelet"],"potions_floor_usage":[],"damage_taken":[{"damage":0.0,"enemies":"Small Slimes","floor":1.0,"turns":1.0},{"damage":0.0,"enemies":"Jaw Worm","floor":2.0,"turns":1.0},{"damage":0.0,"enemies":"Cultist","floor":5.0,"turns":1.0},{"damage":2.0,"enemies":"Exordium Wildlife","floor":7.0,"turns":4.0},{"damage":5.0,"enemies":"3 Louse","floor":8.0,"turns":6.0},{"damage":1.0,"enemies":"2 Fungi Beasts","floor":10.0,"turns":5.0},{"damage":0.0,"enemies":"Blue Slaver","floor":14.0,"turns":5.0},{"damage":37.0,"enemies":"Hexaghost","floor":16.0,"turns":12.0},{"damage":3.0,"enemies":"Shell Parasite","floor":18.0,"turns":7.0},{"damage":10.0,"enemies":"3 Byrds","floor":19.0,"turns":4.0},{"damage":22.0,"enemies":"Snake Plant","floor":20.0,"turns":7.0},{"damage":13.0,"enemies":"Slavers","floor":24.0,"turns":4.0},{"damage":6,"enemies":"Cultist and Chosen","floor":30,"turns":5},{"damage":0,"enemies":"3 Cultists","floor":31,"turns":3},{"damage":35,"enemies":"Automaton","floor":33,"turns":7},{"damage":0,"enemies":"3 Shapes","floor":35,"turns":3},{"damage":0,"enemies":"3 Darklings","floor":37,"turns":2},{"damage":18,"enemies":"Spire Growth","floor":39,"turns":5},{"damage":3,"enemies":"Transient","floor":41,"turns":5},{"damage":2,"enemies":"Writhing Mass","floor":44,"turns":6},{"damage":17,"enemies":"Spire Growth","floor":46,"turns":6},{"damage":44,"enemies":"Awakened One","floor":50,"turns":18}],"seed_played":"8596835524791214371","potions_obtained":[{"floor":1.0,"key":"Regen Potion"},{"floor":5.0,"key":"Regen Potion"},{"floor":10.0,"key":"Dexterity Potion"}],"is_trial":false,"path_per_floor":["M","M","?","?","M","R","M","M","T","M","R","$","R","M","R","B",null,"M","M","M","?","?","R","E","$","T","R","?","?","M","M","R","B",null,"M","$","M","?","M","R","M","?","T","M","$","M","T","T","R","B",null],"character_chosen":"THE_SILENT","items_purchased":["Happy Flower","Oddly Smooth Stone","Leg Sweep"],"campfire_rested":4,"item_purchase_floors":[12,25,36],"current_hp_per_floor":[63,63,63,63,63,63,61,70,70,69,69,69,69,69,69,32,61,58,48,26,13,13,35,34,34,34,56,56,56,50,50,50,15,60,60,60,60,60,42,64,61,61,61,59,59,42,42,42,64,20],"gold":126,"neow_bonus":"THREE_ENEMY_KILL","is_prod":false,"is_daily":false,"chose_seed":false,"campfire_upgraded":5,"win_rate":0,"timestamp":1547299891,"path_taken":["M","M","?","?","?","R","M","M","T","M","R","?","R","M","R","BOSS","M","M","M","?","?","R","E","$","T","R","?","?","M","M","R","BOSS","M","$","M","?","?","R","M","?","T","M","$","M","?","?","R","BOSS"],"build_version":"2019-01-10","purchased_purges":3,"victory":true,"max_hp_per_floor":[70,70,70,70,70,70,70,70,70,70,70,70,70,70,70,70,70,70,70,70,75,75,75,75,75,75,75,75,75,75,75,75,75,75,75,75,75,75,75,75,75,75,75,75,75,75,75,75,75,75],"card_choices":[{"not_picked":["Endless Agony","Deadly Poison"],"picked":"Crippling Poison","floor":1.0},{"not_picked":["Heel Hook","Dagger Spray"],"picked":"Predator","floor":2.0},{"not_picked":["Backflip","Caltrops"],"picked":"Dodge and Roll","floor":5.0},{"not_picked":["Slice","Bane"],"picked":"Noxious Fumes","floor":7.0},{"not_picked":["Grand Finale","Dagger Throw","Reflex"],"picked":"SKIP","floor":8.0},{"not_picked":["Prepared","Bane"],"picked":"Backflip","floor":10.0},{"not_picked":["Backstab","Poisoned Stab"],"picked":"Sucker Punch","floor":14.0},{"not_picked":["Grand Finale","Adrenaline"],"picked":"Corpse Explosion","floor":16.0},{"not_picked":["Poisoned Stab","Backflip"],"picked":"Prepared+1","floor":18.0},{"not_picked":["Crippling Poison","Escape Plan+1"],"picked":"Leg Sweep+1","floor":19.0},{"not_picked":["Dagger Spray","Slice"],"picked":"Terror+1","floor":20.0},{"not_picked":["Deflect","Deadly Poison+1"],"picked":"Bouncing Flask","floor":24.0},{"not_picked":["Riddle With Holes","Prepared+1"],"picked":"Dagger Spray+1","floor":30},{"not_picked":["Slice","Flechettes+1"],"picked":"PiercingWail","floor":31},{"not_picked":["Grand Finale","Doppelganger"],"picked":"After Image","floor":33},{"not_picked":["Dagger Throw+1"],"picked":"SKIP","floor":35},{"not_picked":[],"picked":"Tactician+1","floor":37},{"not_picked":["Blade Dance+1"],"picked":"SKIP","floor":39},{"not_picked":["Quick Slash"],"picked":"SKIP","floor":41},{"not_picked":["Setup+1"],"picked":"SKIP","floor":44},{"not_picked":[],"picked":"Escape Plan+1","floor":46}],"player_experience":369815,"relics_obtained":[{"floor":9.0,"key":"Ancient Tea Set"},{"floor":24.0,"key":"Centennial Puzzle"},{"floor":26.0,"key":"Smiling Mask"},{"floor":43,"key":"Blue Candle"},{"floor":47,"key":"Singing Bowl"},{"floor":48,"key":"Juzu Bracelet"}],"event_choices":[{"damage_healed":0.0,"max_hp_gain":0.0,"max_hp_loss":0.0,"gold_gain":0.0,"event_name":"Liars Game","player_choice":"Ignored","floor":3.0,"gold_loss":0.0,"damage_taken":0.0},{"damage_healed":0.0,"max_hp_gain":0.0,"max_hp_loss":0.0,"gold_gain":0.0,"event_name":"World of Goop","player_choice":"Left Gold","floor":4.0,"gold_loss":30.0,"damage_taken":0.0},{"damage_healed":0.0,"max_hp_gain":5.0,"max_hp_loss":0.0,"gold_gain":0.0,"event_name":"Forgotten Altar","player_choice":"Shed Blood","floor":21.0,"gold_loss":0.0,"damage_taken":18.0},{"damage_healed":0.0,"max_hp_gain":0.0,"max_hp_loss":0.0,"gold_gain":0.0,"cards_transformed":["Defend_G","Strike_G"],"event_name":"Drug Dealer","player_choice":"Became Test Subject","floor":22.0,"gold_loss":0.0,"damage_taken":0.0,"cards_obtained":["Catalyst","Masterful Stab"]},{"damage_healed":0,"gold_gain":0,"player_choice":"Ignored","damage_taken":0,"max_hp_gain":0,"max_hp_loss":0,"event_name":"The Mausoleum","floor":28,"gold_loss":0},{"damage_healed":0,"gold_gain":0,"player_choice":"Ignored","damage_taken":0,"max_hp_gain":0,"max_hp_loss":0,"event_name":"Beggar","floor":29,"gold_loss":0},{"damage_healed":0,"gold_gain":0,"player_choice":"Got Potions","damage_taken":0,"max_hp_gain":0,"max_hp_loss":0,"event_name":"Lab","floor":38,"gold_loss":0},{"damage_healed":0,"gold_gain":0,"player_choice":"Ignored","damage_taken":0,"max_hp_gain":0,"max_hp_loss":0,"event_name":"Mysterious Sphere","floor":42,"gold_loss":0}],"is_beta":false,"boss_relics":[{"not_picked":["White Beast Statue","Calling Bell"],"picked":"Sozu"},{"not_picked":["Philosopher\u0027s Stone","Cursed Key"],"picked":"Busted Crown"}],"items_purged_floors":[25,36,45],"is_endless":false,"potions_floor_spawned":[1,5,10,14,20,31,37],"ascension_level":11}