{"gold_per_floor":[115,115,115,129,149,149,169,100,170,184,214,234,246,258,258,360,360,379,379,379,19,29,29,29],"floor_reached":24,"playtime":1530,"items_purged":["Creative AI"],"score":304,"play_id":"cfc3cd1e-8813-4b16-aa6d-744c3e114b22","local_time":"20180716200453","is_ascension_mode":true,"campfire_choices":[{"data":"Zap","floor":6.0,"key":"SMITH"},{"floor":15.0,"key":"REST"},{"floor":23,"key":"REST"}],"neow_cost":"NONE","seed_source_timestamp":0,"circlet_count":0,"master_deck":["Strike_B","Strike_B","Strike_B","Defend_B","Defend_B","Defend_B","Defend_B","Zap+1","Dualcast","AscendersBane","Coolheaded","Cold Snap","Reinforced Body","Blizzard+1","Auto Shields","Hologram","Redo","Seek","Leap","Coolheaded","Blizzard"],"special_seed":0,"relics":["Cracked Core","Art of War","Pear","Lizard Tail","Kunai"],"potions_floor_usage":[],"damage_taken":[{"damage":0.0,"enemies":"2 Louse","floor":1.0,"turns":2.0},{"damage":0.0,"enemies":"Cultist","floor":4.0,"turns":5.0},{"damage":2.0,"enemies":"Jaw Worm","floor":5.0,"turns":4.0},{"damage":3.0,"enemies":"Large Slime","floor":7.0,"turns":5.0},{"damage":4.0,"enemies":"Red Slaver","floor":10.0,"turns":5.0},{"damage":32.0,"enemies":"Lots of Slimes","floor":12.0,"turns":5.0},{"damage":4.0,"enemies":"Exordium Thugs","floor":13.0,"turns":5.0},{"damage":11.0,"enemies":"3 Louse","floor":14.0,"turns":4.0},{"damage":24.0,"enemies":"The Guardian","floor":16.0,"turns":11.0},{"damage":42,"enemies":"Chosen","floor":18,"turns":9},{"damage":21,"enemies":"Spheric Guardian","floor":22,"turns":6},{"damage":86,"enemies":"Gremlin Leader","floor":24,"turns":4}],"seed_played":"-8494881701573808874","potions_obtained":[{"floor":4.0,"key":"Energy Potion"},{"floor":5.0,"key":"FocusPotion"},{"floor":12.0,"key":"SteroidPotion"},{"floor":14.0,"key":"Block Potion"}],"is_trial":false,"path_per_floor":["M","?","?","M","M","R","M","$","T","M","?","M","M","M","R","B",null,"M","?","?","$","M","R"],"character_chosen":"DEFECT","items_purchased":["Blizzard","Coolheaded","Kunai"],"campfire_rested":2,"item_purchase_floors":[8,21,21],"current_hp_per_floor":[68,68,68,68,66,66,63,63,73,69,69,37,33,22,47,23,70,28,28,28,28,7,32,0],"gold":29,"neow_bonus":"RANDOM_COMMON_RELIC","is_prod":false,"is_daily":false,"chose_seed":false,"campfire_upgraded":1,"win_rate":0,"timestamp":1531785893,"path_taken":["M","?","?","M","M","R","M","$","T","?","?","M","M","M","R","BOSS","M","?","?","$","?","R","E"],"build_version":"2018-07-12","purchased_purges":1,"victory":false,"max_hp_per_floor":[75,75,75,75,75,75,75,75,85,85,85,85,85,85,85,85,85,85,85,85,85,85,85,85],"card_choices":[{"not_picked":["Beam Cell","Steam"],"picked":"Coolheaded","floor":1.0},{"not_picked":["Coolheaded","Steam"],"picked":"Cold Snap","floor":4.0},{"not_picked":["Reprogram","Steam"],"picked":"Creative AI","floor":5.0},{"not_picked":["Force Field","Sweeping Beam"],"picked":"Reinforced Body","floor":7.0},{"not_picked":["Sunder","Streamline"],"picked":"Auto Shields","floor":10.0},{"not_picked":["Barrage","Lockon"],"picked":"Hologram","floor":12.0},{"not_picked":["Electrodynamics","Turbo","Steam Power"],"picked":"SKIP","floor":13.0},{"not_picked":["Reprogram","Beam Cell"],"picked":"Redo","floor":14.0},{"not_picked":["Creative AI","Multi-Cast"],"picked":"Seek","floor":16.0},{"not_picked":["Redo","Stack"],"picked":"Leap","floor":18},{"not_picked":["Rebound","Steam Power"],"picked":"Blizzard","floor":22}],"player_experience":1154992,"relics_obtained":[{"floor":9.0,"key":"Pear"}],"event_choices":[{"event_name":"The Woman in Blue","player_choice":"Bought 0 Potions","floor":2.0,"damage_taken":0.0},{"event_name":"Bonfire Elementals","player_choice":"BASIC","floor":3.0,"damage_taken":0.0},{"event_name":"Dead Adventurer","player_choice":"Searched \u00271\u0027 times","floor":11.0,"damage_taken":0.0},{"event_name":"Vampires","player_choice":"Ignored","floor":19,"damage_taken":0},{"event_name":"Accursed Blacksmith","player_choice":"Forge","floor":20,"damage_taken":0}],"boss_relics":[{"not_picked":["Tiny House","Coffee Dripper"],"picked":"Lizard Tail"}],"items_purged_floors":[21],"is_endless":false,"potions_floor_spawned":[4,5,12,14],"killed_by":"Gremlin Leader","ascension_level":12}