{"path_per_floor":["M","?","M","?","M","E","M","E","T","R","$","?","R","M","R","B",null,"M","?","M","M","M","R","T","R","T","E","R","M","?","?","R","B",null,"M","$","M","M","?","M","R","M","T","R","M","M","?","M","R"],"character_chosen":"DEFECT","items_purchased":["Consume","Orichalcum","Flash of Steel","Tempest","Loop","Redo","Panacea"],"gold_per_floor":[115,115,131,306,319,347,363,396,396,396,0,0,0,16,16,118,118,130,130,146,156,172,172,172,172,172,204,204,224,224,224,224,327,327,341,44,60,70,119,132,132,146,146,146,161,174,174,190,190,190],"floor_reached":50,"campfire_rested":7,"playtime":2874,"item_purchase_floors":[11,11,11,36,36,36,36],"current_hp_per_floor":[75,80,80,80,80,47,43,34,34,58,58,58,80,74,74,35,80,80,40,40,40,40,40,40,40,40,12,24,24,24,24,36,36,40,40,40,37,37,24,4,16,16,16,28,21,21,21,17,29,0],"items_purged":["Strike_B"],"gold":190,"score":655,"play_id":"ff4f7ceb-25a2-46d8-a95c-d6054d25ad87","local_time":"20180610191333","is_prod":false,"is_daily":false,"chose_seed":false,"is_ascension_mode":true,"campfire_upgraded":3,"win_rate":0,"timestamp":1528672413,"campfire_choices":[{"floor":10,"key":"REST"},{"floor":13,"key":"REST"},{"data":"Electrodynamics","floor":15,"key":"SMITH"},{"data":"Echo Form","floor":23,"key":"SMITH"},{"data":"Ghostly","floor":25,"key":"SMITH"},{"floor":28,"key":"REST"},{"floor":32,"key":"REST"},{"floor":41,"key":"REST"},{"floor":44,"key":"REST"},{"floor":49,"key":"REST"}],"path_taken":["M","?","M","?","M","E","M","E","T","R","$","?","R","M","R","BOSS","M","?","M","M","M","R","?","R","T","E","R","?","?","?","R","BOSS","M","$","M","M","?","M","R","M","T","R","M","M","?","M","R","BOSS"],"build_version":"2018-06-07v3","seed_source_timestamp":343882600465736,"purchased_purges":1,"victory":false,"master_deck":["Strike_B","Strike_B","Defend_B","Defend_B+1","Defend_B","Defend_B","Zap","Dualcast+1","Conserve Battery","Electrodynamics+1","Doubt","Cold Snap","Thunder Strike","Hologram","Seek","Consume","Flash of Steel","Auto Shields","Echo Form+1","Ghostly","Ghostly","Ghostly+1","Ghostly","Ghostly","Melter","Coolheaded","Chill","Writhe","Doubt","Coolheaded","Double Energy","Ghostly+1","Thunder Strike","White Noise+1","Tempest","Loop","Redo","Panacea","Chaos","Defragment+1","Doubt","Turbo+1","Electrodynamics"],"max_hp_per_floor":[75,80,80,80,80,80,80,80,80,80,80,80,80,80,80,80,80,80,40,40,40,40,40,40,40,40,40,40,40,40,40,40,40,40,40,40,40,40,40,40,40,40,40,40,40,40,40,40,40,40],"relics":["Cracked Core","NeowsBlessing","War Paint","Symbiotic Virus","Cables","Orichalcum","Cursed Key","Bottled Tornado","Centennial Puzzle","Bottled Lightning","Lizard Tail","Ginger","Bottled Flame"],"card_choices":[{"not_picked":["Compile Driver","Reinforced Body"],"picked":"Conserve Battery","floor":1},{"not_picked":["Conserve Battery","Turbo"],"picked":"Electrodynamics","floor":3},{"not_picked":["Hello World","Recycle"],"picked":"Cold Snap","floor":5},{"not_picked":["Go for the Eyes","Stack"],"picked":"Thunder Strike","floor":6},{"not_picked":["Barrage","Reprogram"],"picked":"Hologram","floor":7},{"not_picked":["Conserve Battery","Streamline"],"picked":"Seek","floor":8},{"not_picked":["Heatsinks","Turbo"],"picked":"Auto Shields","floor":14},{"not_picked":["All For One","Hyperbeam"],"picked":"Echo Form","floor":16},{"not_picked":["Scrape","Auto Shields"],"picked":"Melter+1","floor":18},{"not_picked":["Sweeping Beam","Sunder"],"picked":"Melter","floor":20},{"not_picked":["Gash+1","Conserve Battery"],"picked":"Coolheaded","floor":21},{"not_picked":["Recycle+1","Sweeping Beam"],"picked":"Chill","floor":22},{"not_picked":["Leap","FTL+1"],"picked":"Coolheaded","floor":27},{"not_picked":["Heatsinks","Leap"],"picked":"Double Energy","floor":29},{"not_picked":["Machine Learning","All For One"],"picked":"Thunder Strike","floor":33},{"not_picked":["Melter+1","Self Repair"],"picked":"White Noise+1","floor":35},{"not_picked":["Beam Cell+1","Rebound+1"],"picked":"Chaos","floor":37},{"not_picked":["Consume+1","Rip and Tear+1","Barrage+1"],"picked":"SKIP","floor":38},{"not_picked":["Redo+1","Steam"],"picked":"Defragment+1","floor":39},{"not_picked":["Steam+1","Hologram","Conserve Battery"],"picked":"SKIP","floor":40},{"not_picked":["Scrape","Leap","Force Field+1"],"picked":"SKIP","floor":42},{"not_picked":["Gash+1","Auto Shields","Sweeping Beam"],"picked":"SKIP","floor":45},{"not_picked":["Coolheaded+1","Chaos"],"picked":"Turbo+1","floor":46},{"not_picked":["Coolheaded","Sweeping Beam"],"picked":"Electrodynamics","floor":48}],"player_experience":467056,"potions_floor_usage":[6,16,16,33,33,50,50],"damage_taken":[{"damage":0,"enemies":"Cultist","floor":1,"turns":1},{"damage":0,"enemies":"Jaw Worm","floor":3,"turns":1},{"damage":0,"enemies":"Small Slimes","floor":5,"turns":1},{"damage":33,"enemies":"Lagavulin","floor":6,"turns":7},{"damage":4,"enemies":"Blue Slaver","floor":7,"turns":3},{"damage":9,"enemies":"3 Sentries","floor":8,"turns":5},{"damage":6,"enemies":"Looter","floor":14,"turns":2},{"damage":39,"enemies":"Hexaghost","floor":16,"turns":12},{"damage":0,"enemies":"3 Byrds","floor":18,"turns":2},{"damage":0,"enemies":"Spheric Guardian","floor":20,"turns":1},{"damage":0,"enemies":"Snecko","floor":21,"turns":6},{"damage":0,"enemies":"Snake Plant","floor":22,"turns":3},{"damage":28,"enemies":"Slavers","floor":27,"turns":2},{"damage":0,"enemies":"3 Cultists","floor":29,"turns":3},{"damage":0,"enemies":"Automaton","floor":33,"turns":11},{"damage":0,"enemies":"3 Shapes","floor":35,"turns":7},{"damage":3,"enemies":"Orb Walker","floor":37,"turns":4},{"damage":0,"enemies":"Sphere and 2 Shapes","floor":38,"turns":5},{"damage":13,"floor":39,"turns":3},{"damage":20,"enemies":"4 Shapes","floor":40,"turns":5},{"damage":0,"enemies":"Maw","floor":42,"turns":7},{"damage":7,"enemies":"Sphere and 2 Shapes","floor":45,"turns":4},{"damage":0,"enemies":"3 Darklings","floor":46,"turns":4},{"damage":29,"enemies":"4 Shapes","floor":48,"turns":6},{"damage":45,"enemies":"Awakened One","floor":50,"turns":5}],"relics_obtained":[{"floor":6,"key":"War Paint"},{"floor":8,"key":"Symbiotic Virus"},{"floor":9,"key":"Cables"},{"floor":24,"key":"Bottled Tornado"},{"floor":26,"key":"Centennial Puzzle"},{"floor":27,"key":"Bottled Lightning"},{"floor":39,"key":"Ginger"},{"floor":43,"key":"Bottled Flame"}],"event_choices":[{"event_name":"Big Fish","player_choice":"Donut","floor":2,"damage_taken":0},{"event_name":"Liars Game","player_choice":"agreed","floor":4,"damage_taken":0},{"event_name":"The Cleric","player_choice":"Leave","floor":12,"damage_taken":0},{"event_name":"Ghosts","player_choice":"Became a Ghost","floor":19,"damage_taken":0},{"event_name":"Back to Basics","player_choice":"Elegance","floor":30,"damage_taken":0},{"event_name":"Duplicator","player_choice":"One dupe","floor":31,"damage_taken":0},{"event_name":"Mysterious Sphere","player_choice":"Fight","floor":39,"damage_taken":0},{"event_name":"Falling","player_choice":"Removed Attack","floor":47,"damage_taken":0}],"boss_relics":[{"not_picked":["Philosopher\u0027s Stone","Calling Bell"],"picked":"Cursed Key"},{"not_picked":["Tiny House","Astrolabe"],"picked":"Lizard Tail"}],"items_purged_floors":[11],"potions_floor_spawned":[3,7,14,16,22,33,35,37,38,45,48],"seed_played":"1095816340229453725","killed_by":"Awakened One","ascension_level":3,"potions_obtained":[{"floor":3,"key":"Dexterity Potion"},{"floor":7,"key":"FearPotion"},{"floor":14,"key":"FearPotion"},{"floor":16,"key":"Strength Potion"},{"floor":22,"key":"FocusPotion"},{"floor":33,"key":"GamblersBrew"},{"floor":35,"key":"EssenceOfSteel"},{"floor":37,"key":"Ancient Potion"},{"floor":38,"key":"Weak Potion"}],"is_trial":false}