{"path_per_floor":["M","?","?","M","M","E","$","M","T","R","M","$","E","?","R","B",null,"M","M","M","?","$","R","E","M","T","M","R","M","R","?","R","B",null,"M","M","?","?","$","R","E","R","T","M","M","$","E","?","R","B"],"character_chosen":"IRONCLAD","items_purchased":["Happy Flower","Bronze Scales","Whetstone"],"gold_per_floor":[19,19,19,36,51,77,2,13,13,13,33,33,63,63,63,161,161,172,187,202,202,55,55,83,103,130,147,147,164,164,164,164,260,260,274,289,334,334,36,36,67,67,117,136,154,54,79,79,79,79],"floor_reached":51,"campfire_rested":2,"playtime":4391,"item_purchase_floors":[],"current_hp_per_floor":[80,80,80,80,80,60,60,57,57,57,61,61,59,59,59,37,80,73,72,68,68,68,68,51,51,51,41,41,36,36,36,78,24,90,76,76,83,73,73,73,75,75,75,80,85,85,88,88,110,78],"items_purged":["Strike_R","Strike_R"],"gold":79,"score":760,"play_id":"664660dc-b78d-4a96-9de7-532dcfe2f4ed","local_time":"20180601032553","is_prod":false,"is_daily":false,"chose_seed":false,"is_ascension_mode":false,"campfire_upgraded":7,"win_rate":0.0,"timestamp":1527816353,"campfire_choices":[{"data":"Shockwave","floor":10.0,"key":"SMITH"},{"data":"Flame Barrier","floor":15.0,"key":"SMITH"},{"data":"Bludgeon","floor":23.0,"key":"SMITH"},{"data":"Uppercut","floor":28.0,"key":"SMITH"},{"data":"Clothesline","floor":30.0,"key":"SMITH"},{"floor":32.0,"key":"REST"},{"data":"Enlightenment","floor":40,"key":"SMITH"},{"data":"Sadistic Nature","floor":42,"key":"SMITH"},{"floor":49,"key":"REST"}],"path_taken":["M","?","?","M","M","E","$","?","T","R","M","$","E","?","R","BOSS","M","?","M","?","$","R","E","?","T","M","R","M","R","?","R","BOSS","M","M","?","?","$","R","E","R","T","M","M","$","E","?","R","BOSS"],"build_version":"2018-05-28","seed_source_timestamp":0,"purchased_purges":2,"victory":true,"master_deck":["Strike_R","Strike_R+1","Defend_R","Defend_R","Defend_R","Defend_R","Bash","Pommel Strike","Flame Barrier+1","Uppercut+1","Offering","Shockwave+1","Iron Wave","Bludgeon+1","Second Wind+1","Clothesline+1","Anger+1","Offering","Infernal Blade+1","Uppercut+1","Pommel Strike+1","Iron Wave","Feed","Ghostly Armor+1","Warcry+1","Anger+1","Finesse","Sadistic Nature+1","Enlightenment+1","Headbutt+1","Iron Wave"],"max_hp_per_floor":[80,80,80,80,80,80,80,80,80,80,80,80,80,80,80,80,80,80,80,80,80,80,80,90,90,90,90,90,90,90,90,90,90,90,90,90,107,107,107,107,107,107,107,110,110,110,110,110,110,110],"relics":["Burning Blood","Bird Faced Urn","Blood Vial","Toolbox","Red Skull","Bag of Preparation","Black Star","Happy Flower","Self Forming Clay","Pear","Regal Pillow","Lizard Tail","Mango","Bronze Scales","Whetstone","Orichalcum","Pen Nib","Vajra","Boot","Dream Catcher"],"card_choices":[{"not_picked":["Armaments","Perfected Strike"],"picked":"Pommel Strike","floor":1.0},{"not_picked":["Twin Strike","Sever Soul"],"picked":"Flame Barrier","floor":4.0},{"not_picked":["Heavy Blade","Headbutt"],"picked":"Uppercut","floor":5.0},{"not_picked":["Thunderclap","Perfected Strike"],"picked":"Offering","floor":6.0},{"not_picked":["Thunderclap","Feel No Pain"],"picked":"Shockwave","floor":8.0},{"not_picked":["Inflame","Combust","Thunderclap"],"picked":"SKIP","floor":11.0},{"not_picked":["Thunderclap","Feel No Pain"],"picked":"Iron Wave","floor":13.0},{"not_picked":["Limit Break","Barricade"],"picked":"Bludgeon","floor":16.0},{"not_picked":["Perfected Strike","Hemokinesis+1"],"picked":"Second Wind+1","floor":18.0},{"not_picked":["Shrug It Off","Perfected Strike"],"picked":"Clothesline","floor":19.0},{"not_picked":["Perfected Strike","Corruption"],"picked":"Anger","floor":20.0},{"not_picked":["Corruption","Twin Strike"],"picked":"Infernal Blade+1","floor":24.0},{"not_picked":["Body Slam","Armaments"],"picked":"Uppercut","floor":25.0},{"not_picked":["Barricade","Shrug It Off"],"picked":"Pommel Strike+1","floor":27.0},{"not_picked":["Burning Pact","True Grit"],"picked":"Iron Wave","floor":29.0},{"not_picked":["Dark Embrace","Barricade"],"picked":"Feed","floor":33.0},{"not_picked":["Pummel+1","Twin Strike"],"picked":"Ghostly Armor+1","floor":35.0},{"not_picked":["Clash","Iron Wave"],"picked":"Warcry+1","floor":36.0},{"not_picked":["Warcry","Clash+1"],"picked":"Anger+1","floor":37},{"not_picked":["Secret Weapon","Swift Strike"],"picked":"Finesse","floor":38},{"not_picked":["Trip","Deep Breath"],"picked":"Sadistic Nature","floor":38},{"not_picked":["Purity","Flash of Steel"],"picked":"Enlightenment","floor":38},{"not_picked":["Shockwave+1","Cleave"],"picked":"Headbutt+1","floor":41},{"not_picked":["Shrug It Off","Entrench","Rampage"],"picked":"SKIP","floor":44},{"not_picked":["Rampage","Headbutt","Power Through"],"picked":"SKIP","floor":45},{"not_picked":["Spot Weakness","Perfected Strike+1"],"picked":"Iron Wave","floor":47}],"player_experience":16777,"potions_floor_usage":[47,50,50],"damage_taken":[{"damage":0.0,"enemies":"Small Slimes","floor":1.0,"turns":3.0},{"damage":3.0,"enemies":"Jaw Worm","floor":4.0,"turns":4.0},{"damage":1.0,"enemies":"Cultist","floor":5.0,"turns":3.0},{"damage":26.0,"enemies":"3 Sentries","floor":6.0,"turns":11.0},{"damage":11.0,"enemies":"Exordium Thugs","floor":8.0,"turns":4.0},{"damage":4.0,"enemies":"3 Louse","floor":11.0,"turns":3.0},{"damage":10.0,"enemies":"Lagavulin","floor":13.0,"turns":6.0},{"damage":30.0,"enemies":"Hexaghost","floor":16.0,"turns":10.0},{"damage":13.0,"enemies":"2 Thieves","floor":18.0,"turns":4.0},{"damage":9.0,"enemies":"Spheric Guardian","floor":19.0,"turns":4.0},{"damage":12.0,"enemies":"Snake Plant","floor":20.0,"turns":3.0},{"damage":35.0,"enemies":"Gremlin Leader","floor":24.0,"turns":4.0},{"damage":8.0,"enemies":"Centurion and Healer","floor":25.0,"turns":3.0},{"damage":18.0,"enemies":"Slaver and Parasite","floor":27.0,"turns":5.0},{"damage":15.0,"enemies":"Cultist and Chosen","floor":29.0,"turns":4.0},{"damage":66.0,"enemies":"Champ","floor":33.0,"turns":9.0},{"damage":20.0,"enemies":"Flame Bruiser 1 Orb","floor":35.0,"turns":4.0},{"damage":8.0,"enemies":"3 Shapes","floor":36.0,"turns":3.0},{"damage":18,"enemies":"Mysterious Sphere","floor":37,"turns":5},{"damage":8,"enemies":"Nemesis","floor":41,"turns":5},{"damage":8,"enemies":"Sphere and 2 Shapes","floor":44,"turns":3},{"damage":5,"enemies":"4 Shapes","floor":45,"turns":4},{"damage":11,"enemies":"2 Orb Walkers","floor":47,"turns":3},{"damage":44,"enemies":"Time Eater","floor":50,"turns":12}],"relics_obtained":[{"floor":6.0,"key":"Blood Vial"},{"floor":9.0,"key":"Toolbox"},{"floor":13.0,"key":"Red Skull"},{"floor":24.0,"key":"Self Forming Clay"},{"floor":24.0,"key":"Pear"},{"floor":26.0,"key":"Regal Pillow"},{"floor":37,"key":"Mango"},{"floor":41,"key":"Orichalcum"},{"floor":41,"key":"Pen Nib"},{"floor":43,"key":"Vajra"},{"floor":47,"key":"Boot"},{"floor":47,"key":"Dream Catcher"}],"event_choices":[{"event_name":"Liars Game","player_choice":"disagreed","floor":2.0,"damage_taken":0.0},{"event_name":"Bonfire Elementals","player_choice":"BASIC","floor":3.0,"damage_taken":0.0},{"event_name":"Dead Adventurer","player_choice":"Searched \u00272\u0027 times","floor":14.0,"damage_taken":0.0},{"event_name":"Duplicator","player_choice":"One dupe","floor":21.0,"damage_taken":0.0},{"event_name":"Upgrade Shrine","player_choice":"Upgraded","floor":31.0,"damage_taken":0.0},{"event_name":"Mysterious Sphere","player_choice":"Fight","floor":37,"damage_taken":0},{"event_name":"SensoryStone","player_choice":"Memory 3","floor":38,"damage_taken":0},{"event_name":"SecretPortal","player_choice":"Rejected Portal.","floor":48,"damage_taken":0}],"boss_relics":[],"items_purged_floors":[],"potions_floor_spawned":[8,11,13,19,20,24,29,35,37,41,47],"seed_played":"9039179430207369648","ascension_level":0,"potions_obtained":[{"floor":8.0,"key":"GamblersBrew"},{"floor":11.0,"key":"Energy Potion"},{"floor":13.0,"key":"Strength Potion"},{"floor":19.0,"key":"LiquidBronze"},{"floor":20.0,"key":"Explosive Potion"},{"floor":24.0,"key":"Dexterity Potion"},{"floor":29.0,"key":"SpeedPotion"},{"floor":35.0,"key":"LiquidBronze"},{"floor":37,"key":"Energy Potion"},{"floor":47,"key":"GamblersBrew"}],"is_trial":false}