{"gold_per_floor":[110,35,35,9,9,39,39,52,82,113,113,124,124,138,138,211,211,223,179,179,179],"floor_reached":21,"playtime":773,"items_purged":["Strike_R"],"score":392,"play_id":"159c23c9-eabc-4520-9d68-317a33952cf5","local_time":"20190211182558","is_ascension_mode":true,"campfire_choices":[{"data":"Armaments","floor":7.0,"key":"SMITH"},{"data":"Rampage","floor":11.0,"key":"SMITH"},{"data":"Havoc","floor":13.0,"key":"SMITH"},{"data":"Dark Embrace","floor":15.0,"key":"SMITH"}],"neow_cost":"NONE","seed_source_timestamp":705935942632388,"circlet_count":0,"master_deck":["AscendersBane","Strike_R","Strike_R","Strike_R","Defend_R","Defend_R","Defend_R","Defend_R","Bash","Armaments+1","Headbutt","Rampage+1","Shrug It Off","Dark Embrace+1","Havoc+1","Exhume"],"special_seed":0,"relics":["Burning Blood","NeowsBlessing","Oddly Smooth Stone","Tiny Chest","Art of War","Busted Crown"],"potions_floor_usage":[],"damage_taken":[{"damage":0.0,"enemies":"2 Louse","floor":1.0,"turns":1.0},{"damage":0.0,"enemies":"Gremlin Nob","floor":6.0,"turns":1.0},{"damage":0.0,"enemies":"Cultist","floor":8.0,"turns":1.0},{"damage":34.0,"enemies":"Lagavulin","floor":10.0,"turns":5.0},{"damage":7.0,"enemies":"Jaw Worm","floor":12.0,"turns":4.0},{"damage":18.0,"enemies":"Red Slaver","floor":14.0,"turns":4.0},{"damage":39,"enemies":"Hexaghost","floor":16,"turns":11},{"damage":36,"enemies":"3 Byrds","floor":18,"turns":9},{"damage":26,"enemies":"2 Thieves","floor":19,"turns":5},{"damage":9,"enemies":"Snake Plant","floor":21,"turns":1}],"seed_played":"-1867371695582441733","potions_obtained":[{"floor":8.0,"key":"Ancient Potion"},{"floor":12.0,"key":"BloodPotion"},{"floor":19,"key":"Explosive Potion"},{"floor":20,"key":"Strength Potion"},{"floor":20,"key":"Ancient Potion"}],"is_trial":false,"path_per_floor":["M","$","?","$","?","E","R","M","T","E","R","M","R","M","R","B",null,"M","M","?","M"],"character_chosen":"IRONCLAD","items_purchased":["Headbutt"],"campfire_rested":0,"item_purchase_floors":[4],"current_hp_per_floor":[74,74,74,74,74,75,75,75,75,47,47,46,46,41,41,8,58,28,8,8,0],"gold":179,"neow_bonus":"THREE_ENEMY_KILL","is_prod":false,"is_daily":false,"chose_seed":false,"campfire_upgraded":4,"win_rate":0,"timestamp":1549927558,"path_taken":["M","$","?","$","?","E","R","M","T","E","R","?","R","M","R","BOSS","M","M","?","M"],"build_version":"2019-01-23","purchased_purges":1,"victory":false,"max_hp_per_floor":[75,75,75,75,75,75,75,75,75,75,75,75,75,75,75,75,75,75,75,75,75],"card_choices":[{"not_picked":["Twin Strike","Pommel Strike"],"picked":"Armaments","floor":1.0},{"not_picked":["Flame Barrier","Intimidate"],"picked":"Rampage","floor":6.0},{"not_picked":["Rampage","Burning Pact"],"picked":"Shrug It Off","floor":8.0},{"not_picked":["Sword Boomerang","Inflame"],"picked":"Dark Embrace","floor":10.0},{"not_picked":["Twin Strike","Pommel Strike"],"picked":"Havoc","floor":12.0},{"not_picked":["Infernal Blade","Reckless Charge","Twin Strike"],"picked":"SKIP","floor":14.0},{"not_picked":["Brutality","Double Tap"],"picked":"Exhume","floor":16},{"not_picked":["Twin Strike"],"picked":"SKIP","floor":18},{"not_picked":["Body Slam"],"picked":"SKIP","floor":19}],"player_experience":2405581,"relics_obtained":[{"floor":6.0,"key":"Oddly Smooth Stone"},{"floor":9.0,"key":"Tiny Chest"},{"floor":10.0,"key":"Art of War"}],"event_choices":[{"damage_healed":0.0,"max_hp_gain":0.0,"max_hp_loss":0.0,"gold_gain":0.0,"event_name":"Shining Light","player_choice":"Ignored","floor":3.0,"gold_loss":0.0,"damage_taken":0.0},{"cards_removed":["Strike_R"],"damage_healed":0.0,"max_hp_gain":0.0,"max_hp_loss":0.0,"gold_gain":0.0,"event_name":"Bonfire Elementals","player_choice":"Offered Basic","floor":5.0,"gold_loss":0.0,"damage_taken":0.0},{"damage_healed":0,"gold_gain":0,"player_choice":"Got Potions","damage_taken":0,"max_hp_gain":0,"max_hp_loss":0,"event_name":"Lab","floor":20,"gold_loss":0}],"is_beta":false,"boss_relics":[{"not_picked":["Cursed Key","Calling Bell"],"picked":"Busted Crown"}],"items_purged_floors":[2],"is_endless":false,"potions_floor_spawned":[8,12,19],"killed_by":"Snake Plant","ascension_level":17}