{"gold_per_floor":[111,161,48,48,64,74,74,87,114,141,153,153],"floor_reached":12,"playtime":395,"items_purged":[],"score":152,"play_id":"f7c80a35-c46a-464a-930c-3a42e8cb9526","local_time":"20190103211154","is_ascension_mode":true,"campfire_choices":[{"data":"Storm","floor":7,"key":"SMITH"}],"neow_cost":"NONE","seed_source_timestamp":1273504134756127,"circlet_count":0,"master_deck":["AscendersBane","Strike_B","Strike_B","Strike_B","Strike_B","Defend_B","Defend_B","Defend_B","Defend_B","Zap","Dualcast","Storm+1","Capacitor","Melter","Self Repair","Coolheaded","Glacier","Loop"],"relics":["Cracked Core","NeowsBlessing","Art of War"],"potions_floor_usage":[10,11],"damage_taken":[{"damage":0,"enemies":"2 Louse","floor":1,"turns":1},{"damage":0,"enemies":"Cultist","floor":5,"turns":1},{"damage":0,"enemies":"Small Slimes","floor":6,"turns":1},{"damage":19,"enemies":"3 Louse","floor":8,"turns":4},{"damage":44,"enemies":"Lagavulin","floor":10,"turns":9},{"damage":4,"enemies":"Exordium Thugs","floor":11,"turns":4},{"damage":20,"enemies":"Gremlin Gang","floor":12,"turns":2}],"seed_played":"-7253012755309238613","potions_obtained":[{"floor":1,"key":"PowerPotion"},{"floor":8,"key":"Explosive Potion"},{"floor":10,"key":"FearPotion"}],"is_trial":false,"path_per_floor":["M","?","$","$","M","M","R","M","T","E","M","M"],"character_chosen":"DEFECT","items_purchased":["Capacitor","Melter"],"campfire_rested":0,"item_purchase_floors":[3,3],"current_hp_per_floor":[64,64,64,64,64,64,64,52,52,15,18,0],"gold":153,"neow_bonus":"THREE_ENEMY_KILL","is_prod":false,"is_daily":false,"chose_seed":false,"campfire_upgraded":1,"win_rate":0,"timestamp":1546567914,"path_taken":["M","?","?","$","M","M","R","M","T","E","M","M"],"build_version":"2018-12-20","purchased_purges":0,"victory":false,"max_hp_per_floor":[71,71,71,71,71,71,71,71,71,71,71,71],"card_choices":[{"not_picked":["Tempest","Rebound"],"picked":"Storm","floor":1},{"not_picked":["Streamline","FTL"],"picked":"Self Repair","floor":5},{"not_picked":["Gash","Recycle"],"picked":"Coolheaded","floor":6},{"not_picked":["Barrage","Sunder"],"picked":"Glacier","floor":8},{"not_picked":["Turbo","Hologram"],"picked":"Loop","floor":10},{"not_picked":["Beam Cell","Tempest","Chaos"],"picked":"SKIP","floor":11}],"player_experience":1993653,"relics_obtained":[{"floor":10,"key":"Art of War"}],"event_choices":[{"damage_healed":0,"gold_gain":50,"player_choice":"Pray","damage_taken":0,"max_hp_gain":0,"max_hp_loss":0,"event_name":"Golden Shrine","floor":2,"gold_loss":0}],"is_beta":false,"boss_relics":[],"items_purged_floors":[],"is_endless":false,"potions_floor_spawned":[1,8,10],"killed_by":"Gremlin Gang","ascension_level":18}