{"gold_per_floor":[114,114,129,129,41,79,28,28,78,116,135,135,154,4,4,129,129,148,148,167,44,63,63,101,101,176,195,233,233,271,197,197,322,322,341,674,634,508,523,523,538,538,588,603,633,358,388,403,403,403],"floor_reached":51,"playtime":2254,"items_purged":["Writhe","Strike_R+1","Strike_G+1"],"score":971,"play_id":"7a7a619d-ffce-49cf-8520-d3cc38ebeaa1","local_time":"20181119171400","daily_mods":["Chimera","Diverse","Binary"],"is_ascension_mode":false,"campfire_choices":[{"data":"Barricade","floor":8.0,"key":"SMITH"},{"data":"Armaments","floor":12.0,"key":"SMITH"},{"data":"Footwork","floor":15.0,"key":"SMITH"},{"floor":23.0,"key":"REST"},{"floor":29,"key":"REST"},{"data":"Conserve Battery","floor":32,"key":"SMITH"},{"data":"Dodge and Roll","floor":40,"key":"SMITH"},{"data":"Malaise","floor":42,"key":"SMITH"},{"floor":49,"key":"REST"}],"neow_cost":"","seed_source_timestamp":0,"circlet_count":0,"master_deck":["Bash","Survivor","Zap+1","Strike_B+1","Defend_R+1","Defend_G+1","Defend_B+1","Body Slam","Deadly Poison","Footwork+1","Go for the Eyes","Barricade+1","Ball Lightning+1","Armaments+1","Electrodynamics","Cloak And Dagger","Conserve Battery+1","Hologram+1","Dodge and Roll+1","Cloak And Dagger+1","Hologram","Leap","Malaise+1","Pain","Malaise"],"special_seed":17854,"relics":["Cracked Core","Bag of Marbles","Centennial Puzzle","Art of War","PreservedInsect","Inserter","Strawberry","Singing Bowl","Shuriken","Blood Vial","Turnip","Cursed Key","Happy Flower","Regal Pillow","Anchor","Question Card"],"potions_floor_usage":[28,33,33,50],"damage_taken":[{"damage":3.0,"enemies":"Jaw Worm","floor":1.0,"turns":3.0},{"damage":0.0,"enemies":"Small Slimes","floor":3.0,"turns":3.0},{"damage":9.0,"enemies":"3 Sentries","floor":6.0,"turns":8.0},{"damage":13.0,"enemies":"Lagavulin","floor":10.0,"turns":6.0},{"damage":0.0,"enemies":"2 Louse","floor":11.0,"turns":2.0},{"damage":0.0,"enemies":"2 Fungi Beasts","floor":13.0,"turns":2.0},{"damage":0.0,"enemies":"Slime Boss","floor":16.0,"turns":7.0},{"damage":20.0,"enemies":"2 Thieves","floor":18.0,"turns":4.0},{"damage":11.0,"enemies":"Shell Parasite","floor":20.0,"turns":7.0},{"damage":25.0,"enemies":"Shelled Parasite and Fungi","floor":22.0,"turns":6.0},{"damage":5.0,"enemies":"Book of Stabbing","floor":24.0,"turns":5.0},{"damage":21.0,"enemies":"Cultist and Chosen","floor":27.0,"turns":6.0},{"damage":13,"enemies":"Slavers","floor":28,"turns":4},{"damage":4,"enemies":"Book of Stabbing","floor":30,"turns":5},{"damage":12,"enemies":"Collector","floor":33,"turns":11},{"damage":0,"enemies":"3 Shapes","floor":35,"turns":3},{"damage":0,"enemies":"3 Darklings","floor":39,"turns":6},{"damage":3,"enemies":"Sphere and 2 Shapes","floor":41,"turns":6},{"damage":8,"enemies":"Writhing Mass","floor":44,"turns":6},{"damage":15,"enemies":"Reptomancer","floor":45,"turns":5},{"damage":6,"enemies":"Giant Head","floor":47,"turns":7},{"damage":3,"enemies":"Spire Growth","floor":48,"turns":7},{"damage":10,"enemies":"Time Eater","floor":50,"turns":13}],"seed_played":"-8230449717086533208","potions_obtained":[{"floor":3.0,"key":"GamblersBrew"},{"floor":6.0,"key":"Block Potion"},{"floor":13.0,"key":"Ancient Potion"},{"floor":20.0,"key":"PowerPotion"},{"floor":28,"key":"Energy Potion"},{"floor":35,"key":"FocusPotion"},{"floor":41,"key":"EssenceOfSteel"}],"is_trial":false,"path_per_floor":["M","?","M","?","$","E","$","R","T","E","M","R","M","$","R","B",null,"M","?","M","$","M","R","E","?","T","M","E","R","E","$","R","B",null,"M","?","?","$","M","R","M","R","T","M","E","$","E","M","R","B",null],"character_chosen":"DEFECT","items_purchased":["Footwork","Go for the Eyes","Ball Lightning","PreservedInsect","Conserve Battery","Dodge and Roll","SpeedPotion","Hologram","Anchor"],"campfire_rested":3,"item_purchase_floors":[5,5,7,14,21,31,31,38,46],"current_hp_per_floor":[72,57,57,57,57,48,48,48,48,35,35,35,35,35,35,35,69,49,56,45,45,20,42,39,39,39,20,9,33,33,33,33,25,86,86,86,86,86,86,86,83,83,83,79,68,68,66,65,92,82],"gold":403,"neow_bonus":"","is_prod":false,"is_daily":true,"chose_seed":false,"campfire_upgraded":6,"win_rate":0,"timestamp":1542644040,"path_taken":["M","?","M","?","$","E","?","R","T","E","M","R","M","?","R","BOSS","M","?","M","$","M","R","E","?","T","M","E","R","E","?","R","BOSS","M","?","?","$","M","R","?","R","T","M","E","$","E","M","R","BOSS"],"build_version":"2018-11-15","purchased_purges":3,"victory":true,"max_hp_per_floor":[75,75,75,69,69,69,69,69,69,69,69,69,69,69,69,69,69,69,76,76,76,76,76,78,78,78,80,82,82,84,84,84,86,86,86,86,86,86,86,86,86,86,86,88,90,90,92,92,92,92],"card_choices":[{"not_picked":["True Grit"],"picked":"Body Slam","floor":1.0},{"not_picked":["Clash"],"picked":"Deadly Poison","floor":3.0},{"not_picked":["Inflame"],"picked":"Barricade","floor":6.0},{"not_picked":["Flex","Warcry"],"picked":"SKIP","floor":10.0},{"not_picked":["Dagger Spray"],"picked":"Armaments","floor":11.0},{"not_picked":["Fusion","Blade Dance"],"picked":"SKIP","floor":13.0},{"not_picked":["Berserk"],"picked":"Electrodynamics","floor":16.0},{"not_picked":["Accuracy+1"],"picked":"Cloak And Dagger","floor":18.0},{"not_picked":["Reflex+1","Thunderclap"],"picked":"SKIP","floor":20.0},{"not_picked":["Seeing Red+1"],"picked":"Hologram+1","floor":22.0},{"not_picked":["Blizzard","Flechettes"],"picked":"Singing Bowl","floor":24.0},{"not_picked":["Crippling Poison","Armaments"],"picked":"Singing Bowl","floor":27.0},{"not_picked":["Slice+1","Pommel Strike"],"picked":"Singing Bowl","floor":28},{"not_picked":["Pommel Strike","Wild Strike"],"picked":"Singing Bowl","floor":30},{"not_picked":["Multi-Cast","Dark Embrace"],"picked":"Singing Bowl","floor":33},{"not_picked":["Steam+1"],"picked":"Cloak And Dagger+1","floor":35},{"not_picked":["Heel Hook+1"],"picked":"Leap","floor":39},{"not_picked":["Choke+1"],"picked":"Malaise","floor":41},{"not_picked":["Clash","Pommel Strike"],"picked":"Singing Bowl","floor":44},{"not_picked":["Reckless Charge+1","Outmaneuver+1"],"picked":"Singing Bowl","floor":45},{"not_picked":["Force Field","Heavy Blade"],"picked":"Singing Bowl","floor":47},{"not_picked":["Heavy Blade+1","Dropkick+1"],"picked":"Malaise","floor":48}],"player_experience":1721858,"relics_obtained":[{"floor":6.0,"key":"Bag of Marbles"},{"floor":9.0,"key":"Centennial Puzzle"},{"floor":10.0,"key":"Art of War"},{"floor":24.0,"key":"Singing Bowl"},{"floor":26.0,"key":"Shuriken"},{"floor":28,"key":"Blood Vial"},{"floor":30,"key":"Turnip"},{"floor":43,"key":"Happy Flower"},{"floor":45,"key":"Regal Pillow"},{"floor":47,"key":"Question Card"}],"event_choices":[{"damage_healed":0.0,"max_hp_gain":0.0,"max_hp_loss":0.0,"gold_gain":0.0,"event_name":"Shining Light","player_choice":"Entered Light","floor":2.0,"gold_loss":0.0,"damage_taken":15.0,"cards_upgraded":["Defend_R","Defend_G"]},{"damage_healed":0.0,"max_hp_gain":0.0,"max_hp_loss":6.0,"gold_gain":0.0,"event_name":"Golden Idol","player_choice":"Lose Max HP","floor":4.0,"gold_loss":0.0,"damage_taken":0.0,"relics_obtained":["Golden Idol"]},{"damage_healed":0.0,"max_hp_gain":0.0,"max_hp_loss":0.0,"gold_gain":0.0,"event_name":"The Mausoleum","player_choice":"Opened","floor":19.0,"gold_loss":0.0,"damage_taken":0.0,"relics_obtained":["Strawberry"],"cards_obtained":["Writhe"]},{"damage_healed":0.0,"max_hp_gain":0.0,"max_hp_loss":0.0,"gold_gain":0.0,"event_name":"Back to Basics","player_choice":"Simplicity","floor":25.0,"gold_loss":0.0,"damage_taken":0.0,"cards_upgraded":["Strike_R","Strike_G","Strike_B","Defend_B"]},{"damage_healed":0,"gold_gain":333,"player_choice":"Gave Idol","damage_taken":0,"max_hp_gain":0,"max_hp_loss":0,"event_name":"The Moai Head","floor":36,"relics_lost":["Golden Idol"],"gold_loss":0},{"damage_healed":0,"gold_gain":0,"player_choice":"Upgraded Two","damage_taken":0,"max_hp_gain":0,"max_hp_loss":0,"event_name":"Designer","floor":37,"gold_loss":40,"cards_upgraded":["Zap","Ball Lightning"]}],"is_beta":false,"boss_relics":[{"not_picked":["Empty Cage","Calling Bell"],"picked":"Inserter"},{"not_picked":["Philosopher\u0027s Stone","Runic Pyramid"],"picked":"Cursed Key"}],"items_purged_floors":[21,38,46],"is_endless":false,"potions_floor_spawned":[3,6,13,20,28,35,41,45,48],"ascension_level":0}