{"gold_per_floor":[122,154,178,202,214,226,257,269,305,342,354,385,410,422,434,446],"floor_reached":16,"playtime":590,"items_purged":[],"score":208,"play_id":"f37090f7-4b73-4a53-ba86-37cbaaeecffd","local_time":"20190211014027","is_ascension_mode":true,"campfire_choices":[{"data":"Genetic Algorithm","floor":6,"key":"SMITH"},{"data":"Zap","floor":8,"key":"SMITH"},{"floor":15,"key":"REST"}],"neow_cost":"NONE","seed_source_timestamp":1632276539715665,"circlet_count":0,"master_deck":["AscendersBane","Strike_B","Strike_B","Strike_B","Defend_B","Defend_B","Defend_B","Defend_B","Zap+1","Dualcast","Genetic Algorithm+1","Ball Lightning","Sweeping Beam","Cold Snap","Sunder","Steam Power","Stack"],"relics":["Cracked Core","MawBank","Centennial Puzzle","Potion Belt"],"potions_floor_usage":[16,16],"damage_taken":[{"damage":2,"enemies":"Jaw Worm","floor":1,"turns":3},{"damage":4,"enemies":"2 Louse","floor":2,"turns":2},{"damage":1,"enemies":"Cultist","floor":3,"turns":4},{"damage":15,"enemies":"Gremlin Gang","floor":4,"turns":4},{"damage":6,"enemies":"Looter","floor":7,"turns":3},{"damage":26,"enemies":"Gremlin Nob","floor":10,"turns":4},{"damage":0,"enemies":"3 Louse","floor":12,"turns":2},{"damage":1,"enemies":"2 Fungi Beasts","floor":13,"turns":2},{"damage":25,"enemies":"Hexaghost","floor":16,"turns":9}],"seed_played":"-4090926274593820943","potions_obtained":[{"floor":3,"key":"SmokeBomb"},{"floor":10,"key":"SteroidPotion"},{"floor":12,"key":"Energy Potion"}],"is_trial":false,"path_per_floor":["M","M","M","M","?","R","M","R","T","E","?","M","M","?","R","B"],"character_chosen":"DEFECT","items_purchased":[],"campfire_rested":1,"item_purchase_floors":[],"current_hp_per_floor":[62,58,57,42,47,47,41,41,41,15,15,15,14,3,25,0],"gold":446,"neow_bonus":"RANDOM_COMMON_RELIC","is_prod":false,"is_daily":false,"chose_seed":false,"campfire_upgraded":2,"win_rate":0,"timestamp":1549870827,"path_taken":["M","M","M","M","?","R","M","R","T","E","?","?","?","?","R","BOSS"],"build_version":"2019-02-06","purchased_purges":0,"victory":false,"max_hp_per_floor":[71,71,71,71,76,76,76,76,76,76,76,76,76,76,76,76],"card_choices":[{"not_picked":["Redo","Leap"],"picked":"Genetic Algorithm","floor":1},{"not_picked":["Fusion","Rebound"],"picked":"Ball Lightning","floor":2},{"not_picked":["Doom and Gloom","Leap"],"picked":"Sweeping Beam","floor":3},{"not_picked":["Compile Driver","Rebound","Hologram"],"picked":"SKIP","floor":4},{"not_picked":["Conserve Battery","Reinforced Body"],"picked":"Cold Snap","floor":7},{"not_picked":["Rip and Tear","Rebound"],"picked":"Sunder","floor":10},{"not_picked":["Leap","Gash"],"picked":"Steam Power","floor":12},{"not_picked":["Meteor Strike","Rip and Tear"],"picked":"Stack","floor":13}],"player_experience":810921,"relics_obtained":[{"floor":9,"key":"Centennial Puzzle"},{"floor":10,"key":"Potion Belt"}],"event_choices":[{"damage_healed":0,"gold_gain":0,"player_choice":"Donut","damage_taken":0,"max_hp_gain":5,"max_hp_loss":0,"event_name":"Big Fish","floor":5,"gold_loss":0},{"cards_removed":["Strike_B"],"damage_healed":0,"gold_gain":0,"player_choice":"Purged","damage_taken":0,"max_hp_gain":0,"max_hp_loss":0,"event_name":"Purifier","floor":11,"gold_loss":0},{"damage_healed":0,"gold_gain":0,"player_choice":"Fled","damage_taken":11,"max_hp_gain":0,"max_hp_loss":0,"event_name":"Scrap Ooze","floor":14,"gold_loss":0}],"is_beta":true,"boss_relics":[],"items_purged_floors":[],"is_endless":false,"potions_floor_spawned":[3,10,12],"killed_by":"Hexaghost","ascension_level":20}