{"gold_per_floor":[118,68,81,54,66,66,66,85,163,179,191,210,210,230,230,230],"floor_reached":16,"playtime":946,"items_purged":[],"score":154,"play_id":"f2f01646-269b-475d-aeb8-17b3088fa427","local_time":"20181025103219","is_ascension_mode":true,"campfire_choices":[{"data":"Neutralize","floor":6,"key":"SMITH"},{"data":"Cloak And Dagger","floor":13,"key":"SMITH"},{"floor":15,"key":"REST"}],"neow_cost":"NONE","seed_source_timestamp":1320937694632555,"circlet_count":0,"master_deck":["Defend_G","Defend_G","Defend_G","Defend_G","Defend_G","Strike_G","Strike_G","Strike_G","Strike_G","Survivor","Neutralize+1","AscendersBane","Deadly Poison","Riddle With Holes","Blade Dance","Footwork","Cloak And Dagger+1","Cloak And Dagger","Blade Dance","Dash","Blur"],"relics":["Philosopher\u0027s Stone","Mummified Hand"],"potions_floor_usage":[8,12,14,16],"damage_taken":[{"damage":1,"enemies":"Cultist","floor":1,"turns":4},{"damage":12,"enemies":"Jaw Worm","floor":3,"turns":4},{"damage":8,"enemies":"Small Slimes","floor":5,"turns":3},{"damage":8,"enemies":"Gremlin Gang","floor":8,"turns":5},{"damage":0,"enemies":"3 Louse","floor":10,"turns":3},{"damage":1,"enemies":"Red Slaver","floor":11,"turns":4},{"damage":9,"enemies":"Large Slime","floor":12,"turns":5},{"damage":7,"enemies":"Exordium Thugs","floor":14,"turns":5},{"damage":54,"enemies":"Hexaghost","floor":16,"turns":15}],"seed_played":"-2269579566404802095","potions_obtained":[{"floor":5,"key":"AttackPotion"},{"floor":8,"key":"FearPotion"},{"floor":11,"key":"Regen Potion"},{"floor":14,"key":"Weak Potion"}],"is_trial":false,"path_per_floor":["M","?","M","$","M","R","$","M","T","M","M","M","R","M","R"],"character_chosen":"THE_SILENT","items_purchased":["Blade Dance"],"campfire_rested":1,"item_purchase_floors":[4],"current_hp_per_floor":[62,62,50,50,42,42,42,34,34,34,33,38,38,31,52,0],"gold":230,"neow_bonus":"BOSS_RELIC","is_prod":false,"is_daily":false,"chose_seed":false,"campfire_upgraded":2,"win_rate":0,"timestamp":1540477939,"path_taken":["M","?","M","$","?","R","$","M","T","M","M","M","R","M","R","BOSS"],"build_version":"2018-10-18","purchased_purges":0,"victory":false,"max_hp_per_floor":[70,70,70,70,70,70,70,70,70,70,70,70,70,70,70,70],"card_choices":[{"not_picked":["Flying Knee","Outmaneuver"],"picked":"Deadly Poison","floor":1},{"not_picked":["Sucker Punch","Finisher"],"picked":"Riddle With Holes","floor":3},{"not_picked":["Deadly Poison","Masterful Stab"],"picked":"Footwork","floor":5},{"not_picked":["PiercingWail","Well Laid Plans"],"picked":"Cloak And Dagger","floor":8},{"not_picked":["Calculated Gamble","Tactician"],"picked":"Cloak And Dagger","floor":10},{"not_picked":["Skewer","Underhanded Strike"],"picked":"Blade Dance","floor":11},{"not_picked":["Predator","Prepared"],"picked":"Dash","floor":12},{"not_picked":["Malaise","Quick Slash"],"picked":"Blur","floor":14}],"player_experience":1580459,"relics_obtained":[{"floor":9,"key":"Mummified Hand"}],"event_choices":[{"cards_removed":["Strike_G"],"damage_healed":0,"gold_gain":0,"player_choice":"Card Removal","damage_taken":0,"max_hp_gain":0,"max_hp_loss":0,"event_name":"The Cleric","floor":2,"gold_loss":50}],"is_beta":false,"boss_relics":[],"items_purged_floors":[],"is_endless":false,"potions_floor_spawned":[5,8,11,14],"killed_by":"Hexaghost","ascension_level":12}