{"gold_per_floor":[113,113,128,28,78,78,27,53,77,104,4,4,16,36,36,112,112,130,130,130,130,0,0,0],"floor_reached":24,"playtime":712,"items_purged":["Strike_G","Strike_G"],"score":350,"play_id":"74dc3dc4-73ad-4efa-abf4-1d56be2ce19c","local_time":"20180803150720","is_ascension_mode":true,"campfire_choices":[{"data":"Neutralize","floor":6,"key":"SMITH"},{"data":"Sucker Punch","floor":12,"key":"SMITH"},{"data":"Bouncing Flask","floor":15,"key":"SMITH"},{"floor":23,"key":"REST"}],"neow_cost":"TEN_PERCENT_HP_LOSS","seed_source_timestamp":103851726884848,"circlet_count":0,"master_deck":["Defend_G","Defend_G","Defend_G","Defend_G","Defend_G","Strike_G","Strike_G","Strike_G+1","Survivor","Neutralize+1","AscendersBane","Leg Sweep","Heel Hook","Sucker Punch+1","Deadly Poison","Skewer+1","Bouncing Flask+1","Corpse Explosion","Footwork","Backstab","Die Die Die","Backflip"],"relics":["Ring of the Snake","The Specimen","Ornamental Fan","Lantern","Whetstone","Orrery","Toxic Egg 2"],"potions_floor_usage":[10,24],"damage_taken":[{"damage":0,"enemies":"2 Louse","floor":1,"turns":4},{"damage":0,"enemies":"Jaw Worm","floor":3,"turns":4},{"damage":19,"enemies":"3 Sentries","floor":8,"turns":14},{"damage":14,"enemies":"Gremlin Nob","floor":10,"turns":5},{"damage":0,"enemies":"Cultist","floor":13,"turns":3},{"damage":3,"enemies":"Looter","floor":14,"turns":2},{"damage":9,"enemies":"The Guardian","floor":16,"turns":10},{"damage":12,"enemies":"Shell Parasite","floor":18,"turns":6},{"damage":47,"enemies":"Book of Stabbing","floor":24,"turns":7}],"seed_played":"4734697176507152439","potions_obtained":[{"floor":1,"key":"Dexterity Potion"},{"floor":10,"key":"Strength Potion"}],"is_trial":false,"path_per_floor":["M","?","M","$","?","R","$","E","T","E","$","R","M","M","R","B",null,"M","$","?","?","?","R"],"character_chosen":"THE_SILENT","items_purchased":["Sucker Punch","AttackPotion"],"campfire_rested":1,"item_purchase_floors":[4,7],"current_hp_per_floor":[59,64,64,64,64,64,64,45,45,31,31,31,31,28,28,19,54,42,42,24,24,24,45,0],"gold":0,"neow_bonus":"ONE_RARE_RELIC","is_prod":false,"is_daily":false,"chose_seed":false,"campfire_upgraded":3,"win_rate":0,"timestamp":1533301640,"path_taken":["M","?","M","$","?","R","$","E","T","E","?","R","?","M","R","BOSS","M","$","?","?","?","R","E"],"build_version":"2018-08-02","purchased_purges":2,"victory":false,"max_hp_per_floor":[60,65,65,65,65,65,65,65,65,65,65,65,65,65,65,65,65,65,65,70,70,70,70,70],"card_choices":[{"not_picked":["Choke","Riddle With Holes"],"picked":"Leg Sweep","floor":1},{"not_picked":["Blade Dance","Dagger Throw"],"picked":"Heel Hook","floor":3},{"not_picked":["Deflect","Cloak And Dagger"],"picked":"Deadly Poison","floor":8},{"not_picked":["Poisoned Stab","PiercingWail"],"picked":"Skewer","floor":10},{"not_picked":["Slice","Poisoned Stab"],"picked":"Bouncing Flask","floor":13},{"not_picked":["Expertise","Bane","Prepared"],"picked":"SKIP","floor":14},{"not_picked":["Grand Finale","Doppelganger"],"picked":"Corpse Explosion","floor":16},{"not_picked":["Dagger Spray","Deflect"],"picked":"Footwork","floor":17},{"not_picked":["Deadly Poison","Distraction"],"picked":"Backstab","floor":17},{"not_picked":["Predator","PiercingWail"],"picked":"Die Die Die","floor":17},{"not_picked":["Deadly Poison","Prepared"],"picked":"Backflip","floor":18}],"player_experience":1255859,"relics_obtained":[{"floor":8,"key":"Ornamental Fan"},{"floor":9,"key":"Lantern"},{"floor":10,"key":"Whetstone"}],"event_choices":[{"event_name":"Big Fish","player_choice":"Donut","floor":2,"damage_taken":0},{"event_name":"Golden Shrine","player_choice":"Pray","floor":5,"damage_taken":0},{"event_name":"Forgotten Altar","player_choice":"Shed Blood","floor":20,"damage_taken":0},{"event_name":"WeMeetAgain","player_choice":"Potion","floor":21,"damage_taken":0},{"event_name":"Masked Bandits","player_choice":"Paid Bandits 130 gold","floor":22,"damage_taken":0}],"is_beta":false,"boss_relics":[{"not_picked":["WristBlade","Calling Bell"],"picked":"Orrery"}],"items_purged_floors":[4,11],"is_endless":false,"potions_floor_spawned":[1,10,13],"killed_by":"Book of Stabbing","ascension_level":15}