{"path_per_floor":["M","$","?","?","M","E","R","M","T","R","?","?","R","M","R"],"character_chosen":"DEFECT","items_purchased":["Chill"],"gold_per_floor":[114,4,4,4,16,48,48,64,64,64,239,239,239,251,251,251],"floor_reached":16,"campfire_rested":3,"playtime":2500,"item_purchase_floors":[2],"current_hp_per_floor":[69,69,62,62,62,8,30,30,30,52,52,34,56,57,57,0],"items_purged":["Strike_B"],"gold":251,"score":98,"play_id":"814e1689-e869-4e84-a746-ef8d69d2a561","local_time":"20180603165753","is_prod":false,"is_daily":false,"chose_seed":false,"is_ascension_mode":false,"campfire_upgraded":1,"win_rate":0,"timestamp":1528059473,"campfire_choices":[{"floor":7,"key":"REST"},{"floor":10,"key":"REST"},{"floor":13,"key":"REST"},{"data":"Zap","floor":15,"key":"SMITH"}],"path_taken":["M","$","?","?","M","E","R","M","T","R","?","?","R","M","R","BOSS"],"build_version":"2018-05-31","seed_source_timestamp":253078286154636,"purchased_purges":1,"victory":false,"master_deck":["Strike_B","Defend_B","Defend_B","Defend_B","Defend_B","Zap+1","Dualcast","Redo","Redo","Chill","Reprogram","Lockon","Steam","Streamline","Doubt","Steam+1"],"max_hp_per_floor":[75,75,75,75,75,75,75,75,75,75,75,75,75,75,75,75],"relics":["Cracked Core","Blood Vial","Toxic Egg 2","Blue Candle"],"card_choices":[{"not_picked":["Hologram","Barrage"],"picked":"Redo","floor":0},{"not_picked":["Rebound","Scrape"],"picked":"Redo","floor":1},{"not_picked":["Consume","Rebound"],"picked":"Lockon","floor":5},{"not_picked":["Core Surge","Double Energy"],"picked":"Steam","floor":6},{"not_picked":["Go for the Eyes","Beam Cell"],"picked":"Streamline","floor":8},{"not_picked":["Go for the Eyes","Force Field+1"],"picked":"Steam+1","floor":14}],"player_experience":290485,"potions_floor_usage":[16],"damage_taken":[{"damage":6,"enemies":"2 Louse","floor":1,"turns":2},{"damage":0,"enemies":"Cultist","floor":5,"turns":4},{"damage":54,"enemies":"Gremlin Nob","floor":6,"turns":5},{"damage":2,"enemies":"Small Slimes","floor":8,"turns":3},{"damage":1,"enemies":"Exordium Wildlife","floor":14,"turns":3},{"damage":62,"enemies":"Hexaghost","floor":16,"turns":10}],"relics_obtained":[{"floor":6,"key":"Blood Vial"},{"floor":9,"key":"Toxic Egg 2"}],"event_choices":[{"event_name":"Golden Wing","player_choice":"Card Removal","floor":3,"damage_taken":0},{"event_name":"Living Wall","player_choice":"Change","floor":4,"damage_taken":0},{"event_name":"Liars Game","player_choice":"agreed","floor":11,"damage_taken":0},{"event_name":"Scrap Ooze","player_choice":"success","floor":12,"damage_taken":18}],"boss_relics":[],"items_purged_floors":[2],"potions_floor_spawned":[8],"seed_played":"8869652067382372659","killed_by":"Hexaghost","ascension_level":0,"potions_obtained":[{"floor":8,"key":"GamblersBrew"}],"is_trial":false}