{"gold_per_floor":[119,119,131,131,145,145,180,24,51,64,88,108,122,122,122,225,225,235,254,24,42,42,42,56,56,102,121,140,156,173,192,192,287,287,307,307,307,327,343,343,363,391,391,26,26,75,88,101,101,101],"floor_reached":51,"playtime":3674,"items_purged":["Strike_B","Shame"],"score":1093,"play_id":"59a9eca0-97c0-40ce-8c58-3810b8974819","local_time":"20180714171354","is_ascension_mode":true,"campfire_choices":[{"data":"Zap","floor":6.0,"key":"SMITH"},{"floor":15.0,"key":"REST"},{"floor":23.0,"key":"REST"},{"floor":25.0,"key":"REST"},{"floor":32.0,"key":"REST"},{"data":"Capacitor","floor":40.0,"key":"SMITH"},{"data":"Capacitor","floor":49.0,"key":"SMITH"}],"neow_cost":"NONE","seed_source_timestamp":0,"circlet_count":0,"master_deck":["Strike_B","Strike_B","Strike_B","Defend_B","Defend_B","Defend_B","Defend_B","Zap+1","Dualcast","AscendersBane","Core Surge","FTL","Electrodynamics","Zap","Flash of Steel","FTL","Reboot","White Noise","Leap","Ball Lightning","Coolheaded","Machine Learning","White Noise","All For One","Consume","Heatsinks","Storm","Leap","Seek","Undo+1","Coolheaded","Capacitor+1","Echo Form","Skim","Coolheaded","Cold Snap","Go for the Eyes+1","Hologram+1","Capacitor+1","Madness","Madness","Writhe","Sunder","Ball Lightning"],"special_seed":0,"relics":["Cracked Core","Mummified Hand","Ancient Tea Set","Centennial Puzzle","Odd Mushroom","Snecko Eye","Enchiridion","Potion Belt","Cursed Key","Happy Flower","Kunai","Lee\u0027s Waffle","DataDisk"],"potions_floor_usage":[50,50],"damage_taken":[{"damage":2.0,"enemies":"Jaw Worm","floor":1.0,"turns":3.0},{"damage":1.0,"enemies":"Cultist","floor":3.0,"turns":3.0},{"damage":12.0,"enemies":"Small Slimes","floor":5.0,"turns":2.0},{"damage":30.0,"enemies":"Lagavulin","floor":7.0,"turns":5.0},{"damage":6.0,"enemies":"Exordium Thugs","floor":10.0,"turns":3.0},{"damage":0.0,"floor":11.0,"turns":2.0},{"damage":6.0,"enemies":"Gremlin Gang","floor":12.0,"turns":2.0},{"damage":0.0,"enemies":"Blue Slaver","floor":13.0,"turns":3.0},{"damage":0.0,"enemies":"Slime Boss","floor":16.0,"turns":5.0},{"damage":8.0,"enemies":"2 Thieves","floor":18.0,"turns":2.0},{"damage":6.0,"enemies":"Spheric Guardian","floor":19.0,"turns":3.0},{"damage":32.0,"enemies":"Snake Plant","floor":21.0,"turns":3.0},{"damage":16.0,"enemies":"3 Cultists","floor":24.0,"turns":3.0},{"damage":11.0,"enemies":"Cultist and Chosen","floor":27.0,"turns":4.0},{"damage":0.0,"enemies":"Chosen and Byrds","floor":28.0,"turns":3.0},{"damage":6.0,"enemies":"Slaver and Parasite","floor":29.0,"turns":3.0},{"damage":9.0,"enemies":"3 Cultists","floor":30.0,"turns":3.0},{"damage":11.0,"enemies":"Snake Plant","floor":31.0,"turns":4.0},{"damage":7.0,"enemies":"Collector","floor":33.0,"turns":4.0},{"damage":10.0,"enemies":"3 Darklings","floor":35.0,"turns":3.0},{"damage":0.0,"enemies":"Flame Bruiser 1 Orb","floor":38.0,"turns":4.0},{"damage":9.0,"enemies":"4 Shapes","floor":39.0,"turns":6.0},{"damage":0.0,"enemies":"3 Darklings","floor":41.0,"turns":2.0},{"damage":9.0,"enemies":"Nemesis","floor":42.0,"turns":5.0},{"damage":0.0,"enemies":"Transient","floor":47.0,"turns":5.0},{"damage":0.0,"enemies":"Maw","floor":48.0,"turns":5.0},{"damage":25,"enemies":"Time Eater","floor":50,"turns":5}],"seed_played":"586824481180783956","potions_obtained":[{"floor":1.0,"key":"FearPotion"},{"floor":7.0,"key":"Swift Potion"},{"floor":11.0,"key":"SkillPotion"},{"floor":16.0,"key":"Dexterity Potion"},{"floor":18.0,"key":"PowerPotion"},{"floor":27.0,"key":"PowerPotion"},{"floor":31.0,"key":"FocusPotion"},{"floor":33.0,"key":"Poison Potion"},{"floor":35.0,"key":"GamblersBrew"},{"floor":38.0,"key":"Dexterity Potion"},{"floor":41.0,"key":"GamblersBrew"},{"floor":42.0,"key":"Energy Potion"}],"is_trial":false,"path_per_floor":["M","?","M","T","M","R","E","$","T","M","?","M","M","?","R","B",null,"M","M","$","M","?","R","M","R","T","M","M","M","M","M","R","B",null,"M","?","?","M","M","R","M","E","T","$","?","T","M","M","R","B"],"character_chosen":"DEFECT","items_purchased":["White Noise","All For One","Consume","Lee\u0027s Waffle","Capacitor"],"campfire_rested":4,"item_purchase_floors":[8,20,20,44,44],"current_hp_per_floor":[66,66,65,65,53,53,23,23,23,17,17,11,11,11,33,33,65,57,51,51,19,3,25,16,38,38,27,27,21,12,1,23,16,60,50,50,50,50,41,41,41,39,39,82,72,72,72,72,72,47],"gold":101,"neow_bonus":"ONE_RANDOM_RARE_CARD","is_prod":false,"is_daily":false,"chose_seed":false,"campfire_upgraded":3,"win_rate":0,"timestamp":1531581234,"path_taken":["M","?","M","?","?","R","E","$","T","M","?","M","M","?","R","BOSS","M","M","$","M","?","R","?","R","T","M","M","M","M","M","R","BOSS","M","?","?","M","M","R","M","E","T","$","?","?","M","M","R","BOSS"],"build_version":"2018-07-11","purchased_purges":2,"victory":true,"max_hp_per_floor":[75,75,75,75,75,75,75,75,75,75,75,75,75,75,75,75,75,75,75,75,75,75,75,75,75,75,75,75,75,75,75,75,75,75,75,75,75,75,75,75,75,75,75,82,82,82,82,82,82,82],"card_choices":[{"not_picked":["Self Repair","Gash"],"picked":"FTL","floor":1.0},{"not_picked":["Darkness","Compile Driver"],"picked":"FTL","floor":3.0},{"not_picked":["Barrage","Fusion","Redo"],"picked":"SKIP","floor":5.0},{"not_picked":["Consume","Darkness"],"picked":"Reboot","floor":7.0},{"not_picked":["Genetic Algorithm","Go for the Eyes"],"picked":"Leap","floor":10.0},{"not_picked":["Go for the Eyes","Chaos"],"picked":"Ball Lightning","floor":11.0},{"not_picked":["Stack","Rebound","Streamline"],"picked":"SKIP","floor":12.0},{"not_picked":["Conserve Battery","Meteor Strike"],"picked":"Coolheaded","floor":13.0},{"not_picked":["Amplify","Rainbow"],"picked":"Machine Learning","floor":16.0},{"not_picked":["Compile Driver","Streamline","Hologram"],"picked":"SKIP","floor":18.0},{"not_picked":["Redo","Go for the Eyes"],"picked":"White Noise","floor":19.0},{"not_picked":["Skim","Conserve Battery"],"picked":"Heatsinks","floor":21.0},{"not_picked":["Darkness","Stack+1"],"picked":"Storm","floor":24.0},{"not_picked":["Streamline","Cold Snap+1"],"picked":"Leap","floor":27.0},{"not_picked":["Cold Snap","Steam+1"],"picked":"Seek","floor":28.0},{"not_picked":["BootSequence","Steam"],"picked":"Undo+1","floor":29.0},{"not_picked":["Auto Shields","Turbo"],"picked":"Coolheaded","floor":30.0},{"not_picked":["Fusion","Coolheaded"],"picked":"Capacitor","floor":31.0},{"not_picked":["Fission","Amplify"],"picked":"Echo Form","floor":33.0},{"not_picked":["Rebound+1","Fusion+1"],"picked":"Skim","floor":35.0},{"not_picked":["Turbo+1","Consume+1"],"picked":"Coolheaded","floor":38.0},{"not_picked":["Hologram","Darkness"],"picked":"Cold Snap","floor":39.0},{"not_picked":["Steam+1","All For One"],"picked":"Go for the Eyes+1","floor":41.0},{"not_picked":["Barrage+1","Rebound+1"],"picked":"Hologram+1","floor":42.0},{"not_picked":["Darkness","Genetic Algorithm"],"picked":"Sunder","floor":47.0},{"not_picked":["Auto Shields+1","Darkness"],"picked":"Ball Lightning","floor":48.0}],"player_experience":322487,"relics_obtained":[{"floor":4.0,"key":"Mummified Hand"},{"floor":7.0,"key":"Ancient Tea Set"},{"floor":9.0,"key":"Centennial Puzzle"},{"floor":11.0,"key":"Odd Mushroom"},{"floor":22.0,"key":"Enchiridion"},{"floor":26.0,"key":"Potion Belt"},{"floor":42.0,"key":"Happy Flower"},{"floor":43.0,"key":"Kunai"},{"floor":46.0,"key":"DataDisk"}],"event_choices":[{"event_name":"Match and Keep!","player_choice":"3 cards matched","floor":2.0,"damage_taken":0.0},{"event_name":"Mushrooms","player_choice":"Fought Mushrooms","floor":11.0,"damage_taken":0.0},{"event_name":"Golden Idol","player_choice":"Ignored","floor":14.0,"damage_taken":0.0},{"event_name":"Cursed Tome","player_choice":"Obtained Book","floor":22.0,"damage_taken":0.0},{"event_name":"Tomb of Lord Red Mask","player_choice":"Ignored","floor":36.0,"damage_taken":0.0},{"event_name":"SensoryStone","player_choice":"Memory 1","floor":37.0,"damage_taken":0.0},{"event_name":"Winding Halls","player_choice":"Embrace Madness","floor":45.0,"damage_taken":0.0}],"boss_relics":[{"not_picked":["Black Star","Astrolabe"],"picked":"Snecko Eye"},{"not_picked":["Eternal Feather","Nuclear Battery"],"picked":"Cursed Key"}],"items_purged_floors":[8,44],"is_endless":false,"potions_floor_spawned":[1,7,11,16,18,19,27,31,33,35,38,41,42],"ascension_level":10}