{"gold_per_floor":[114,130,80,93,193,193,118,118,174,174,190,190,201,26,26,26],"floor_reached":16,"playtime":1410,"items_purged":["Strike_G","Strike_G"],"score":90,"play_id":"05775605-9479-4e02-92fb-4e3b15d96663","local_time":"20181105082556","is_ascension_mode":false,"campfire_choices":[{"data":"Neutralize","floor":6,"key":"SMITH"},{"data":"Accuracy","floor":8,"key":"SMITH"},{"data":"Dagger Throw","floor":10,"key":"SMITH"},{"floor":15,"key":"REST"}],"neow_cost":"NONE","seed_source_timestamp":2266763693101779,"circlet_count":0,"master_deck":["Defend_G","Defend_G","Defend_G","Defend_G","Defend_G","Strike_G","Strike_G","Survivor","Neutralize+1","Accuracy+1","Acrobatics","Dagger Throw+1","Backstab","Dagger Spray","Accuracy"],"relics":["WristBlade","Tiny Chest","CultistMask"],"potions_floor_usage":[4,11],"damage_taken":[{"damage":2,"enemies":"Cultist","floor":1,"turns":5},{"damage":2,"enemies":"2 Louse","floor":2,"turns":5},{"damage":10,"enemies":"Small Slimes","floor":4,"turns":4},{"damage":11,"enemies":"Exordium Thugs","floor":11,"turns":5},{"damage":11,"enemies":"Large Slime","floor":13,"turns":8},{"damage":58,"enemies":"Slime Boss","floor":16,"turns":11}],"seed_played":"2745377258039598236","potions_obtained":[{"floor":1,"key":"Energy Potion"},{"floor":2,"key":"SkillPotion"},{"floor":13,"key":"FearPotion"}],"is_trial":false,"path_per_floor":["M","M","?","M","?","R","$","R","T","R","M","?","M","$","R","B"],"character_chosen":"THE_SILENT","items_purchased":["Accuracy"],"campfire_rested":1,"item_purchase_floors":[14],"current_hp_per_floor":[68,66,66,56,56,56,56,56,56,56,45,45,34,34,55,0],"gold":26,"neow_bonus":"BOSS_RELIC","is_prod":false,"is_daily":false,"chose_seed":false,"campfire_upgraded":3,"win_rate":0,"timestamp":1541424356,"path_taken":["M","M","?","M","?","R","$","R","T","R","?","?","M","?","R","BOSS"],"build_version":"2018-11-01","purchased_purges":2,"victory":false,"max_hp_per_floor":[70,70,70,70,70,70,70,70,70,70,70,70,70,70,70,70],"card_choices":[{"not_picked":["Underhanded Strike","Footwork"],"picked":"Accuracy","floor":1},{"not_picked":["Flechettes","Catalyst"],"picked":"Acrobatics","floor":2},{"not_picked":["Masterful Stab","Acrobatics"],"picked":"Dagger Throw","floor":4},{"not_picked":["Dodge and Roll","Backflip"],"picked":"Backstab","floor":11},{"not_picked":["Acrobatics","Leg Sweep"],"picked":"Dagger Spray","floor":13}],"player_experience":1643476,"relics_obtained":[{"floor":9,"key":"Tiny Chest"}],"event_choices":[{"cards_removed":["Strike_G"],"damage_healed":0,"gold_gain":0,"player_choice":"Card Removal","damage_taken":0,"max_hp_gain":0,"max_hp_loss":0,"event_name":"The Cleric","floor":3,"gold_loss":50},{"damage_healed":0,"gold_gain":100,"player_choice":"Pray","damage_taken":0,"max_hp_gain":0,"max_hp_loss":0,"event_name":"Golden Shrine","floor":5,"gold_loss":0},{"damage_healed":0,"gold_gain":0,"player_choice":"Trade","damage_taken":0,"relics_obtained":["CultistMask"],"max_hp_gain":0,"max_hp_loss":0,"event_name":"FaceTrader","floor":12,"gold_loss":0}],"is_beta":false,"boss_relics":[],"items_purged_floors":[7,14],"is_endless":false,"potions_floor_spawned":[1,2,13],"killed_by":"Slime Boss","ascension_level":0}