{"gold_per_floor":[111,111,126,51,101,101,121,121,121,81,81,93,105,119,119,196,196,208,24,37,37,48,77,89,136,148,185,215,227,264,294,306,318],"floor_reached":33,"playtime":1764,"items_purged":["Strike_G"],"score":644,"play_id":"9e63ab8e-4979-4c0d-bc3e-3eede6615670","local_time":"20190211023543","is_ascension_mode":true,"campfire_choices":[{"data":"Neutralize","floor":6.0,"key":"SMITH"},{"data":"Cloak And Dagger","floor":8.0,"key":"SMITH"},{"data":"Bouncing Flask","floor":11.0,"key":"SMITH"},{"data":"Catalyst","floor":15.0,"key":"SMITH"},{"floor":24.0,"key":"REST"},{"floor":29.0,"key":"REST"},{"floor":32.0,"key":"REST"}],"neow_cost":"TEN_PERCENT_HP_LOSS","seed_source_timestamp":181032626540819,"circlet_count":0,"master_deck":["AscendersBane","Defend_G","Defend_G","Defend_G","Defend_G","Defend_G","Strike_G","Strike_G","Strike_G","Survivor","Neutralize+1","Dodge and Roll","PiercingWail","Cloak And Dagger+1","Bouncing Flask+1","Bouncing Flask","Catalyst+1","Adrenaline","Venomology","Panache","Backstab","Backstab","Caltrops","Concentrate","Concentrate","Reflex"],"special_seed":0,"relics":["Ring of the Snake","Gambling Chip","Ice Cream","Runic Pyramid","MawBank","Ginger","Shuriken","Regal Pillow","Red Mask"],"potions_floor_usage":[33,33,33],"damage_taken":[{"damage":1.0,"enemies":"Cultist","floor":1.0,"turns":5.0},{"damage":8.0,"enemies":"Jaw Worm","floor":3.0,"turns":8.0},{"damage":0.0,"enemies":"Small Slimes","floor":7.0,"turns":4.0},{"damage":0.0,"enemies":"Looter","floor":10.0,"turns":4.0},{"damage":9.0,"enemies":"Gremlin Gang","floor":12.0,"turns":5.0},{"damage":2.0,"enemies":"2 Fungi Beasts","floor":13.0,"turns":3.0},{"damage":0.0,"enemies":"Looter","floor":14.0,"turns":3.0},{"damage":5.0,"enemies":"Hexaghost","floor":16.0,"turns":8.0},{"damage":3.0,"enemies":"Chosen","floor":18.0,"turns":3.0},{"damage":0.0,"enemies":"Spheric Guardian","floor":20.0,"turns":4.0},{"damage":15.0,"enemies":"Colosseum Slavers","floor":21.0,"turns":3.0},{"damage":4.0,"enemies":"Centurion and Healer","floor":22.0,"turns":7.0},{"damage":13.0,"enemies":"Slavers","floor":23.0,"turns":6.0},{"damage":15.0,"enemies":"Gremlin Leader","floor":25.0,"turns":4.0},{"damage":13.0,"enemies":"Slavers","floor":27.0,"turns":4.0},{"damage":3.0,"enemies":"3 Cultists","floor":28.0,"turns":4.0},{"damage":19.0,"enemies":"Masked Bandits","floor":30.0,"turns":4.0},{"damage":16.0,"enemies":"Sentry and Sphere","floor":31.0,"turns":5.0},{"damage":55,"enemies":"Automaton","floor":33,"turns":6}],"seed_played":"7949704196856791579","potions_obtained":[{"floor":3.0,"key":"GhostInAJar"},{"floor":12.0,"key":"Dexterity Potion"},{"floor":16.0,"key":"Fire Potion"},{"floor":25.0,"key":"EntropicBrew"},{"floor":27.0,"key":"Fire Potion"}],"is_trial":false,"path_per_floor":["M","?","M","$","?","R","M","R","T","M","R","M","M","M","R","B",null,"M","$","M","?","M","E","R","E","T","E","M","R","?","M","R","B"],"character_chosen":"THE_SILENT","items_purchased":["Panache"],"campfire_rested":3,"item_purchase_floors":[19],"current_hp_per_floor":[58,58,50,50,50,50,50,50,50,50,50,41,39,39,39,34,54,51,51,51,36,32,19,37,22,22,9,6,39,20,19,52,0],"gold":318,"neow_bonus":"ONE_RARE_RELIC","is_prod":false,"is_daily":false,"chose_seed":false,"campfire_upgraded":4,"win_rate":0,"timestamp":1549848943,"path_taken":["M","?","M","$","?","R","?","R","T","M","R","M","M","M","R","BOSS","M","$","M","?","M","E","R","E","T","E","M","R","?","M","R","BOSS"],"build_version":"2019-01-23","purchased_purges":1,"victory":false,"max_hp_per_floor":[60,60,60,60,60,60,60,60,60,60,60,60,60,60,60,60,60,60,60,60,60,60,60,60,60,60,60,60,60,60,60,60,60],"card_choices":[{"not_picked":["Outmaneuver","Bane"],"picked":"Dodge and Roll","floor":1.0},{"not_picked":["Dodge and Roll","Quick Slash"],"picked":"PiercingWail","floor":3.0},{"not_picked":["Sucker Punch","All Out Attack"],"picked":"Cloak And Dagger","floor":7.0},{"not_picked":["Bane","Acrobatics"],"picked":"Bouncing Flask","floor":10.0},{"not_picked":["Bane","Endless Agony"],"picked":"Bouncing Flask","floor":12.0},{"not_picked":["Footwork","Backflip"],"picked":"Catalyst","floor":13.0},{"not_picked":["Bane","Accuracy"],"picked":"Adrenaline","floor":14.0},{"not_picked":["Grand Finale","Phantasmal Killer"],"picked":"Venomology","floor":16.0},{"not_picked":["All Out Attack+1","Bane","Reflex+1"],"picked":"SKIP","floor":18.0},{"not_picked":["Poisoned Stab","PiercingWail"],"picked":"Backstab","floor":20.0},{"not_picked":["Tactician","Dagger Throw","Cloak And Dagger"],"picked":"SKIP","floor":22.0},{"not_picked":["Predator","Deadly Poison"],"picked":"Backstab","floor":23.0},{"not_picked":["Escape Plan","Blade Dance"],"picked":"Caltrops","floor":25.0},{"not_picked":["Setup","Wraith Form v2"],"picked":"Concentrate","floor":27.0},{"not_picked":["Accuracy","Reflex","Tactician"],"picked":"SKIP","floor":28.0},{"not_picked":["Dodge and Roll","Reflex"],"picked":"Concentrate","floor":30.0},{"not_picked":["Reflex","Bane","Dagger Throw"],"picked":"SKIP","floor":31.0},{"not_picked":["Reflex","Bane","Dagger Throw"],"picked":"SKIP","floor":31.0},{"not_picked":["Bane","Dagger Throw"],"picked":"Reflex","floor":31.0}],"player_experience":1396301,"relics_obtained":[{"floor":9.0,"key":"Ice Cream"},{"floor":23.0,"key":"MawBank"},{"floor":25.0,"key":"Ginger"},{"floor":26.0,"key":"Shuriken"},{"floor":27.0,"key":"Regal Pillow"},{"floor":30.0,"key":"Red Mask"}],"event_choices":[{"cards_removed":["Strike_G"],"damage_healed":0.0,"max_hp_gain":0.0,"max_hp_loss":0.0,"gold_gain":0.0,"event_name":"Living Wall","player_choice":"Forget","floor":2.0,"gold_loss":0.0,"damage_taken":0.0},{"damage_healed":0.0,"max_hp_gain":0.0,"max_hp_loss":0.0,"gold_gain":50.0,"event_name":"Golden Shrine","player_choice":"Pray","floor":5.0,"gold_loss":0.0,"damage_taken":0.0},{"damage_healed":0.0,"max_hp_gain":0.0,"max_hp_loss":0.0,"gold_gain":0.0,"event_name":"Colosseum","player_choice":"Fight","floor":21.0,"gold_loss":0.0,"damage_taken":0.0},{"damage_healed":0.0,"max_hp_gain":0.0,"max_hp_loss":0.0,"gold_gain":0.0,"event_name":"Colosseum","player_choice":"Fled From Nobs","floor":21.0,"gold_loss":0.0,"damage_taken":0.0},{"damage_healed":0.0,"max_hp_gain":0.0,"max_hp_loss":0.0,"gold_gain":0.0,"event_name":"Masked Bandits","player_choice":"Fought Bandits","floor":30.0,"gold_loss":0.0,"damage_taken":0.0}],"is_beta":false,"boss_relics":[{"not_picked":["Calling Bell","White Beast Statue"],"picked":"Runic Pyramid"}],"items_purged_floors":[4],"is_endless":false,"potions_floor_spawned":[3,12,16,20,25,27,31],"killed_by":"Automaton","ascension_level":20}