{"path_per_floor":["M","?","M","$","M","R","$","M","T","M","$","R","?","M","R","B",null,"M","?","$","M","M","R","?","$","T","M"],"character_chosen":"DEFECT","items_purchased":["Sweeping Beam","Boot"],"gold_per_floor":[116,116,131,3,19,19,19,29,29,47,47,47,47,63,63,161,161,175,175,30,45,56,56,56,56,83,99,99],"floor_reached":28,"campfire_rested":4,"playtime":1339,"item_purchase_floors":[4,20],"current_hp_per_floor":[62,62,49,49,40,62,62,29,29,11,11,33,33,33,55,12,59,31,31,31,28,14,36,36,36,36,9,0],"items_purged":["Strike_B"],"gold":99,"score":273,"play_id":"d170beec-d950-46ea-9933-bb8d0e88376b","local_time":"20180622154457","is_prod":false,"is_daily":false,"chose_seed":false,"is_ascension_mode":true,"campfire_upgraded":0,"win_rate":0,"timestamp":1529696697,"campfire_choices":[{"floor":6,"key":"REST"},{"floor":12,"key":"REST"},{"floor":15,"key":"REST"},{"floor":23,"key":"REST"}],"path_taken":["M","?","?","?","?","R","?","?","T","?","?","R","?","M","R","BOSS","M","?","$","M","M","R","?","$","T","M","M"],"build_version":"2018-06-21","seed_source_timestamp":734642334048871,"purchased_purges":1,"circlet_count":0,"victory":false,"master_deck":["Strike_B","Defend_B","Defend_B","Defend_B","Defend_B","Zap","Dualcast","Genetic Algorithm","Streamline","Sweeping Beam","Go for the Eyes","Sweeping Beam","Hologram","Gash","All For One","Go for the Eyes","FTL","Decay","Chill"],"max_hp_per_floor":[75,75,75,75,75,75,75,75,75,75,75,75,75,75,75,75,75,75,75,75,75,75,75,75,75,75,75,75],"relics":["White Beast Statue","Shovel","Empty Cage","Boot","Omamori"],"card_choices":[{"not_picked":["Sweeping Beam","Leap"],"picked":"Genetic Algorithm","floor":1},{"not_picked":["Auto Shields","Scrape"],"picked":"Streamline","floor":3},{"not_picked":["Steam","Hologram"],"picked":"Go for the Eyes","floor":5},{"not_picked":["Double Energy","Beam Cell"],"picked":"Sweeping Beam","floor":8},{"not_picked":["Ball Lightning","Barrage"],"picked":"Hologram","floor":10},{"not_picked":["Stack","Barrage"],"picked":"Gash","floor":14},{"not_picked":["Fission","Core Surge"],"picked":"All For One","floor":16},{"not_picked":["Turbo","Coolheaded","Consume"],"picked":"SKIP","floor":18},{"not_picked":["Heatsinks","Storm+1"],"picked":"Go for the Eyes","floor":21},{"not_picked":["Coolheaded","Stack"],"picked":"FTL","floor":22},{"not_picked":["Rebound+1","Sweeping Beam"],"picked":"Chill","floor":27}],"player_experience":722216,"potions_floor_usage":[3,8,16,16,21,22,22,22,22,27],"damage_taken":[{"damage":6,"enemies":"Cultist","floor":1,"turns":4},{"damage":13,"enemies":"Small Slimes","floor":3,"turns":5},{"damage":9,"enemies":"Jaw Worm","floor":5,"turns":3},{"damage":33,"enemies":"Lots of Slimes","floor":8,"turns":4},{"damage":18,"enemies":"Exordium Thugs","floor":10,"turns":5},{"damage":0,"enemies":"2 Fungi Beasts","floor":14,"turns":4},{"damage":43,"enemies":"The Guardian","floor":16,"turns":15},{"damage":28,"enemies":"Spheric Guardian","floor":18,"turns":5},{"damage":3,"enemies":"3 Byrds","floor":21,"turns":3},{"damage":14,"enemies":"Snake Plant","floor":22,"turns":4},{"damage":27,"enemies":"Slaver and Parasite","floor":27,"turns":6},{"damage":11,"enemies":"3 Cultists","floor":28,"turns":3}],"relics_obtained":[{"floor":9,"key":"Shovel"},{"floor":26,"key":"Omamori"}],"event_choices":[{"event_name":"Living Wall","player_choice":"Change","floor":2,"damage_taken":0},{"event_name":"Shining Light","player_choice":"Ignored","floor":13,"damage_taken":0},{"event_name":"Addict","player_choice":"Ignored","floor":19,"damage_taken":0},{"event_name":"Forgotten Altar","player_choice":"Smashed Altar","floor":24,"damage_taken":0}],"boss_relics":[{"not_picked":["Inserter","Coffee Dripper"],"picked":"Empty Cage"}],"items_purged_floors":[4],"is_endless":false,"potions_floor_spawned":[1,3,5,8,10,14,16,18,21,22,27],"seed_played":"-1967822117131072089","killed_by":"3 Cultists","ascension_level":6,"potions_obtained":[{"floor":1,"key":"PowerPotion"},{"floor":3,"key":"SpeedPotion"},{"floor":5,"key":"SkillPotion"},{"floor":8,"key":"Ancient Potion"},{"floor":10,"key":"SpeedPotion"},{"floor":14,"key":"Fire Potion"},{"floor":16,"key":"EntropicBrew"},{"floor":18,"key":"LiquidBronze"},{"floor":21,"key":"Explosive Potion"},{"floor":22,"key":"Strength Potion"},{"floor":27,"key":"Strength Potion"}],"is_trial":false}