{"path_per_floor":["M","?","?","M","M","E","M","?","T","E","R","?","M","M","R","B",null,"M","?","$","M","?","R","$","E","T","?","M","$","?","T","R"],"character_chosen":"IRONCLAD","items_purchased":["Bandage Up","Lee\u0027s Waffle","Thinking Ahead","Anger","Clash"],"gold_per_floor":[113,185,185,199,209,239,253,206,259,294,294,294,309,333,333,462,462,485,585,19,33,33,33,33,72,72,72,86,39,39,39,39],"floor_reached":33,"campfire_rested":3,"playtime":1101,"current_hp_per_floor":[80,80,80,80,79,54,59,59,59,61,82,62,57,63,82,43,82,61,61,89,69,69,77,77,34,34,34,30,30,30,44,84],"items_purged":[],"gold":39,"score":298,"play_id":"bc7f1985-28d3-450d-9fc0-58b7448fcb76","local_time":"20180320123333","is_prod":false,"is_daily":false,"is_ascension_mode":false,"campfire_upgraded":1,"timestamp":1521542013,"path_taken":["M","?","?","M","M","E","M","?","T","E","R","?","M","M","R","BOSS","M","?","$","?","?","R","?","E","T","?","M","$","?","?","R","BOSS"],"build_version":"2018-03-15v3","purchased_purges":0,"victory":false,"master_deck":["Strike_R","Strike_R","Strike_R","Strike_R","Defend_R","Defend_R","Defend_R","Bash+1","Thunderclap","Clash","Spot Weakness","Wild Strike","Clash","Seeing Red","Anger","Dropkick","Demon Form","Seeing Red","Bandage Up","Thinking Ahead+1","Anger","Flex","Perfected Strike+1","Inflame","Clash","Spot Weakness+1"],"max_hp_per_floor":[80,80,80,80,80,80,80,80,80,82,82,82,82,82,82,82,82,82,82,89,89,89,89,89,89,89,89,89,89,89,103,103],"relics":["Burning Blood","Shuriken","Singing Bowl","Bronze Scales","Golden Idol","Eternal Feather","Lee\u0027s Waffle","Champion Belt","Prayer Wheel","Mango"],"card_choices":[{"not_picked":["Infernal Blade","Headbutt"],"picked":"Clash"},{"not_picked":["Body Slam","Entrench"],"picked":"Spot Weakness"},{"not_picked":["Corruption","Sword Boomerang"],"picked":"Wild Strike"},{"not_picked":["Seeing Red","Warcry"],"picked":"Clash"},{"not_picked":["Perfected Strike","Clash"],"picked":"Seeing Red"},{"not_picked":["Hemokinesis","Fire Breathing"],"picked":"Anger"},{"not_picked":["Perfected Strike","Fiend Fire"],"picked":"Dropkick"},{"not_picked":["Impervious","Berserk"],"picked":"Demon Form"},{"not_picked":["True Grit","Dropkick"],"picked":"Seeing Red"},{"not_picked":["Heavy Blade","Pommel Strike"],"picked":"Flex"},{"not_picked":["Wild Strike","Seeing Red"],"picked":"Perfected Strike"},{"not_picked":["Flame Barrier","Battle Trance"],"picked":"Inflame"},{"not_picked":["Perfected Strike","Infernal Blade"],"picked":"Spot Weakness"}],"player_experience":164968,"potions_floor_usage":[6,16,16,25,25,25,33],"damage_taken":[{"damage":1,"enemies":"Cultist","floor":1,"turns":3},{"damage":0,"enemies":"2 Louse","floor":4,"turns":2},{"damage":7,"enemies":"Small Slimes","floor":5,"turns":3},{"damage":31,"enemies":"Lagavulin","floor":6,"turns":6},{"damage":1,"enemies":"2 Fungi Beasts","floor":7,"turns":3},{"damage":6,"enemies":"3 Sentries","floor":10,"turns":5},{"damage":11,"enemies":"3 Louse","floor":13,"turns":3},{"damage":0,"enemies":"Red Slaver","floor":14,"turns":1},{"damage":51,"enemies":"The Guardian","floor":16,"turns":7},{"damage":27,"enemies":"Spheric Guardian","floor":18,"turns":4},{"damage":30,"enemies":"2 Thieves","floor":21,"turns":4},{"damage":53,"enemies":"Gremlin Leader","floor":25,"turns":7},{"damage":14,"enemies":"Chosen and Byrds","floor":28,"turns":4},{"damage":90,"enemies":"Collector","floor":33,"turns":9}],"event_choices":[{"event_name":"Golden Wing","player_choice":"Gained Gold","floor":2,"damage_taken":0},{"event_name":"Accursed Blacksmith","player_choice":"Forge","floor":3,"damage_taken":0},{"event_name":"World of Goop","player_choice":"Left","floor":8,"damage_taken":0},{"event_name":"Golden Idol","player_choice":"Take Damage","floor":12,"damage_taken":0},{"event_name":"Golden Shrine","player_choice":"Pray","floor":19,"damage_taken":0},{"event_name":"The Lab","player_choice":"Got Potions","floor":22,"damage_taken":0},{"event_name":"Drug Dealer","player_choice":"Ignored","floor":27,"damage_taken":0},{"event_name":"Purifier","player_choice":"One Purge","floor":30,"damage_taken":0}],"boss_relics":[{"not_picked":["Runic Cube","Mark of Pain"],"picked":"Eternal Feather"}],"potions_floor_spawned":[4,10,13,16,18,21,28],"seed_played":"7552936415396841430","killed_by":"Collector","ascension_level":0,"is_trial":false}