{"gold_per_floor":[109,34,45,64,64,96,96,114,139,139,158,158,173,187,187,317,317,337,337],"floor_reached":19,"playtime":1411,"items_purged":["Strike_R"],"score":205,"play_id":"5b19b5ef-91f1-4f28-864a-1cb485926081","local_time":"20180626124948","is_ascension_mode":true,"campfire_choices":[{"floor":7,"key":"REST"},{"floor":15,"key":"REST"}],"neow_cost":"NONE","seed_source_timestamp":147469160215729,"circlet_count":0,"master_deck":["Strike_R","Strike_R","Strike_R","Defend_R","Defend_R","Defend_R","Bash+1","Thunderclap","Flame Barrier","Blood for Blood","Burning Pact","Injury","Headbutt","Corruption","Rage","Reaper"],"relics":["Burning Blood","Happy Flower","Bag of Marbles","Golden Idol","Runic Cube"],"potions_floor_usage":[6,13,16,19],"damage_taken":[{"damage":5,"enemies":"Small Slimes","floor":1,"turns":4},{"damage":7,"enemies":"Jaw Worm","floor":3,"turns":3},{"damage":1,"enemies":"Cultist","floor":4,"turns":3},{"damage":23,"enemies":"3 Sentries","floor":6,"turns":8},{"damage":16,"enemies":"2 Fungi Beasts","floor":8,"turns":6},{"damage":6,"enemies":"Looter","floor":11,"turns":3},{"damage":1,"enemies":"Large Slime","floor":13,"turns":6},{"damage":24,"enemies":"Red Slaver","floor":14,"turns":6},{"damage":54,"enemies":"Hexaghost","floor":16,"turns":9},{"damage":44,"enemies":"3 Byrds","floor":18,"turns":5},{"damage":66,"enemies":"Chosen","floor":19,"turns":6}],"seed_played":"-2985877231506871795","potions_obtained":[{"floor":3,"key":"EssenceOfSteel"},{"floor":4,"key":"SpeedPotion"},{"floor":6,"key":"Swift Potion"},{"floor":11,"key":"EssenceOfSteel"}],"is_trial":false,"path_per_floor":["M","$","M","M","?","E","R","M","T","?","M","?","M","M","R","B",null,"M"],"character_chosen":"IRONCLAD","items_purchased":[],"campfire_rested":2,"item_purchase_floors":[],"current_hp_per_floor":[80,80,79,80,73,56,80,70,70,70,70,70,75,57,80,32,80,48,0],"gold":337,"neow_bonus":"UPGRADE_CARD","is_prod":false,"is_daily":false,"chose_seed":false,"campfire_upgraded":0,"win_rate":0,"timestamp":1530031788,"path_taken":["M","$","M","M","?","E","R","M","T","?","M","?","M","M","R","BOSS","M","M"],"build_version":"2018-06-21v2","purchased_purges":1,"victory":false,"max_hp_per_floor":[80,80,80,80,80,80,80,80,80,80,80,80,80,80,80,80,80,80,80],"card_choices":[{"not_picked":["Hemokinesis","Warcry"],"picked":"Thunderclap","floor":1},{"not_picked":["Dropkick","Cleave"],"picked":"Flame Barrier","floor":3},{"not_picked":["Sword Boomerang","Feel No Pain","Reckless Charge"],"picked":"SKIP","floor":4},{"not_picked":["Limit Break","Armaments"],"picked":"Blood for Blood","floor":6},{"not_picked":["Shockwave","Corruption"],"picked":"Burning Pact","floor":8},{"not_picked":["Combust","Thunderclap"],"picked":"Headbutt","floor":11},{"not_picked":["Reckless Charge","Perfected Strike"],"picked":"Rage","floor":13},{"not_picked":["Body Slam","Entrench","Clash"],"picked":"SKIP","floor":14},{"not_picked":["Exhume","Limit Break"],"picked":"Reaper","floor":16},{"not_picked":["Flex","Iron Wave+1","Perfected Strike"],"picked":"SKIP","floor":18}],"player_experience":791175,"relics_obtained":[{"floor":6,"key":"Happy Flower"},{"floor":9,"key":"Bag of Marbles"}],"event_choices":[{"event_name":"Golden Wing","player_choice":"Card Removal","floor":5,"damage_taken":0},{"event_name":"Golden Idol","player_choice":"Take Wound","floor":10,"damage_taken":0},{"event_name":"Transmorgrifier","player_choice":"Transform","floor":12,"damage_taken":0}],"boss_relics":[{"not_picked":["Calling Bell","Astrolabe"],"picked":"Runic Cube"}],"items_purged_floors":[2],"is_endless":false,"potions_floor_spawned":[3,4,6,11],"killed_by":"Chosen","ascension_level":4}