{"gold_per_floor":[14,30,107,125,125,125,177,189,226,114,114,132,132,32,32,162,162,186,206,239,263,281,281,324,44,96,121,121,121],"floor_reached":29,"playtime":1255,"items_purged":["Strike_B","Defend_B","Strike_B"],"score":297,"play_id":"36f1be19-72b8-4d46-ba2f-9e4b54be295a","local_time":"20190210194845","is_ascension_mode":true,"campfire_choices":[{"data":"Echo Form","floor":6,"key":"SMITH"},{"data":"Zap","floor":8,"key":"SMITH"},{"data":"Turbo","floor":11,"key":"SMITH"},{"data":"Chill","floor":13,"key":"SMITH"},{"data":"Coolheaded","floor":15,"key":"SMITH"},{"data":"Seek","floor":23,"key":"SMITH"}],"neow_cost":"NO_GOLD","seed_source_timestamp":20658033433621,"circlet_count":0,"master_deck":["Strike_B","Strike_B+1","Defend_B","Defend_B","Defend_B","Zap+1","Dualcast","Echo Form+1","Streamline+1","Coolheaded+1","Turbo+1","Chill+1","Seek+1","Blizzard","Glacier","FTL","Normality"],"relics":["Cracked Core","Matryoshka","Golden Idol","MawBank","Vajra","Whetstone","PreservedInsect","Cursed Key","Red Mask","Anchor","Bag of Preparation"],"potions_floor_usage":[20,20,27],"damage_taken":[{"damage":1,"enemies":"Cultist","floor":1,"turns":4},{"damage":11,"enemies":"Jaw Worm","floor":2,"turns":3},{"damage":0,"enemies":"2 Louse","floor":4,"turns":3},{"damage":32,"enemies":"Exordium Thugs","floor":12,"turns":4},{"damage":0,"enemies":"Slime Boss","floor":16,"turns":8},{"damage":11,"enemies":"2 Thieves","floor":18,"turns":3},{"damage":4,"enemies":"Spheric Guardian","floor":19,"turns":4},{"damage":0,"enemies":"Masked Bandits","floor":20,"turns":3},{"damage":8,"enemies":"Centurion and Healer","floor":21,"turns":4},{"damage":17,"enemies":"Snake Plant","floor":22,"turns":5},{"damage":12,"enemies":"Slavers","floor":24,"turns":5},{"damage":0,"enemies":"Shelled Parasite and Fungi","floor":27,"turns":5},{"damage":19,"enemies":"Book of Stabbing","floor":29,"turns":5}],"seed_played":"443322363258128630","potions_obtained":[{"floor":12,"key":"AttackPotion"},{"floor":16,"key":"Explosive Potion"},{"floor":19,"key":"Energy Potion"},{"floor":20,"key":"Regen Potion"},{"floor":22,"key":"LiquidBronze"},{"floor":27,"key":"SkillPotion"}],"is_trial":false,"path_per_floor":["M","M","T","M","?","R","T","R","T","$","R","M","R","$","R","B",null,"M","M","?","M","M","R","E","$","T","M","$","E"],"character_chosen":"DEFECT","items_purchased":["Turbo","Bag of Preparation"],"campfire_rested":0,"item_purchase_floors":[10,25],"current_hp_per_floor":[74,63,63,63,63,63,63,63,63,63,63,31,31,31,31,31,69,58,54,54,46,29,29,17,17,17,31,31,12],"gold":121,"neow_bonus":"THREE_RARE_CARDS","is_prod":false,"is_daily":false,"chose_seed":false,"campfire_upgraded":6,"win_rate":0,"timestamp":1549824525,"path_taken":["M","M","?","M","?","R","?","R","T","?","R","M","R","$","R","BOSS","M","M","?","M","M","R","E","?","T","M","$","E"],"build_version":"2019-01-23","purchased_purges":3,"victory":false,"max_hp_per_floor":[75,75,75,75,69,69,69,69,69,69,69,69,69,69,69,69,69,69,69,69,69,69,69,69,69,69,69,69,69],"card_choices":[{"not_picked":["Core Surge","Reboot"],"picked":"Echo Form","floor":0},{"not_picked":["Gash","BootSequence"],"picked":"Streamline","floor":1},{"not_picked":["Force Field","Stack","Darkness"],"picked":"SKIP","floor":2},{"not_picked":["Hologram","Self Repair"],"picked":"Coolheaded","floor":4},{"not_picked":["Cold Snap","Aggregate"],"picked":"Chill","floor":12},{"not_picked":["Reboot","Biased Cognition"],"picked":"Seek","floor":16},{"not_picked":["FTL","Lockon+1"],"picked":"Blizzard","floor":18},{"not_picked":["Sunder","Static Discharge+1"],"picked":"Glacier","floor":19},{"not_picked":["Rip and Tear+1","Rebound"],"picked":"FTL","floor":20},{"not_picked":["Aggregate","Redo","Chaos"],"picked":"SKIP","floor":21},{"not_picked":["Conserve Battery","Steam Power","Aggregate"],"picked":"SKIP","floor":22},{"not_picked":["Gash+1","Darkness+1","Steam+1"],"picked":"SKIP","floor":24},{"not_picked":["Turbo","Sweeping Beam+1","Coolheaded"],"picked":"SKIP","floor":27}],"player_experience":44919,"relics_obtained":[{"floor":3,"key":"Matryoshka"},{"floor":7,"key":"MawBank"},{"floor":7,"key":"Vajra"},{"floor":9,"key":"Whetstone"},{"floor":9,"key":"PreservedInsect"},{"floor":20,"key":"Red Mask"},{"floor":24,"key":"Anchor"}],"event_choices":[{"damage_healed":0,"gold_gain":0,"player_choice":"Lose Max HP","damage_taken":0,"relics_obtained":["Golden Idol"],"max_hp_gain":0,"max_hp_loss":6,"event_name":"Golden Idol","floor":5,"gold_loss":0},{"damage_healed":0,"gold_gain":0,"player_choice":"Fought Bandits","damage_taken":0,"max_hp_gain":0,"max_hp_loss":0,"event_name":"Masked Bandits","floor":20,"gold_loss":0}],"is_beta":false,"boss_relics":[{"not_picked":["Calling Bell","Snecko Eye"],"picked":"Cursed Key"}],"items_purged_floors":[10,14,25],"is_endless":false,"potions_floor_spawned":[12,16,19,20,22,27],"killed_by":"Book of Stabbing","ascension_level":1}