{"gold_per_floor":[113,125,142,115,115,115,127,145,145,145,176,189,189,201,201,302,302,313,331,92,62,80,108,35,35,62,74,114,142,164,191,203,215],"floor_reached":33,"playtime":1962,"items_purged":[],"score":391,"play_id":"7b6965b9-0b17-4d77-9b15-b1d9a5e311a5","local_time":"20181201132435","is_ascension_mode":true,"campfire_choices":[{"data":"Neutralize","floor":6.0,"key":"SMITH"},{"data":"After Image","floor":10.0,"key":"SMITH"},{"floor":13.0,"key":"REST"},{"data":"Backflip","floor":15.0,"key":"SMITH"},{"data":"Backflip","floor":27,"key":"SMITH"},{"floor":32,"key":"REST"}],"neow_cost":"NONE","seed_source_timestamp":0,"circlet_count":0,"master_deck":["Defend_G","Defend_G","Defend_G","Defend_G","Defend_G","Strike_G","Strike_G","Strike_G","Strike_G","Strike_G","Survivor","Neutralize+1","Bane","Dagger Spray","Backflip+1","Backstab","After Image+1","Poisoned Stab","Well Laid Plans","Endless Agony","Unload","Infinite Blades+1","Dodge and Roll+1","Burst","Noxious Fumes","Backflip+1","Cloak And Dagger","Blur","Pain","All Out Attack","Sucker Punch+1","Dodge and Roll+1","Finisher"],"special_seed":0,"relics":["Ring of the Snake","Turnip","Orichalcum","Cursed Key","Matryoshka","MawBank","Happy Flower","Girya"],"potions_floor_usage":[16,22,22,23,23,28,28,28,29,30,33],"damage_taken":[{"damage":0.0,"enemies":"Jaw Worm","floor":1.0,"turns":4.0},{"damage":2.0,"enemies":"Cultist","floor":2.0,"turns":6.0},{"damage":5.0,"enemies":"Small Slimes","floor":3.0,"turns":3.0},{"damage":2.0,"enemies":"Exordium Thugs","floor":4.0,"turns":5.0},{"damage":0.0,"enemies":"3 Louse","floor":7.0,"turns":3.0},{"damage":2.0,"enemies":"Exordium Wildlife","floor":8.0,"turns":4.0},{"damage":27.0,"enemies":"Lagavulin","floor":11.0,"turns":10.0},{"damage":5.0,"enemies":"Large Slime","floor":12.0,"turns":5.0},{"damage":0.0,"enemies":"Lots of Slimes","floor":14.0,"turns":4.0},{"damage":5,"enemies":"The Guardian","floor":16,"turns":20},{"damage":9,"enemies":"Chosen","floor":18,"turns":5},{"damage":0,"enemies":"Shell Parasite","floor":19,"turns":4},{"damage":1,"enemies":"Centurion and Healer","floor":22,"turns":6},{"damage":12,"enemies":"Slavers","floor":23,"turns":4},{"damage":13,"enemies":"Book of Stabbing","floor":28,"turns":8},{"damage":5,"enemies":"Chosen and Byrds","floor":29,"turns":5},{"damage":8,"enemies":"Snake Plant","floor":30,"turns":6},{"damage":10,"enemies":"Centurion and Healer","floor":31,"turns":8},{"damage":79,"enemies":"Champ","floor":33,"turns":12}],"seed_played":"-858725622390402206","potions_obtained":[{"floor":2.0,"key":"SpeedPotion"},{"floor":3.0,"key":"SkillPotion"},{"floor":12.0,"key":"Poison Potion"},{"floor":14.0,"key":"GhostInAJar"},{"floor":19,"key":"SkillPotion"},{"floor":21,"key":"Swift Potion"},{"floor":21,"key":"SkillPotion"},{"floor":22,"key":"SteroidPotion"},{"floor":25,"key":"Swift Potion"},{"floor":25,"key":"Fruit Juice"},{"floor":25,"key":"GamblersBrew"},{"floor":28,"key":"Explosive Potion"},{"floor":29,"key":"Regen Potion"},{"floor":31,"key":"FearPotion"}],"is_trial":false,"path_per_floor":["M","M","M","M","?","R","M","M","T","R","E","M","R","M","R","B",null,"M","M","$","?","M","E","$","?","T","R","E","M","M","M","R","B"],"character_chosen":"THE_SILENT","items_purchased":["Burst","Noxious Fumes","Backflip","Blur"],"campfire_rested":2,"item_purchase_floors":[20,20,20,24],"current_hp_per_floor":[77,75,70,68,73,73,73,71,71,71,44,39,63,63,63,58,76,67,67,67,67,66,54,54,54,54,54,46,41,48,38,64,0],"gold":215,"neow_bonus":"TEN_PERCENT_HP_BONUS","is_prod":false,"is_daily":false,"chose_seed":false,"campfire_upgraded":4,"win_rate":0,"timestamp":1543692275,"path_taken":["M","M","M","M","?","R","M","M","T","R","E","M","R","M","R","BOSS","M","M","$","?","M","E","?","?","T","R","E","M","?","M","R","BOSS"],"build_version":"2018-11-15","purchased_purges":0,"victory":false,"max_hp_per_floor":[77,77,77,77,82,82,82,82,82,82,82,82,82,82,82,82,82,82,82,82,82,82,82,82,82,82,82,87,87,87,87,87,87],"card_choices":[{"not_picked":["Setup","Distraction"],"picked":"Bane","floor":1.0},{"not_picked":["Calculated Gamble","Acrobatics"],"picked":"Dagger Spray","floor":2.0},{"not_picked":["Bane","Blade Dance"],"picked":"Backflip","floor":3.0},{"not_picked":["Poisoned Stab","Heel Hook"],"picked":"Backstab","floor":4.0},{"not_picked":["Blade Dance","Tactician","Catalyst"],"picked":"SKIP","floor":7.0},{"not_picked":["PiercingWail","Quick Slash"],"picked":"After Image","floor":8.0},{"not_picked":["Dagger Spray","Slice"],"picked":"Poisoned Stab","floor":11.0},{"not_picked":["Dodge and Roll","Flechettes"],"picked":"Well Laid Plans","floor":12.0},{"not_picked":["Flying Knee","Backflip"],"picked":"Endless Agony","floor":14.0},{"not_picked":["Glass Knife","Adrenaline"],"picked":"Unload","floor":16},{"not_picked":["Flying Knee","Cloak And Dagger+1"],"picked":"Infinite Blades+1","floor":18},{"not_picked":["Bane","Setup"],"picked":"Dodge and Roll+1","floor":19},{"not_picked":["Bane","Flying Knee"],"picked":"Cloak And Dagger","floor":22},{"not_picked":["Bane","Dagger Throw","Infinite Blades"],"picked":"SKIP","floor":23},{"not_picked":["Acrobatics","Catalyst"],"picked":"All Out Attack","floor":28},{"not_picked":["Bane","Blade Dance"],"picked":"Sucker Punch+1","floor":29},{"not_picked":["Leg Sweep","Eviscerate"],"picked":"Dodge and Roll+1","floor":30},{"not_picked":["Dodge and Roll+1","Flying Knee"],"picked":"Finisher","floor":31}],"player_experience":551828,"relics_obtained":[{"floor":9.0,"key":"Turnip"},{"floor":11.0,"key":"Orichalcum"},{"floor":23,"key":"Matryoshka"},{"floor":26,"key":"MawBank"},{"floor":26,"key":"Happy Flower"},{"floor":28,"key":"Girya"}],"event_choices":[{"damage_healed":0.0,"max_hp_gain":5.0,"max_hp_loss":0.0,"gold_gain":0.0,"event_name":"Big Fish","player_choice":"Donut","floor":5.0,"gold_loss":0.0,"damage_taken":0.0},{"damage_healed":0,"gold_gain":0,"player_choice":"Bought 2 Potions","damage_taken":0,"max_hp_gain":0,"max_hp_loss":0,"event_name":"The Woman in Blue","floor":21,"gold_loss":0},{"damage_healed":0,"gold_gain":0,"player_choice":"Got Potions","damage_taken":0,"max_hp_gain":0,"max_hp_loss":0,"event_name":"Lab","floor":25,"gold_loss":0}],"is_beta":true,"boss_relics":[{"not_picked":["Black Star","Velvet Choker"],"picked":"Cursed Key"}],"items_purged_floors":[],"is_endless":false,"potions_floor_spawned":[2,3,12,14,19,22,28,29,31],"killed_by":"Champ","ascension_level":5}