{"gold_per_floor":[119,137,43,58,69,69,69],"floor_reached":7,"playtime":407,"items_purged":[],"score":82,"play_id":"e24b21e6-79a0-44c5-a949-0d7e128c14b0","local_time":"20190208010803","is_ascension_mode":true,"campfire_choices":[{"floor":6,"key":"REST"}],"neow_cost":"NONE","seed_source_timestamp":109710347544383,"circlet_count":0,"master_deck":["AscendersBane","Defend_G","Defend_G","Defend_G","Defend_G","Defend_G","Strike_G","Strike_G","Strike_G","Strike_G","Strike_G","Survivor","Neutralize","Escape Plan","Infinite Blades","Predator","PiercingWail","Deflect","Terror","Cloak And Dagger","Infinite Blades","Backflip","Noxious Fumes","Distraction"],"relics":["Orrery"],"potions_floor_usage":[],"damage_taken":[{"damage":3,"enemies":"Cultist","floor":1,"turns":4},{"damage":16,"enemies":"Jaw Worm","floor":2,"turns":4},{"damage":10,"enemies":"Small Slimes","floor":4,"turns":4},{"damage":15,"enemies":"3 Louse","floor":5,"turns":6},{"damage":34,"enemies":"3 Sentries","floor":7,"turns":8}],"seed_played":"8395445154689516403","potions_obtained":[{"floor":4,"key":"Weak Potion"}],"is_trial":false,"path_per_floor":["M","M","$","M","M","R","E"],"character_chosen":"THE_SILENT","items_purchased":["Infinite Blades","Backflip"],"campfire_rested":1,"item_purchase_floors":[3,3],"current_hp_per_floor":[56,40,40,30,15,34,0],"gold":69,"neow_bonus":"BOSS_RELIC","is_prod":false,"is_daily":false,"chose_seed":false,"campfire_upgraded":0,"win_rate":0,"timestamp":1549584483,"path_taken":["M","M","$","M","?","R","E"],"build_version":"2019-01-23","purchased_purges":0,"victory":false,"max_hp_per_floor":[66,66,66,66,66,66,66],"card_choices":[{"not_picked":["Setup","Acrobatics"],"picked":"Escape Plan","floor":0},{"not_picked":["Setup","Blade Dance"],"picked":"Infinite Blades","floor":0},{"not_picked":["Dodge and Roll","Masterful Stab"],"picked":"Predator","floor":0},{"not_picked":["Slice","Prepared"],"picked":"PiercingWail","floor":0},{"not_picked":["Bane","Quick Slash"],"picked":"Deflect","floor":0},{"not_picked":["Underhanded Strike","Calculated Gamble"],"picked":"Terror","floor":1},{"not_picked":["Dagger Throw","Reflex"],"picked":"Cloak And Dagger","floor":2},{"not_picked":["Dagger Spray","Calculated Gamble"],"picked":"Noxious Fumes","floor":4},{"not_picked":["Grand Finale","Blade Dance"],"picked":"Distraction","floor":5}],"player_experience":1368913,"relics_obtained":[],"event_choices":[],"is_beta":false,"boss_relics":[],"items_purged_floors":[],"is_endless":false,"potions_floor_spawned":[4],"killed_by":"3 Sentries","ascension_level":18}