{"gold_per_floor":[117,19,19,30,50,50,76,76,76,87,46,46,63,82,82,182,182,192,181,181,194,194,194,194],"floor_reached":24,"playtime":1305,"items_purged":[],"score":267,"play_id":"26958d99-d417-44f8-8314-4398376136bc","local_time":"20180702131917","is_ascension_mode":true,"campfire_choices":[{"floor":6,"key":"REST"},{"floor":8,"key":"REST"},{"floor":12,"key":"REST"},{"floor":15,"key":"REST"},{"floor":23,"key":"REST"}],"neow_cost":"NONE","seed_source_timestamp":667652338688175,"circlet_count":0,"master_deck":["Strike_B+1","Strike_B","Strike_B","Strike_B","Defend_B","Defend_B","Defend_B","Defend_B","Zap+1","Dualcast","Redo","Capacitor+1","Stack","Hologram","Defragment","Conserve Battery","Coolheaded","Static Discharge","Double Energy","Redo","Echo Form","BootSequence","Heatsinks","Barrage","Streamline","Cold Snap+1","Consume","Redo"],"relics":["Cracked Core","Bottled Lightning","Dodecahedron","Orrery","Cables"],"potions_floor_usage":[7,18,18],"damage_taken":[{"damage":8,"enemies":"2 Louse","floor":1,"turns":2},{"damage":0,"enemies":"Small Slimes","floor":4,"turns":3},{"damage":5,"enemies":"Jaw Worm","floor":5,"turns":3},{"damage":40,"enemies":"Gremlin Nob","floor":7,"turns":4},{"damage":0,"enemies":"Large Slime","floor":10,"turns":5},{"damage":9,"enemies":"2 Fungi Beasts","floor":13,"turns":3},{"damage":8,"enemies":"Exordium Wildlife","floor":14,"turns":3},{"damage":34,"enemies":"Hexaghost","floor":16,"turns":8},{"damage":13,"enemies":"Shell Parasite","floor":18,"turns":4},{"damage":30,"enemies":"2 Thieves","floor":19,"turns":4},{"damage":27,"enemies":"Centurion and Healer","floor":21,"turns":8},{"damage":54,"enemies":"Book of Stabbing","floor":24,"turns":5}],"seed_played":"-2246656943935656245","potions_obtained":[{"floor":4,"key":"FocusPotion"},{"floor":13,"key":"FairyPotion"},{"floor":14,"key":"SteroidPotion"},{"floor":16,"key":"AttackPotion"},{"floor":18,"key":"GamblersBrew"}],"is_trial":false,"path_per_floor":["M","$","?","M","M","R","E","R","T","M","$","R","M","M","R","B",null,"M","M","?","M","?","R"],"character_chosen":"DEFECT","items_purchased":["Capacitor","Stack","Static Discharge"],"campfire_rested":5,"item_purchase_floors":[2,2,11],"current_hp_per_floor":[60,60,45,45,40,62,22,44,44,44,44,66,57,49,71,37,66,53,23,48,21,21,43,0],"gold":194,"neow_bonus":"UPGRADE_CARD","is_prod":false,"is_daily":false,"chose_seed":false,"campfire_upgraded":0,"win_rate":0,"timestamp":1530551957,"path_taken":["M","$","?","M","M","R","E","R","T","M","$","R","M","M","R","BOSS","M","M","?","M","?","R","E"],"build_version":"2018-06-28","purchased_purges":0,"victory":false,"max_hp_per_floor":[75,75,75,75,75,75,75,75,75,75,75,75,75,75,75,75,75,75,75,75,75,75,75,75],"card_choices":[{"not_picked":["Sweeping Beam","Streamline"],"picked":"Redo","floor":1},{"not_picked":["Auto Shields","Beam Cell"],"picked":"Hologram","floor":4},{"not_picked":["Leap","Gash"],"picked":"Defragment","floor":5},{"not_picked":["Rebound","Go for the Eyes"],"picked":"Conserve Battery","floor":7},{"not_picked":["Streamline","Doom and Gloom"],"picked":"Coolheaded","floor":10},{"not_picked":["Steam Power","Ball Lightning"],"picked":"Double Energy","floor":13},{"not_picked":["Hyperbeam","Reinforced Body"],"picked":"Redo","floor":14},{"not_picked":["Seek","Amplify"],"picked":"Echo Form","floor":16},{"not_picked":["Tempest","Coolheaded"],"picked":"BootSequence","floor":17},{"not_picked":["Redo","Go for the Eyes"],"picked":"Heatsinks","floor":17},{"not_picked":["Aggregate","Rebound"],"picked":"Barrage","floor":17},{"not_picked":["Auto Shields","Rebound"],"picked":"Streamline","floor":17},{"not_picked":["Go for the Eyes","Rip and Tear"],"picked":"Cold Snap+1","floor":18},{"not_picked":["Redo","Hello World"],"picked":"Consume","floor":19},{"not_picked":["Gash+1","Steam"],"picked":"Redo","floor":21}],"player_experience":912033,"relics_obtained":[{"floor":7,"key":"Bottled Lightning"},{"floor":9,"key":"Dodecahedron"}],"event_choices":[{"event_name":"Shining Light","player_choice":"Entered Light","floor":3,"damage_taken":0},{"event_name":"The Library","player_choice":"Heal","floor":20,"damage_taken":0},{"event_name":"The Mausoleum","player_choice":"Yes","floor":22,"damage_taken":0}],"boss_relics":[{"not_picked":["White Beast Statue","Runic Dome"],"picked":"Orrery"}],"items_purged_floors":[],"is_endless":false,"potions_floor_spawned":[4,13,14,16,18],"killed_by":"Book of Stabbing","ascension_level":7}