{"gold_per_floor":[119,119,119,131,131,131,157,157,183,183,183,195,210,230,230,330,330,340,351,351,351],"floor_reached":21,"playtime":1080,"items_purged":[],"score":286,"play_id":"8eae114a-273b-4849-973e-d5aa39061a8b","local_time":"20181025143727","is_ascension_mode":true,"campfire_choices":[{"floor":6,"key":"REST"},{"floor":8,"key":"REST"},{"data":"Neutralize","floor":11,"key":"SMITH"},{"floor":15,"key":"REST"}],"neow_cost":"NONE","seed_source_timestamp":1335508895085439,"circlet_count":0,"master_deck":["Defend_G","Defend_G","Defend_G","Defend_G","Defend_G","Strike_G","Strike_G","Strike_G","Strike_G","Strike_G","Survivor","Neutralize+1","AscendersBane","Shame","Shame","Cloak And Dagger+1","All Out Attack","PiercingWail","Caltrops+1","Underhanded Strike","Poisoned Stab","After Image+1","Blade Dance+1","Quick Slash+1","Writhe"],"relics":["Calling Bell","Centennial Puzzle","Frozen Egg 2","Tingsha","Pear","Regal Pillow","Bronze Scales","Philosopher\u0027s Stone","Lantern"],"potions_floor_usage":[16,16,18],"damage_taken":[{"damage":2,"enemies":"2 Louse","floor":1,"turns":4},{"damage":12,"enemies":"Cultist","floor":4,"turns":5},{"damage":55,"enemies":"Lagavulin","floor":7,"turns":9},{"damage":1,"enemies":"Jaw Worm","floor":12,"turns":3},{"damage":0,"enemies":"Looter","floor":13,"turns":3},{"damage":6,"enemies":"Blue Slaver","floor":14,"turns":3},{"damage":71,"enemies":"Slime Boss","floor":16,"turns":14},{"damage":29,"enemies":"2 Thieves","floor":18,"turns":3},{"damage":24,"enemies":"Chosen","floor":19,"turns":5},{"damage":12,"enemies":"3 Cultists","floor":21,"turns":2}],"seed_played":"-7874773480529679735","potions_obtained":[{"floor":12,"key":"SpeedPotion"},{"floor":13,"key":"EssenceOfSteel"},{"floor":16,"key":"AttackPotion"}],"is_trial":false,"path_per_floor":["M","?","?","M","?","R","E","R","T","?","R","M","M","M","R","B",null,"M","M","?"],"character_chosen":"THE_SILENT","items_purchased":[],"campfire_rested":3,"item_purchase_floors":[],"current_hp_per_floor":[61,61,61,49,41,65,10,49,49,49,49,48,48,42,80,9,62,33,9,9,0],"gold":351,"neow_bonus":"BOSS_RELIC","is_prod":false,"is_daily":false,"chose_seed":false,"campfire_upgraded":1,"win_rate":0,"timestamp":1540492647,"path_taken":["M","?","?","M","?","R","E","R","T","?","R","?","M","M","R","BOSS","M","M","?","M"],"build_version":"2018-10-18","purchased_purges":0,"victory":false,"max_hp_per_floor":[70,70,70,70,80,80,80,80,80,80,80,80,80,80,80,80,80,80,80,80,80],"card_choices":[{"not_picked":["Poisoned Stab","Outmaneuver"],"picked":"Cloak And Dagger","floor":1},{"not_picked":["Dagger Spray","Flying Knee"],"picked":"All Out Attack","floor":4},{"not_picked":["Prepared","Deflect"],"picked":"PiercingWail","floor":7},{"not_picked":["Backflip","Die Die Die"],"picked":"Caltrops+1","floor":12},{"not_picked":["Well Laid Plans+1","Reflex"],"picked":"Underhanded Strike","floor":13},{"not_picked":["Distraction","Acrobatics"],"picked":"Poisoned Stab","floor":14},{"not_picked":["Phantasmal Killer","Corpse Explosion"],"picked":"After Image+1","floor":16},{"not_picked":["Setup","PiercingWail"],"picked":"Blade Dance+1","floor":18},{"not_picked":["Sucker Punch","Bouncing Flask"],"picked":"Quick Slash+1","floor":19}],"player_experience":1591726,"relics_obtained":[{"floor":0,"key":"Centennial Puzzle"},{"floor":0,"key":"Frozen Egg 2"},{"floor":0,"key":"Tingsha"},{"floor":7,"key":"Regal Pillow"},{"floor":9,"key":"Bronze Scales"}],"event_choices":[{"cards_removed":["Shame"],"damage_healed":0,"gold_gain":0,"player_choice":"Purged","damage_taken":0,"max_hp_gain":0,"max_hp_loss":0,"event_name":"Purifier","floor":2,"gold_loss":0},{"damage_healed":0,"gold_gain":0,"player_choice":"Ignored","damage_taken":0,"max_hp_gain":0,"max_hp_loss":0,"event_name":"Shining Light","floor":3,"gold_loss":0},{"damage_healed":0,"gold_gain":0,"player_choice":"Success","damage_taken":18,"relics_obtained":["Pear"],"max_hp_gain":0,"max_hp_loss":0,"event_name":"Scrap Ooze","floor":5,"gold_loss":0},{"damage_healed":0,"gold_gain":0,"player_choice":"Forge","damage_taken":0,"max_hp_gain":0,"max_hp_loss":0,"event_name":"Accursed Blacksmith","floor":10,"gold_loss":0,"cards_upgraded":["Cloak And Dagger"]},{"damage_healed":0,"gold_gain":0,"player_choice":"Opened","damage_taken":0,"relics_obtained":["Lantern"],"max_hp_gain":0,"max_hp_loss":0,"event_name":"The Mausoleum","floor":20,"gold_loss":0,"cards_obtained":["Writhe"]}],"is_beta":false,"boss_relics":[{"not_picked":["White Beast Statue","Snecko Eye"],"picked":"Philosopher\u0027s Stone"}],"items_purged_floors":[],"is_endless":false,"potions_floor_spawned":[12,13,16],"killed_by":"3 Cultists","ascension_level":12}