{"gold_per_floor":[112,123,133,144,22,47,47,58,58,58,89,108,140,62,62,165,165,175,175,185,185,201,201,31,44,44,44,59,76,76,76,76,76],"floor_reached":33,"playtime":1439,"items_purged":["Strike_R"],"score":323,"play_id":"3448f166-7d5d-44c4-bb3c-e8f2ce262b5d","local_time":"20181101161403","is_ascension_mode":true,"campfire_choices":[{"floor":7,"key":"REST"},{"floor":15,"key":"RECALL"},{"data":"Shrug It Off","floor":23,"key":"SMITH"},{"floor":30,"key":"REST"},{"data":"Inflame","floor":32,"key":"SMITH"}],"neow_cost":"NONE","seed_source_timestamp":1039683360004171,"circlet_count":0,"master_deck":["Strike_R","Strike_R","Strike_R","Defend_R","Defend_R+1","Defend_R","Defend_R+1","Bash","Inflame+1","Wild Strike","Reckless Charge","Pommel Strike","Heavy Blade","Immolate+1","Blood for Blood+1","Iron Wave+1","Thunderclap+1","Blood for Blood+1","Offering","Disarm+1","Shrug It Off+1","Iron Wave+1","Warcry+1"],"relics":["Burning Blood","Molten Egg 2","Pantograph","Thread and Needle","Busted Crown","War Paint","Letter Opener"],"potions_floor_usage":[4,13,13,13,18,25,28,28,29,33],"damage_taken":[{"damage":4,"enemies":"Jaw Worm","floor":1,"turns":4},{"damage":0,"enemies":"Small Slimes","floor":2,"turns":2},{"damage":0,"enemies":"Cultist","floor":3,"turns":2},{"damage":14,"enemies":"Lots of Slimes","floor":4,"turns":4},{"damage":30,"enemies":"3 Sentries","floor":6,"turns":7},{"damage":6,"enemies":"2 Fungi Beasts","floor":8,"turns":3},{"damage":10,"enemies":"Gremlin Nob","floor":11,"turns":3},{"damage":11,"enemies":"Looter","floor":12,"turns":3},{"damage":1,"enemies":"3 Sentries","floor":13,"turns":4},{"damage":37,"enemies":"The Guardian","floor":16,"turns":11},{"damage":13,"enemies":"Spheric Guardian","floor":18,"turns":3},{"damage":14,"enemies":"3 Byrds","floor":20,"turns":4},{"damage":14,"enemies":"Shelled Parasite and Fungi","floor":22,"turns":3},{"damage":24,"enemies":"Sentry and Sphere","floor":25,"turns":4},{"damage":0,"enemies":"Snake Plant","floor":28,"turns":3},{"damage":8,"enemies":"Chosen and Byrds","floor":29,"turns":4},{"damage":106,"enemies":"Automaton","floor":33,"turns":10}],"seed_played":"-5958303126239997273","potions_obtained":[{"floor":1,"key":"SteroidPotion"},{"floor":8,"key":"Dexterity Potion"},{"floor":11,"key":"Regen Potion"},{"floor":12,"key":"Block Potion"},{"floor":13,"key":"FearPotion"},{"floor":16,"key":"Strength Potion"},{"floor":18,"key":"SteroidPotion"},{"floor":22,"key":"Poison Potion"},{"floor":25,"key":"Energy Potion"},{"floor":29,"key":"BloodPotion"}],"is_trial":false,"path_per_floor":["M","M","M","M","$","E","R","M","T","?","E","M","E","$","R","B",null,"M","?","M","?","M","R","$","M","T","$","M","M","R","?","R","B"],"character_chosen":"IRONCLAD","items_purchased":["Heavy Blade","Blood for Blood+1","War Paint","Iron Wave+1"],"campfire_rested":2,"item_purchase_floors":[5,14,24,24],"current_hp_per_floor":[80,80,80,72,72,48,72,72,72,77,73,68,85,85,85,54,85,78,78,70,70,62,62,62,44,44,44,50,48,73,73,73,0],"gold":76,"neow_bonus":"TRANSFORM_CARD","is_prod":false,"is_daily":false,"chose_seed":false,"campfire_upgraded":2,"win_rate":0,"timestamp":1541106843,"path_taken":["M","M","M","M","$","E","R","M","T","?","E","M","E","$","R","BOSS","M","?","M","?","M","R","$","M","T","?","M","M","R","?","R","BOSS"],"build_version":"2018-11-01","purchased_purges":1,"victory":false,"max_hp_per_floor":[80,80,80,80,80,80,80,80,80,85,85,85,85,85,85,85,85,85,85,85,85,85,85,85,85,85,85,85,85,85,85,85,85],"card_choices":[{"not_picked":["Battle Trance","Seeing Red"],"picked":"Wild Strike","floor":1},{"not_picked":["Armaments","Combust"],"picked":"Perfected Strike","floor":2},{"not_picked":["Anger","Flex"],"picked":"Reckless Charge","floor":3},{"not_picked":["Shrug It Off","True Grit"],"picked":"Pommel Strike","floor":4},{"not_picked":["Pommel Strike","Clash"],"picked":"Immolate","floor":6},{"not_picked":["Headbutt+1","Combust"],"picked":"Blood for Blood+1","floor":8},{"not_picked":["Sentinel","Flex"],"picked":"Iron Wave+1","floor":11},{"not_picked":["Body Slam+1","Heavy Blade+1"],"picked":"Thunderclap+1","floor":12},{"not_picked":["Combust","Seeing Red","Clash+1"],"picked":"SKIP","floor":13},{"not_picked":["Reaper+1","Berserk"],"picked":"Offering","floor":16},{"not_picked":[],"picked":"Disarm+1","floor":18},{"not_picked":["Sword Boomerang+1"],"picked":"SKIP","floor":20},{"not_picked":[],"picked":"Shrug It Off","floor":22},{"not_picked":[],"picked":"Warcry+1","floor":25},{"not_picked":["Thunderclap+1"],"picked":"SKIP","floor":28},{"not_picked":["Bloodletting+1"],"picked":"SKIP","floor":29}],"player_experience":503265,"relics_obtained":[{"floor":6,"key":"Molten Egg 2"},{"floor":11,"key":"Pantograph"},{"floor":13,"key":"Thread and Needle"},{"floor":26,"key":"Letter Opener"}],"event_choices":[{"damage_healed":0,"gold_gain":0,"player_choice":"Donut","damage_taken":0,"max_hp_gain":5,"max_hp_loss":0,"event_name":"Big Fish","floor":10,"gold_loss":0},{"damage_healed":0,"gold_gain":0,"player_choice":"Ignored","damage_taken":0,"max_hp_gain":0,"max_hp_loss":0,"event_name":"Ghosts","floor":19,"gold_loss":0},{"damage_healed":0,"gold_gain":0,"player_choice":"Ignored","damage_taken":0,"max_hp_gain":0,"max_hp_loss":0,"event_name":"Vampires","floor":21,"gold_loss":0},{"cards_removed":["Perfected Strike"],"damage_healed":0,"gold_gain":0,"player_choice":"Purged","damage_taken":0,"max_hp_gain":0,"max_hp_loss":0,"event_name":"Purifier","floor":31,"gold_loss":0}],"is_beta":true,"boss_relics":[{"not_picked":["Lizard Tail","Mark of Pain"],"picked":"Busted Crown"}],"items_purged_floors":[5],"is_endless":false,"potions_floor_spawned":[1,8,11,12,13,16,18,22,25,29],"killed_by":"Automaton","ascension_level":4}