{"gold_per_floor":[364,344,63,79,99,99,133,133,160,160,173,191,209,221,221,298,298,313,313,112,124,143,143,153,170,226,31,31,42,73,21,21,94,94,111,65,75,75,75,75],"floor_reached":40,"playtime":2417,"items_purged":["Strike_G","Strike_G","Strike_G"],"score":849,"play_id":"f2de993b-6512-492a-97b5-e020dabb0848","local_time":"20190204102202","is_ascension_mode":true,"campfire_choices":[{"floor":6.0,"key":"REST"},{"floor":8.0,"key":"REST"},{"floor":15.0,"key":"REST"},{"floor":23.0,"key":"REST"},{"floor":28.0,"key":"REST"},{"floor":32.0,"key":"REST"}],"neow_cost":"PERCENT_DAMAGE","seed_source_timestamp":0,"circlet_count":0,"master_deck":["AscendersBane","Defend_G","Defend_G","Defend_G","Defend_G","Defend_G","Strike_G","Strike_G","Survivor","Neutralize","Cloak And Dagger","Deadly Poison+1","Crippling Poison","Dodge and Roll","Infinite Blades","Cloak And Dagger","Catalyst","Dodge and Roll","Poisoned Stab","After Image","Noxious Fumes","Noxious Fumes","Poisoned Stab","Backflip","Blur+1","Catalyst","PiercingWail","Well Laid Plans","After Image","Backflip","Burst","Poisoned Stab+1","PiercingWail","Madness"],"special_seed":0,"relics":["Ring of the Snake","Snake Skull","Oddly Smooth Stone","Ancient Tea Set","Eternal Feather","Tiny Chest","Sundial","Cursed Key"],"potions_floor_usage":[33,37,40],"damage_taken":[{"damage":19.0,"enemies":"Jaw Worm","floor":1.0,"turns":8.0},{"damage":0.0,"enemies":"Cultist","floor":4.0,"turns":5.0},{"damage":0.0,"enemies":"Small Slimes","floor":5.0,"turns":3.0},{"damage":34.0,"enemies":"Gremlin Nob","floor":7.0,"turns":5.0},{"damage":10.0,"enemies":"Red Slaver","floor":11.0,"turns":4.0},{"damage":13.0,"enemies":"Exordium Thugs","floor":12.0,"turns":5.0},{"damage":5.0,"enemies":"Lots of Slimes","floor":13.0,"turns":3.0},{"damage":0.0,"enemies":"3 Louse","floor":14.0,"turns":3.0},{"damage":0.0,"enemies":"Hexaghost","floor":16.0,"turns":8.0},{"damage":19.0,"enemies":"Spheric Guardian","floor":18.0,"turns":7.0},{"damage":19.0,"enemies":"Shell Parasite","floor":21.0,"turns":5.0},{"damage":4.0,"enemies":"Centurion and Healer","floor":22.0,"turns":8.0},{"damage":6.0,"enemies":"Shelled Parasite and Fungi","floor":24.0,"turns":6.0},{"damage":16.0,"enemies":"Cultist and Chosen","floor":25.0,"turns":7.0},{"damage":23.0,"enemies":"Centurion and Healer","floor":29.0,"turns":7.0},{"damage":51.0,"enemies":"Gremlin Leader","floor":30.0,"turns":9.0},{"damage":34,"enemies":"Collector","floor":33,"turns":9},{"damage":21,"enemies":"3 Shapes","floor":35,"turns":7},{"damage":1,"enemies":"Orb Walker","floor":37,"turns":3},{"damage":34,"enemies":"Time Eater","floor":40,"turns":4}],"seed_played":"1663925592223644389","potions_obtained":[{"floor":2.0,"key":"Strength Potion"},{"floor":4.0,"key":"FairyPotion"},{"floor":14.0,"key":"SkillPotion"},{"floor":21.0,"key":"SteroidPotion"},{"floor":30.0,"key":"GhostInAJar"},{"floor":35,"key":"Poison Potion"},{"floor":37,"key":"Poison Potion"}],"is_trial":false,"path_per_floor":["M","?","$","M","M","R","E","R","T","?","M","M","M","M","R","B",null,"M","?","$","M","M","R","M","M","T","$","R","M","E","$","R","B",null,"M","$","M","?","?","B"],"character_chosen":"THE_SILENT","items_purchased":["Snake Skull","Deadly Poison","Poisoned Stab","Backflip","Well Laid Plans","Backflip","PiercingWail"],"campfire_rested":6,"item_purchase_floors":[3,3,20,20,27,31,36],"current_hp_per_floor":[25,25,25,25,25,44,10,29,29,29,19,6,1,1,20,20,55,36,36,36,17,13,47,41,25,25,25,59,36,6,6,43,9,52,31,31,30,30,30,0],"gold":75,"neow_bonus":"TWO_FIFTY_GOLD","is_prod":false,"is_daily":false,"chose_seed":false,"campfire_upgraded":0,"win_rate":0,"timestamp":1549293722,"path_taken":["M","?","$","M","?","R","E","R","T","?","M","M","M","M","R","BOSS","M","?","$","M","?","R","M","M","T","?","R","M","E","$","R","BOSS","M","$","M","?","?","BOSS"],"build_version":"2019-01-23","purchased_purges":3,"victory":false,"max_hp_per_floor":[66,66,66,66,66,66,66,66,66,66,66,66,66,66,66,66,66,66,66,66,66,66,66,66,66,66,66,66,66,66,66,66,66,66,66,66,66,66,66,66],"card_choices":[{"not_picked":["Endless Agony","Predator"],"picked":"Cloak And Dagger","floor":1.0},{"not_picked":["Deflect","Outmaneuver"],"picked":"Crippling Poison","floor":4.0},{"not_picked":["Masterful Stab","Prepared"],"picked":"Dodge and Roll","floor":5.0},{"not_picked":["Doppelganger","Slice"],"picked":"Infinite Blades","floor":7.0},{"not_picked":["Dagger Spray","PiercingWail"],"picked":"Cloak And Dagger","floor":11.0},{"not_picked":["Acrobatics","Quick Slash"],"picked":"Catalyst","floor":12.0},{"not_picked":["Cloak And Dagger","Dagger Throw"],"picked":"Dodge and Roll","floor":13.0},{"not_picked":["Underhanded Strike","Quick Slash"],"picked":"Poisoned Stab","floor":14.0},{"not_picked":["Tools of the Trade","Doppelganger"],"picked":"After Image","floor":16.0},{"not_picked":["Calculated Gamble","Blade Dance"],"picked":"Noxious Fumes","floor":18.0},{"not_picked":["Outmaneuver","Quick Slash"],"picked":"Blur+1","floor":21.0},{"not_picked":["Slice","Dagger Throw"],"picked":"Catalyst","floor":22.0},{"not_picked":["Underhanded Strike","Dagger Spray"],"picked":"PiercingWail","floor":24.0},{"not_picked":["Infinite Blades+1","Blade Dance","Flechettes"],"picked":"SKIP","floor":25.0},{"not_picked":["Dagger Throw+1","Dodge and Roll"],"picked":"After Image","floor":29.0},{"not_picked":["Deflect","Acrobatics","Glass Knife"],"picked":"SKIP","floor":30.0},{"not_picked":["Wraith Form v2","Glass Knife"],"picked":"Burst","floor":33},{"not_picked":["Deflect","Dagger Spray"],"picked":"Poisoned Stab+1","floor":35},{"not_picked":["Deflect","Dagger Spray","Choke"],"picked":"SKIP","floor":37},{"not_picked":["Impatience","Purity"],"picked":"Madness","floor":38}],"player_experience":2305091,"relics_obtained":[{"floor":7.0,"key":"Oddly Smooth Stone"},{"floor":9.0,"key":"Ancient Tea Set"},{"floor":26.0,"key":"Tiny Chest"},{"floor":30.0,"key":"Sundial"}],"event_choices":[{"damage_healed":0.0,"max_hp_gain":0.0,"max_hp_loss":0.0,"gold_gain":0.0,"event_name":"The Woman in Blue","player_choice":"Bought 1 Potion","floor":2.0,"gold_loss":0.0,"damage_taken":0.0},{"damage_healed":0.0,"max_hp_gain":0.0,"max_hp_loss":0.0,"gold_gain":0.0,"event_name":"Accursed Blacksmith","player_choice":"Forge","floor":10.0,"gold_loss":0.0,"damage_taken":0.0,"cards_upgraded":["Deadly Poison"]},{"damage_healed":0.0,"max_hp_gain":0.0,"max_hp_loss":0.0,"gold_gain":0.0,"event_name":"Duplicator","player_choice":"Copied","floor":19.0,"gold_loss":0.0,"damage_taken":0.0,"cards_obtained":["Noxious Fumes"]},{"damage_healed":0,"gold_gain":0,"player_choice":"Memory 1","damage_taken":0,"max_hp_gain":0,"max_hp_loss":0,"event_name":"SensoryStone","floor":38,"gold_loss":0},{"damage_healed":0,"gold_gain":0,"player_choice":"Took Portal","damage_taken":0,"max_hp_gain":0,"max_hp_loss":0,"event_name":"SecretPortal","floor":39,"gold_loss":0}],"is_beta":false,"boss_relics":[{"not_picked":["Calling Bell","Empty Cage"],"picked":"Eternal Feather"},{"not_picked":["Runic Dome","Black Star"],"picked":"Cursed Key"}],"items_purged_floors":[3,20,27],"is_endless":false,"potions_floor_spawned":[4,5,14,21,25,30,35,37],"killed_by":"Time Eater","ascension_level":15}