{"gold_per_floor":[116,116,116,116,129,168,168,203,227,227,192,192,23,23,23,116,116,141,160,85,104,104],"floor_reached":22,"playtime":730,"items_purged":["Strike_R+1"],"score":398,"play_id":"5ef889e0-343d-4b4e-9c40-eb9928912b8d","local_time":"20190211200709","is_ascension_mode":true,"campfire_choices":[{"data":"Spot Weakness","floor":7,"key":"SMITH"},{"floor":10,"key":"REST"},{"data":"Inflame","floor":12,"key":"SMITH"},{"data":"Flame Barrier","floor":15,"key":"SMITH"}],"neow_cost":"NONE","seed_source_timestamp":712248691975049,"circlet_count":0,"master_deck":["AscendersBane","Defend_R","Defend_R","Defend_R","Defend_R","Bash","Inflame+1","Spot Weakness+1","Flame Barrier+1","Pommel Strike","Reaper","Burning Pact+1","Fire Breathing+1","Disarm+1","Flame Barrier","Rampage"],"relics":["Burning Blood","NeowsBlessing","Golden Idol","PreservedInsect","Happy Flower","Whetstone","Lantern","Juzu Bracelet","Astrolabe"],"potions_floor_usage":[16,16,21],"damage_taken":[{"damage":0,"enemies":"Cultist","floor":1,"turns":1},{"damage":0,"enemies":"2 Louse","floor":5,"turns":1},{"damage":0,"enemies":"Lagavulin","floor":6,"turns":1},{"damage":37,"enemies":"Gremlin Nob","floor":8,"turns":4},{"damage":52,"enemies":"Hexaghost","floor":16,"turns":9},{"damage":28,"enemies":"Shell Parasite","floor":18,"turns":9},{"damage":36,"enemies":"2 Thieves","floor":19,"turns":4},{"damage":26,"enemies":"Centurion and Healer","floor":21,"turns":7},{"damage":41,"enemies":"3 Cultists","floor":22,"turns":4}],"seed_played":"-8398447205746596132","potions_obtained":[{"floor":6,"key":"Energy Potion"},{"floor":8,"key":"Weak Potion"},{"floor":18,"key":"Weak Potion"}],"is_trial":false,"path_per_floor":["M","?","?","?","M","E","R","E","T","R","?","R","$","?","R","B",null,"M","M","$","M","M"],"character_chosen":"IRONCLAD","items_purchased":["Juzu Bracelet"],"campfire_rested":1,"item_purchase_floors":[13],"current_hp_per_floor":[74,67,67,62,68,68,68,37,37,57,68,68,68,73,73,27,62,45,31,31,19,0],"gold":104,"neow_bonus":"THREE_ENEMY_KILL","is_prod":false,"is_daily":false,"chose_seed":false,"campfire_upgraded":3,"win_rate":0,"timestamp":1549933629,"path_taken":["M","?","?","?","M","E","R","E","T","R","?","R","$","?","R","BOSS","M","M","$","M","M"],"build_version":"2019-01-23","purchased_purges":1,"victory":false,"max_hp_per_floor":[75,75,68,68,68,68,68,68,68,68,68,68,68,73,73,73,73,73,73,73,73,73],"card_choices":[{"not_picked":["Headbutt","Pommel Strike"],"picked":"Inflame","floor":1},{"not_picked":["Cleave","Sword Boomerang"],"picked":"Spot Weakness","floor":5},{"not_picked":["Cleave","Headbutt"],"picked":"Flame Barrier","floor":6},{"not_picked":["Shockwave","Dual Wield"],"picked":"Pommel Strike","floor":8},{"not_picked":["Berserk","Exhume"],"picked":"Reaper","floor":16},{"not_picked":["Fire Breathing+1","Metallicize"],"picked":"Flame Barrier","floor":18},{"not_picked":["Reckless Charge+1","Twin Strike+1"],"picked":"Rampage","floor":19},{"not_picked":["Clothesline","Combust","Heavy Blade"],"picked":"SKIP","floor":21}],"player_experience":2409723,"relics_obtained":[{"floor":6,"key":"Happy Flower"},{"floor":8,"key":"Whetstone"},{"floor":9,"key":"Lantern"}],"event_choices":[{"cards_removed":["Strike_R"],"damage_healed":0,"gold_gain":0,"player_choice":"Card Removal","damage_taken":7,"max_hp_gain":0,"max_hp_loss":0,"event_name":"Golden Wing","floor":2,"gold_loss":0},{"damage_healed":0,"gold_gain":0,"player_choice":"Lose Max HP","damage_taken":0,"relics_obtained":["Golden Idol"],"max_hp_gain":0,"max_hp_loss":7,"event_name":"Golden Idol","floor":3,"gold_loss":0},{"damage_healed":0,"gold_gain":0,"player_choice":"Success","damage_taken":5,"relics_obtained":["PreservedInsect"],"max_hp_gain":0,"max_hp_loss":0,"event_name":"Scrap Ooze","floor":4,"gold_loss":0},{"damage_healed":17,"gold_gain":0,"player_choice":"Healed","damage_taken":0,"max_hp_gain":0,"max_hp_loss":0,"event_name":"The Cleric","floor":11,"gold_loss":35},{"damage_healed":0,"gold_gain":0,"player_choice":"Donut","damage_taken":0,"max_hp_gain":5,"max_hp_loss":0,"event_name":"Big Fish","floor":14,"gold_loss":0}],"is_beta":false,"boss_relics":[{"not_picked":["Fusion Hammer","Eternal Feather"],"picked":"Astrolabe"}],"items_purged_floors":[20],"is_endless":false,"potions_floor_spawned":[6,8,18],"killed_by":"3 Cultists","ascension_level":17}