{"path_per_floor":["M","?","M","M","?","E","R","M","T","M","E","M","E","M","R","B",null,"M","?","$","M","M","R","E","R","T","M","E","M"],"character_chosen":"THE_SILENT","items_purchased":[],"gold_per_floor":[99,99,99,99,99,99,99,99,99,99,99,99,99,99,99,99,99,99,99,24,24,24,24,24,24,24,24,24,24,24],"floor_reached":30,"campfire_rested":2,"playtime":2121,"item_purchase_floors":[],"current_hp_per_floor":[68,54,54,54,54,24,43,40,40,40,40,40,38,32,32,47,65,54,54,54,54,54,54,14,33,33,17,7,8,0],"items_purged":["Strike_G"],"gold":24,"score":387,"play_id":"ad8dfb53-f903-4677-91ec-18e3c5619333","local_time":"20180606101610","is_prod":false,"is_daily":false,"chose_seed":false,"is_ascension_mode":true,"campfire_upgraded":2,"win_rate":0,"timestamp":1528272970,"campfire_choices":[{"floor":7.0,"key":"REST"},{"data":"Burst","floor":15.0,"key":"SMITH"},{"data":"Crippling Poison","floor":23.0,"key":"SMITH"},{"floor":25.0,"key":"REST"}],"path_taken":["M","?","M","M","?","E","R","?","T","M","E","M","E","M","R","BOSS","M","?","$","M","?","R","E","R","T","M","E","M","E"],"build_version":"2018-06-04v2","seed_source_timestamp":383562216501606,"purchased_purges":1,"victory":false,"master_deck":["Defend_G","Defend_G+1","Defend_G","Defend_G","Defend_G","Strike_G","Strike_G+1","Strike_G","Strike_G","Survivor","Neutralize","Crippling Poison+1","PiercingWail","Leg Sweep","Deadly Poison","Outmaneuver","Catalyst","Dagger Spray","Burst+1","After Image","Deadly Poison","Unload","Deadly Poison+1","Dagger Throw+1","Noxious Fumes+1","Slice+1","PiercingWail","Escape Plan"],"max_hp_per_floor":[70,70,70,70,65,65,65,65,65,65,65,65,65,65,65,65,65,65,65,65,65,65,65,65,65,65,65,65,65,65],"relics":["Ectoplasm","Golden Idol","Ginger","Letter Opener","Kunai","Ancient Tea Set","Black Star","Shuriken","Dodecahedron","Darkstone Periapt","Blood Vial","Unceasing Top","Old Coin"],"card_choices":[{"not_picked":["Malaise","Dodge and Roll"],"picked":"Crippling Poison","floor":1.0},{"not_picked":["Quick Slash","Flying Knee"],"picked":"PiercingWail","floor":3.0},{"not_picked":["Deflect","Prepared"],"picked":"Leg Sweep","floor":4.0},{"not_picked":["Sucker Punch","PiercingWail"],"picked":"Deadly Poison","floor":6.0},{"not_picked":["Endless Agony","Quick Slash"],"picked":"Outmaneuver","floor":8.0},{"not_picked":["Dodge and Roll","Skewer"],"picked":"Catalyst","floor":10.0},{"not_picked":["Backstab","Dagger Throw"],"picked":"Dagger Spray","floor":11.0},{"not_picked":["Predator","Deflect"],"picked":"Burst","floor":12.0},{"not_picked":["Outmaneuver","Dagger Throw"],"picked":"After Image","floor":13.0},{"not_picked":["Poisoned Stab","PiercingWail"],"picked":"Deadly Poison","floor":14.0},{"not_picked":["Wraith Form v2","Burst"],"picked":"Unload","floor":16.0},{"not_picked":["Eviscerate","Dagger Throw"],"picked":"Deadly Poison+1","floor":18.0},{"not_picked":["Malaise","Predator"],"picked":"Dagger Throw+1","floor":21.0},{"not_picked":["Dagger Throw","Underhanded Strike","Footwork"],"picked":"SKIP","floor":22.0},{"not_picked":["Masterful Stab","Dodge and Roll"],"picked":"Noxious Fumes+1","floor":24.0},{"not_picked":["Prepared","Deflect"],"picked":"Slice+1","floor":27},{"not_picked":["Quick Slash","Prepared+1"],"picked":"PiercingWail","floor":28},{"not_picked":["Leg Sweep+1","Prepared+1"],"picked":"Escape Plan","floor":29}],"player_experience":48606,"potions_floor_usage":[27,28],"damage_taken":[{"damage":2.0,"enemies":"Jaw Worm","floor":1.0,"turns":5.0},{"damage":0.0,"enemies":"2 Louse","floor":3.0,"turns":2.0},{"damage":0.0,"enemies":"Cultist","floor":4.0,"turns":4.0},{"damage":30.0,"enemies":"Gremlin Nob","floor":6.0,"turns":6.0},{"damage":3.0,"enemies":"Gremlin Gang","floor":8.0,"turns":4.0},{"damage":0.0,"enemies":"Blue Slaver","floor":10.0,"turns":3.0},{"damage":0.0,"enemies":"3 Sentries","floor":11.0,"turns":4.0},{"damage":0.0,"enemies":"2 Fungi Beasts","floor":12.0,"turns":3.0},{"damage":2.0,"enemies":"Gremlin Nob","floor":13.0,"turns":5.0},{"damage":6.0,"enemies":"Exordium Wildlife","floor":14.0,"turns":4.0},{"damage":0.0,"enemies":"Hexaghost","floor":16.0,"turns":9.0},{"damage":11.0,"enemies":"Spheric Guardian","floor":18.0,"turns":4.0},{"damage":0.0,"enemies":"Shell Parasite","floor":21.0,"turns":4.0},{"damage":0.0,"enemies":"Centurion and Healer","floor":22.0,"turns":5.0},{"damage":40.0,"enemies":"Gremlin Leader","floor":24.0,"turns":7.0},{"damage":18,"enemies":"Cultist and Chosen","floor":27,"turns":7},{"damage":12,"enemies":"Slavers","floor":28,"turns":4},{"damage":1,"enemies":"Snake Plant","floor":29,"turns":3},{"damage":10,"enemies":"Gremlin Leader","floor":30,"turns":2}],"relics_obtained":[{"floor":6.0,"key":"Ginger"},{"floor":9.0,"key":"Letter Opener"},{"floor":11.0,"key":"Kunai"},{"floor":13.0,"key":"Ancient Tea Set"},{"floor":24.0,"key":"Dodecahedron"},{"floor":24.0,"key":"Darkstone Periapt"},{"floor":26.0,"key":"Blood Vial"},{"floor":28,"key":"Unceasing Top"},{"floor":28,"key":"Old Coin"}],"event_choices":[{"event_name":"Shining Light","player_choice":"Entered Light","floor":2.0,"damage_taken":0.0},{"event_name":"Golden Idol","player_choice":"Lose Max HP","floor":5.0,"damage_taken":0.0},{"event_name":"The Mausoleum","player_choice":"Yes","floor":19.0,"damage_taken":0.0}],"boss_relics":[{"not_picked":["Cursed Key","Calling Bell"],"picked":"Black Star"}],"items_purged_floors":[],"potions_floor_spawned":[1,6,10,13,16,27],"seed_played":"-4299948899990637942","killed_by":"Gremlin Leader","ascension_level":1,"potions_obtained":[{"floor":1.0,"key":"EssenceOfSteel"},{"floor":6.0,"key":"SpeedPotion"},{"floor":10.0,"key":"PowerPotion"},{"floor":13.0,"key":"Regen Potion"},{"floor":16.0,"key":"SpeedPotion"},{"floor":27,"key":"EssenceOfSteel"}],"is_trial":false}