{"gold_per_floor":[112,112,112,125,146,180,180,180,180,18,18,43,59,82,82,82],"floor_reached":16,"playtime":388,"items_purged":[],"score":194,"play_id":"d9bc739c-5a09-4443-9009-8eeabb5d6178","local_time":"20190129210227","is_ascension_mode":true,"campfire_choices":[{"floor":7,"key":"REST"},{"data":"Zap","floor":11,"key":"SMITH"},{"floor":15,"key":"REST"}],"neow_cost":"NONE","seed_source_timestamp":463248163497603,"circlet_count":0,"master_deck":["AscendersBane","Strike_B","Strike_B","Strike_B","Defend_B","Defend_B","Defend_B","Defend_B","Zap+1","Dualcast","Leap","Go for the Eyes","Ball Lightning","Ball Lightning","Beam Cell","Cold Snap","Steam+1"],"relics":["Cracked Core","NeowsBlessing","Golden Idol","Toxic Egg 2","Cables","Pen Nib"],"potions_floor_usage":[12],"damage_taken":[{"damage":0,"enemies":"Cultist","floor":1,"turns":1},{"damage":0,"enemies":"Small Slimes","floor":4,"turns":2},{"damage":0,"enemies":"2 Louse","floor":5,"turns":1},{"damage":50,"enemies":"Gremlin Nob","floor":6,"turns":5},{"damage":20,"enemies":"Exordium Thugs","floor":12,"turns":3},{"damage":10,"enemies":"Exordium Wildlife","floor":13,"turns":3},{"damage":17,"enemies":"3 Louse","floor":14,"turns":3},{"damage":42,"enemies":"Slime Boss","floor":16,"turns":8}],"seed_played":"-4746486680142731623","potions_obtained":[{"floor":1,"key":"SkillPotion"}],"is_trial":false,"path_per_floor":["M","?","?","M","M","E","R","?","T","$","R","M","M","M","R","B"],"character_chosen":"DEFECT","items_purchased":["Pen Nib"],"campfire_rested":2,"item_purchase_floors":[10],"current_hp_per_floor":[64,64,64,64,64,14,33,64,64,64,64,44,34,17,36,0],"gold":82,"neow_bonus":"THREE_ENEMY_KILL","is_prod":false,"is_daily":false,"chose_seed":false,"campfire_upgraded":1,"win_rate":0,"timestamp":1548813747,"path_taken":["M","?","?","M","M","E","R","?","T","$","R","M","?","M","R","BOSS"],"build_version":"2019-01-23","purchased_purges":0,"victory":false,"max_hp_per_floor":[71,64,64,64,64,64,64,64,64,64,64,64,64,64,64,64],"card_choices":[{"not_picked":["Double Energy","Beam Cell"],"picked":"Leap","floor":1},{"not_picked":["Rebound","Gash"],"picked":"Go for the Eyes","floor":4},{"not_picked":["Leap","Cold Snap"],"picked":"Ball Lightning","floor":5},{"not_picked":["Streamline","Force Field"],"picked":"Ball Lightning","floor":6},{"not_picked":["Streamline","Reprogram+1"],"picked":"Beam Cell","floor":12},{"not_picked":["Heatsinks","Reprogram+1"],"picked":"Cold Snap","floor":13},{"not_picked":["Compile Driver","Meteor Strike"],"picked":"Steam+1","floor":14}],"player_experience":2217091,"relics_obtained":[{"floor":6,"key":"Toxic Egg 2"},{"floor":9,"key":"Cables"}],"event_choices":[{"damage_healed":0,"gold_gain":0,"player_choice":"Lose Max HP","damage_taken":0,"relics_obtained":["Golden Idol"],"max_hp_gain":0,"max_hp_loss":7,"event_name":"Golden Idol","floor":2,"gold_loss":0},{"damage_healed":0,"gold_gain":0,"cards_transformed":["Strike_B"],"player_choice":"Change","damage_taken":0,"max_hp_gain":0,"max_hp_loss":0,"event_name":"Living Wall","floor":3,"gold_loss":0,"cards_obtained":["Double Energy"]},{"cards_removed":["Double Energy"],"damage_healed":31,"gold_gain":0,"player_choice":"Offered Uncommon","damage_taken":0,"max_hp_gain":0,"max_hp_loss":0,"event_name":"Bonfire Elementals","floor":8,"gold_loss":0}],"is_beta":false,"boss_relics":[],"items_purged_floors":[],"is_endless":false,"potions_floor_spawned":[1],"killed_by":"Slime Boss","ascension_level":18}