{"gold_per_floor":[115,115,115,40,53,53,87,87,133,148,179,179,218,243,243,363,363,376,376,376,391,188,188,223,223,304,254,274,290,290,360,360,483,483,504,529,529,529,178,178,198,198,198,242,242,280,280,20,20,20],"floor_reached":50,"playtime":4663,"items_purged":["Defend_B","Defend_B"],"score":813,"play_id":"0cbdc448-eca6-4306-b1c0-eedf3d4c6cdf","local_time":"20180628071049","is_ascension_mode":true,"campfire_choices":[{"data":"Zap","floor":6,"key":"SMITH"},{"data":"Defend_B","floor":8,"key":"SMITH"},{"data":"Genetic Algorithm","floor":15,"key":"SMITH"},{"floor":23,"key":"REST"},{"floor":32,"key":"REST"},{"data":"Defend_B","floor":40,"key":"PURGE"},{"data":"Defend_B+1","floor":42,"key":"PURGE"},{"floor":47,"key":"REST"},{"floor":49,"key":"REST"}],"neow_cost":"NONE","seed_source_timestamp":118145435779401,"circlet_count":0,"master_deck":["Strike_B","Strike_B+1","Strike_B+1","Zap+1","Dualcast+1","Ball Lightning","Ball Lightning","Cold Snap","Coolheaded","Sunder","Genetic Algorithm+1","Seek","Conserve Battery+1","Conserve Battery","Apotheosis","Self Repair","Reboot","Pain","Self Repair+1","Ball Lightning","Turbo+1","Rebound","Auto Shields","Ball Lightning","Electrodynamics","Creative AI","Tempest+1"],"relics":["Cracked Core","NeowsBlessing","Golden Idol","Ancient Tea Set","Bag of Preparation","Dream Catcher","Ice Cream","Fusion Hammer","Nloth\u0027s Gift","FaceOfCleric","Orichalcum","Mercury Hourglass","Tiny Chest","Black Star","Peace Pipe","Unceasing Top","Shuriken","Singing Bowl","Bronze Scales","Lantern","Omamori","War Paint","Bottled Tornado"],"potions_floor_usage":[16,16,24,31,31,31,33,50,50],"damage_taken":[{"damage":0,"enemies":"Small Slimes","floor":1,"turns":1},{"damage":0,"enemies":"2 Louse","floor":5,"turns":1},{"damage":0,"enemies":"Lagavulin","floor":7,"turns":1},{"damage":0,"enemies":"Jaw Worm","floor":10,"turns":1},{"damage":12,"enemies":"Gremlin Nob","floor":11,"turns":3},{"damage":13,"enemies":"3 Sentries","floor":13,"turns":5},{"damage":5,"enemies":"Red Slaver","floor":14,"turns":2},{"damage":2,"enemies":"Hexaghost","floor":16,"turns":9},{"damage":16,"enemies":"2 Thieves","floor":18,"turns":4},{"damage":16,"enemies":"Shell Parasite","floor":21,"turns":5},{"damage":4,"enemies":"Book of Stabbing","floor":24,"turns":5},{"damage":17,"enemies":"Snake Plant","floor":28,"turns":4},{"damage":12,"enemies":"Snecko","floor":29,"turns":3},{"damage":26,"enemies":"Slavers","floor":31,"turns":4},{"damage":51,"enemies":"Collector","floor":33,"turns":8},{"damage":6,"enemies":"Orb Walker","floor":35,"turns":3},{"damage":29,"enemies":"3 Darklings","floor":36,"turns":5},{"damage":28,"floor":37,"turns":6},{"damage":24,"enemies":"Transient","floor":41,"turns":5},{"damage":51,"enemies":"Nemesis","floor":44,"turns":5},{"damage":15,"enemies":"2 Orb Walkers","floor":46,"turns":3},{"damage":95,"enemies":"Awakened One","floor":50,"turns":10}],"seed_played":"3044762703406005792","potions_obtained":[{"floor":5,"key":"Block Potion"},{"floor":10,"key":"Energy Potion"},{"floor":11,"key":"EssenceOfSteel"},{"floor":16,"key":"Energy Potion"},{"floor":18,"key":"FocusPotion"},{"floor":31,"key":"FearPotion"},{"floor":44,"key":"Fire Potion"},{"floor":46,"key":"AttackPotion"}],"is_trial":false,"path_per_floor":["M","?","?","$","M","R","E","R","T","M","E","?","E","M","R","B",null,"M","?","?","M","$","R","E","?","T","$","M","M","$","E","R","B",null,"M","M","?","T","$","R","M","R","T","E","?","E","R","$","R"],"character_chosen":"DEFECT","items_purchased":["Apotheosis","Swift Potion","Shuriken","Bottled Tornado"],"campfire_rested":4,"item_purchase_floors":[22,27,39,48],"current_hp_per_floor":[75,57,62,62,62,62,62,62,62,62,50,50,37,32,32,30,80,64,64,64,49,49,73,80,80,80,80,74,70,70,55,80,40,86,87,69,62,62,62,62,59,59,59,29,29,32,61,61,89,0],"gold":20,"neow_bonus":"THREE_ENEMY_KILL","is_prod":false,"is_daily":false,"chose_seed":false,"campfire_upgraded":3,"win_rate":0,"timestamp":1530187849,"path_taken":["M","?","?","$","M","R","E","R","T","M","E","?","E","M","R","BOSS","M","?","?","M","$","R","E","?","T","$","M","M","$","E","R","BOSS","M","M","?","?","$","R","M","R","T","E","?","E","R","$","R","BOSS"],"build_version":"2018-06-27","purchased_purges":2,"victory":false,"max_hp_per_floor":[75,75,80,80,80,80,80,80,80,80,80,80,80,80,80,80,80,80,80,80,81,81,81,82,82,82,82,83,84,84,85,85,86,86,87,88,89,89,89,89,90,90,90,91,91,92,94,94,94,94],"card_choices":[{"not_picked":["Leap","Fusion"],"picked":"Ball Lightning","floor":1},{"not_picked":["Meteor Strike","Leap"],"picked":"Ball Lightning","floor":5},{"not_picked":["Sweeping Beam","Coolheaded"],"picked":"Cold Snap","floor":7},{"not_picked":["Steam Power","Reprogram"],"picked":"Coolheaded","floor":10},{"not_picked":["Melter","Storm","Turbo"],"picked":"SKIP","floor":11},{"not_picked":["Fusion","Heatsinks"],"picked":"Sunder","floor":13},{"not_picked":["Darkness","Barrage"],"picked":"Genetic Algorithm","floor":14},{"not_picked":["Creative AI","Meteor Strike"],"picked":"Seek","floor":16},{"not_picked":["Ball Lightning","Streamline"],"picked":"Conserve Battery","floor":18},{"not_picked":["Hologram","Compile Driver"],"picked":"Conserve Battery","floor":21},{"not_picked":["Sweeping Beam","Fusion"],"picked":"Self Repair","floor":23},{"not_picked":["Turbo+1","Self Repair"],"picked":"Reboot","floor":24},{"not_picked":["Tempest","Storm+1","Turbo"],"picked":"SKIP","floor":28},{"not_picked":["Compile Driver","Cold Snap","Go for the Eyes"],"picked":"SKIP","floor":29},{"not_picked":["Glacier+1","Ball Lightning"],"picked":"Self Repair+1","floor":31},{"not_picked":["Cold Snap","Leap"],"picked":"Ball Lightning","floor":32},{"not_picked":["Gash+1","Beam Cell"],"picked":"Turbo+1","floor":35},{"not_picked":["Fusion","Lockon"],"picked":"Rebound","floor":36},{"not_picked":["Blizzard+1","Turbo+1"],"picked":"Auto Shields","floor":37},{"not_picked":["Hologram+1","Stack"],"picked":"Ball Lightning","floor":41},{"not_picked":["Defragment","Seek"],"picked":"Electrodynamics","floor":44},{"not_picked":["Coolheaded","Streamline+1"],"picked":"Creative AI","floor":46},{"not_picked":["Blizzard","Redo","Leap"],"picked":"Singing Bowl","floor":47},{"not_picked":["Hologram","Go for the Eyes+1"],"picked":"Tempest+1","floor":49}],"player_experience":127948,"relics_obtained":[{"floor":7,"key":"Ancient Tea Set"},{"floor":9,"key":"Bag of Preparation"},{"floor":11,"key":"Dream Catcher"},{"floor":13,"key":"Whetstone"},{"floor":24,"key":"Orichalcum"},{"floor":26,"key":"Mercury Hourglass"},{"floor":31,"key":"Tiny Chest"},{"floor":37,"key":"Peace Pipe"},{"floor":38,"key":"Unceasing Top"},{"floor":43,"key":"Singing Bowl"},{"floor":44,"key":"Bronze Scales"},{"floor":44,"key":"Lantern"},{"floor":46,"key":"Omamori"},{"floor":46,"key":"War Paint"}],"event_choices":[{"event_name":"Golden Idol","player_choice":"Take Damage","floor":2,"damage_taken":0},{"event_name":"Big Fish","player_choice":"Donut","floor":3,"damage_taken":0},{"event_name":"Accursed Blacksmith","player_choice":"Rummage","floor":12,"damage_taken":0},{"event_name":"N\u0027loth","player_choice":"Traded a Whetstone","floor":19,"damage_taken":0},{"event_name":"FaceTrader","player_choice":"Took Face Of Cleric","floor":20,"damage_taken":0},{"event_name":"Transmorgrifier","player_choice":"Transform","floor":25,"damage_taken":0},{"event_name":"MindBloom","player_choice":"Fight","floor":37,"damage_taken":0},{"event_name":"Falling","player_choice":"Removed Attack","floor":45,"damage_taken":0}],"boss_relics":[{"not_picked":["Tiny House","Nuclear Battery"],"picked":"Fusion Hammer"},{"not_picked":["Empty Cage","Runic Dome"],"picked":"Black Star"}],"items_purged_floors":[4,39],"is_endless":false,"potions_floor_spawned":[5,10,11,16,18,21,28,29,31,44,46],"killed_by":"Awakened One","ascension_level":1}