{"gold_per_floor":[15,33,52,68,44,44,79,79,79,79,89,89,99,112,112,189,189,202,202,222,272,322,356,356,384,384,417,430,393,393,393,393,470,470,484,144,158,172,182,182,232,257,257,257,182,207,207,0,0,0],"floor_reached":51,"playtime":2863,"items_purged":["Writhe"],"score":1317,"play_id":"fe315d4b-7807-4871-9627-d5a0aebf155a","local_time":"20180703140707","is_ascension_mode":true,"campfire_choices":[{"data":"Malaise","floor":6,"key":"SMITH"},{"floor":10,"key":"REST"},{"data":"Infinite Blades","floor":15,"key":"SMITH"},{"data":"Accuracy","floor":24,"key":"SMITH"},{"data":"Infinite Blades","floor":30,"key":"SMITH"},{"floor":32,"key":"REST"},{"data":"Infinite Blades","floor":40,"key":"SMITH"},{"data":"Neutralize","floor":44,"key":"SMITH"},{"floor":49,"key":"REST"}],"neow_cost":"NO_GOLD","seed_source_timestamp":605511661656238,"circlet_count":0,"master_deck":["Defend_G+1","Defend_G+1","Defend_G+1","Defend_G+1","Defend_G+1","Strike_G+1","Strike_G+1","Strike_G+1","Strike_G+1","Strike_G+1","Survivor+1","Neutralize+1","AscendersBane","Slice+1","Terror+1","Leg Sweep+1","Malaise+1","PiercingWail+1","Backflip+1","Cloak And Dagger+1","PiercingWail+1","Infinite Blades+1","Burst+1","Leg Sweep+1","Endless Agony+1","Accuracy+1","Calculated Gamble+1","Calculated Gamble+1","Infinite Blades+1","Infinite Blades+1","Heel Hook+1","Backstab+1","Finisher+1"],"relics":["Ring of the Snake","Dead Branch","Mercury Hourglass","Ninja Scroll","Sozu","Snake Skull","Darkstone Periapt","Kunai","Bottled Lightning","Anchor","Runic Dome","Bird Faced Urn","Ice Cream","Prayer Wheel","Pear","Singing Bowl","Mark of the Bloom","Red Mask"],"potions_floor_usage":[],"damage_taken":[{"damage":2,"enemies":"Jaw Worm","floor":1,"turns":6},{"damage":1,"enemies":"Small Slimes","floor":2,"turns":4},{"damage":4,"enemies":"Cultist","floor":3,"turns":3},{"damage":4,"enemies":"3 Louse","floor":4,"turns":6},{"damage":21,"enemies":"Lagavulin","floor":7,"turns":13},{"damage":0,"enemies":"Lots of Slimes","floor":11,"turns":3},{"damage":0,"enemies":"Blue Slaver","floor":13,"turns":2},{"damage":0,"enemies":"Exordium Thugs","floor":14,"turns":2},{"damage":11,"enemies":"Slime Boss","floor":16,"turns":7},{"damage":0,"enemies":"3 Byrds","floor":18,"turns":4},{"damage":3,"enemies":"Chosen","floor":20,"turns":5},{"damage":12,"enemies":"Book of Stabbing","floor":23,"turns":6},{"damage":3,"enemies":"Gremlin Leader","floor":25,"turns":6},{"damage":0,"enemies":"Book of Stabbing","floor":27,"turns":5},{"damage":2,"enemies":"Snecko","floor":28,"turns":5},{"damage":6,"enemies":"Champ","floor":33,"turns":9},{"damage":0,"enemies":"3 Darklings","floor":35,"turns":5},{"damage":6,"enemies":"3 Shapes","floor":37,"turns":3},{"damage":8,"enemies":"3 Darklings","floor":38,"turns":3},{"damage":8,"enemies":"4 Shapes","floor":39,"turns":4},{"damage":0,"floor":41,"turns":3},{"damage":14,"enemies":"2 Orb Walkers","floor":42,"turns":3},{"damage":14,"enemies":"Nemesis","floor":46,"turns":5},{"damage":4,"enemies":"Time Eater","floor":50,"turns":11}],"seed_played":"6973757736681230109","potions_obtained":[{"floor":3,"key":"Poison Potion"},{"floor":11,"key":"FearPotion"}],"is_trial":false,"path_per_floor":["M","M","M","M","$","R","E","?","T","R","M","?","M","M","R","B",null,"M","?","M","?","?","E","R","E","T","E","M","$","R","?","R","B",null,"M","$","M","M","M","R","?","E","T","R","$","E","?","?","R","B"],"character_chosen":"THE_SILENT","items_purchased":["PiercingWail","Infinite Blades","Infinite Blades","Bird Faced Urn"],"campfire_rested":3,"item_purchase_floors":[5,29,36,36],"current_hp_per_floor":[57,56,52,48,48,48,27,27,27,46,46,46,46,46,46,35,58,58,58,55,55,55,43,43,40,40,40,38,38,38,38,57,51,62,62,62,60,60,58,58,66,52,62,62,62,62,62,62,62,58],"gold":0,"neow_bonus":"ONE_RARE_RELIC","is_prod":false,"is_daily":false,"chose_seed":false,"campfire_upgraded":6,"win_rate":0,"timestamp":1530619627,"path_taken":["M","M","M","M","$","R","E","?","T","R","M","?","M","M","R","BOSS","M","?","?","?","?","E","R","E","T","E","M","$","R","?","R","BOSS","M","$","M","M","M","R","?","E","T","R","$","E","?","?","R","BOSS"],"build_version":"2018-06-28","purchased_purges":1,"victory":true,"max_hp_per_floor":[66,66,66,66,66,66,66,66,66,66,66,66,66,66,66,66,66,66,66,66,66,66,66,66,66,66,66,66,66,66,66,66,66,66,66,66,66,66,66,66,66,66,76,76,76,78,78,78,78,78],"card_choices":[{"not_picked":["Flechettes","Bouncing Flask"],"picked":"Slice","floor":1},{"not_picked":["Concentrate","Distraction"],"picked":"Terror","floor":2},{"not_picked":["Dodge and Roll","Flying Knee"],"picked":"Leg Sweep","floor":3},{"not_picked":["Quick Slash","Bane"],"picked":"Malaise","floor":4},{"not_picked":["Dagger Throw","Burst"],"picked":"Backflip","floor":7},{"not_picked":["Quick Slash","Predator"],"picked":"Cloak And Dagger","floor":11},{"not_picked":["Dagger Spray","Concentrate"],"picked":"PiercingWail","floor":13},{"not_picked":["Flying Knee","Slice"],"picked":"Infinite Blades","floor":14},{"not_picked":["Corpse Explosion","Tactician"],"picked":"Burst","floor":16},{"not_picked":["Flying Knee","PiercingWail"],"picked":"Leg Sweep","floor":18},{"not_picked":["Prepared","Underhanded Strike"],"picked":"Endless Agony","floor":20},{"not_picked":["Dagger Spray","Underhanded Strike"],"picked":"Accuracy","floor":23},{"not_picked":["Heel Hook","Wraith Form v2"],"picked":"Calculated Gamble","floor":25},{"not_picked":["Blur","Masterful Stab"],"picked":"Calculated Gamble","floor":27},{"not_picked":["All Out Attack","Deflect+1","Quick Slash+1"],"picked":"SKIP","floor":28},{"not_picked":["Sucker Punch+1","Masterful Stab","Quick Slash"],"picked":"SKIP","floor":35},{"not_picked":["Deadly Poison","Blur","Prepared+1"],"picked":"SKIP","floor":37},{"not_picked":["Sucker Punch+1","Prepared+1"],"picked":"Heel Hook+1","floor":38},{"not_picked":["Noxious Fumes+1","Dagger Spray"],"picked":"Backstab+1","floor":39},{"not_picked":["Deflect","Dagger Spray"],"picked":"Finisher+1","floor":41},{"not_picked":["Dagger Spray","Underhanded Strike","Bane"],"picked":"SKIP","floor":42},{"not_picked":["Flying Knee","Sucker Punch","Storm of Steel"],"picked":"Singing Bowl","floor":46}],"player_experience":970817,"relics_obtained":[{"floor":7,"key":"Mercury Hourglass"},{"floor":9,"key":"Ninja Scroll"},{"floor":23,"key":"Darkstone Periapt"},{"floor":25,"key":"Kunai"},{"floor":26,"key":"Bottled Lightning"},{"floor":27,"key":"Anchor"},{"floor":41,"key":"Ice Cream"},{"floor":42,"key":"Prayer Wheel"},{"floor":43,"key":"Pear"},{"floor":46,"key":"Singing Bowl"}],"event_choices":[{"event_name":"Scrap Ooze","player_choice":"unsuccessful","floor":8,"damage_taken":0},{"event_name":"Living Wall","player_choice":"Grow","floor":12,"damage_taken":0},{"event_name":"The Mausoleum","player_choice":"Yes","floor":19,"damage_taken":0},{"event_name":"Golden Shrine","player_choice":"Pray","floor":21,"damage_taken":0},{"event_name":"Nest","player_choice":"Stole From Cult","floor":22,"damage_taken":0},{"event_name":"Drug Dealer","player_choice":"Ignored","floor":31,"damage_taken":0},{"event_name":"Mysterious Sphere","player_choice":"Fight","floor":41,"damage_taken":0},{"event_name":"MindBloom","player_choice":"Upgrade","floor":47,"damage_taken":0},{"event_name":"Tomb of Lord Red Mask","player_choice":"Paid","floor":48,"damage_taken":0}],"boss_relics":[{"not_picked":["Busted Crown","Black Star"],"picked":"Sozu"},{"not_picked":["Astrolabe","Fusion Hammer"],"picked":"Runic Dome"}],"items_purged_floors":[45],"is_endless":false,"potions_floor_spawned":[3,11,13,18,23,35,41,42],"ascension_level":15}