{"gold_per_floor":[114,47,62,77,152,182,197,227,227,242,90,105,120,150,150,250,250,265,280,208,223,223,253,253,268,323,353,452,482,97,112,112,212,212,227,242,242,165,165,195,195,210,210,225,240,270,270,285,285,285],"floor_reached":51,"playtime":1545,"items_purged":[],"score":1216,"play_id":"23d07147-aeb6-4fc1-a09f-c3ebb4f90cf3","local_time":"20180820210313","daily_mods":["Brewmaster","Cursed Run","Lethality"],"is_ascension_mode":false,"campfire_choices":[{"data":"Coolheaded","floor":15,"key":"SMITH"},{"data":"Defragment","floor":32,"key":"SMITH"},{"data":"Discovery","floor":41,"key":"SMITH"},{"data":"Chill","floor":47,"key":"SMITH"},{"data":"Hologram","floor":49,"key":"SMITH"}],"neow_cost":"","seed_source_timestamp":0,"circlet_count":0,"master_deck":["Strike_B+1","Strike_B+1","Strike_B+1","Strike_B+1","Defend_B+1","Defend_B+1","Defend_B+1","Defend_B+1","Zap","Dualcast","Venomology","Venomology","Venomology","Venomology","Venomology","Coolheaded+1","Glacier","Rebound","Ball Lightning","Writhe","Doom and Gloom+1","Glacier","Go for the Eyes+1","Writhe","Leap","Mind Blast+1","Conserve Battery","Coolheaded","Beam Cell+1","FTL+1","Decay","Electrodynamics","Compile Driver+1","Defragment+1","Go for the Eyes+1","Sweeping Beam+1","Rip and Tear+1","BootSequence+1","Tempest","Cold Snap+1","Sweeping Beam+1","Glacier","Blizzard+1","Undo","Doubt","Compile Driver+1","Hologram+1","Go for the Eyes+1","Doom and Gloom+1","Steam","Chill+1","Shame","Echo Form","Coolheaded","Hologram","Rebound+1","Coolheaded","Mind Blast+1","Discovery+1","Flash of Steel+1","Coolheaded","Conserve Battery+1","Shame","Ball Lightning+1","Cold Snap+1","Stack+1","Barrage+1","Parasite"],"special_seed":17763,"relics":["Cursed Key","Darkstone Periapt","Du-Vu Doll","White Beast Statue","Molten Egg 2","Blood Vial","Oddly Smooth Stone","Smiling Mask","Bottled Flame","Orrery","Strawberry","Tiny Chest","Singing Bowl","Bag of Marbles","Pen Nib","Inserter","FaceOfCleric","Meat on the Bone","Bottled Lightning"],"potions_floor_usage":[3,4,6,6,6,6,7,8,8,10,12,16,23,23,27,29,33,33,50,50,50],"damage_taken":[{"damage":0,"enemies":"Cultist","floor":1,"turns":3},{"damage":0,"enemies":"Small Slimes","floor":3,"turns":2},{"damage":10,"enemies":"2 Louse","floor":4,"turns":2},{"damage":4,"enemies":"Lagavulin","floor":6,"turns":4},{"damage":0,"enemies":"2 Fungi Beasts","floor":7,"turns":2},{"damage":3,"enemies":"Gremlin Nob","floor":8,"turns":3},{"damage":0,"enemies":"Large Slime","floor":10,"turns":4},{"damage":2,"enemies":"3 Louse","floor":12,"turns":2},{"damage":1,"enemies":"Looter","floor":13,"turns":3},{"damage":6,"enemies":"Lagavulin","floor":14,"turns":5},{"damage":0,"enemies":"Slime Boss","floor":16,"turns":7},{"damage":0,"enemies":"Spheric Guardian","floor":18,"turns":2},{"damage":2,"enemies":"Chosen","floor":19,"turns":2},{"damage":12,"enemies":"Centurion and Healer","floor":21,"turns":2},{"damage":0,"enemies":"Gremlin Leader","floor":23,"turns":2},{"damage":2,"enemies":"Snecko","floor":25,"turns":3},{"damage":6,"enemies":"Slavers","floor":27,"turns":3},{"damage":0,"enemies":"Gremlin Leader","floor":29,"turns":4},{"damage":2,"enemies":"Cultist and Chosen","floor":31,"turns":3},{"damage":9,"enemies":"Collector","floor":33,"turns":6},{"damage":0,"enemies":"Orb Walker","floor":35,"turns":1},{"damage":0,"enemies":"3 Darklings","floor":36,"turns":2},{"damage":0,"enemies":"2 Orb Walkers","floor":40,"turns":1},{"damage":0,"enemies":"Spire Growth","floor":42,"turns":1},{"damage":0,"enemies":"Sphere and 2 Shapes","floor":44,"turns":1},{"damage":0,"enemies":"Flame Bruiser 2 Orb","floor":45,"turns":1},{"damage":0,"enemies":"Giant Head","floor":46,"turns":5},{"damage":0,"enemies":"4 Shapes","floor":48,"turns":1},{"damage":42,"enemies":"Awakened One","floor":50,"turns":6}],"seed_played":"2261956990400884625","potions_obtained":[{"floor":1,"key":"Energy Potion"},{"floor":6,"key":"Strength Potion"},{"floor":7,"key":"Weak Potion"},{"floor":8,"key":"Fruit Juice"},{"floor":10,"key":"Explosive Potion"},{"floor":12,"key":"Block Potion"},{"floor":18,"key":"PowerPotion"},{"floor":21,"key":"AttackPotion"},{"floor":23,"key":"SteroidPotion"},{"floor":25,"key":"Poison Potion"},{"floor":29,"key":"Energy Potion"},{"floor":31,"key":"FocusPotion"},{"floor":33,"key":"GamblersBrew"},{"floor":44,"key":"Block Potion"}],"is_trial":false,"path_per_floor":["M","$","M","M","T","E","M","E","T","M","$","M","M","E","R","B",null,"M","M","$","M","?","E","?","M","T","E","?","E","$","M","R","B",null,"M","M","?","$","?","E","R","M","T","M","M","E","R","M","R","B"],"character_chosen":"DEFECT","items_purchased":["Glacier","Mind Blast+1","Conserve Battery","Cold Snap+1","Sweeping Beam+1","Hologram","Pen Nib","Go for the Eyes+1","Doom and Gloom+1","Steam","Rebound+1","Coolheaded"],"campfire_rested":0,"item_purchase_floors":[2,11,11,20,20,30,30,30,30,30,38,38],"current_hp_per_floor":[75,75,75,65,71,72,74,73,79,86,86,86,87,83,83,91,98,98,96,96,86,86,95,95,95,101,99,99,101,101,101,101,100,119,119,119,119,119,109,112,112,115,121,124,127,130,130,131,131,96],"gold":285,"neow_bonus":"","is_prod":false,"is_daily":true,"chose_seed":false,"campfire_upgraded":5,"win_rate":0,"timestamp":1534791793,"path_taken":["M","$","M","M","?","E","M","E","T","M","$","M","?","E","R","BOSS","M","M","$","?","?","E","?","M","T","E","?","E","$","M","R","BOSS","M","?","?","$","?","E","R","M","T","M","M","E","R","M","R","BOSS"],"build_version":"2018-08-16","purchased_purges":0,"victory":true,"max_hp_per_floor":[75,75,75,75,81,81,81,81,87,92,92,92,92,92,92,98,98,98,98,98,98,98,105,105,105,111,113,113,113,113,113,113,119,119,119,119,119,119,119,120,120,121,127,128,129,130,130,131,131,138],"card_choices":[{"not_picked":["Skim","Blizzard"],"picked":"Coolheaded","floor":1},{"not_picked":["Reinforced Body","Stack"],"picked":"Rebound","floor":3},{"not_picked":["Hologram","Leap"],"picked":"Ball Lightning","floor":4},{"not_picked":["Double Energy","Melter+1"],"picked":"Doom and Gloom+1","floor":6},{"not_picked":["Beam Cell+1","Meteor Strike+1"],"picked":"Glacier","floor":7},{"not_picked":["Barrage+1","Doom and Gloom+1"],"picked":"Go for the Eyes+1","floor":8},{"not_picked":["Storm","Streamline+1"],"picked":"Leap","floor":10},{"not_picked":["Steam Power","Streamline+1"],"picked":"Coolheaded","floor":12},{"not_picked":["Reinforced Body","Skim"],"picked":"Beam Cell+1","floor":13},{"not_picked":["Redo","Loop"],"picked":"FTL+1","floor":14},{"not_picked":["Reboot","Creative AI"],"picked":"Electrodynamics","floor":16},{"not_picked":["FTL+1","Go for the Eyes+1"],"picked":"Compile Driver+1","floor":17},{"not_picked":["Redo","Go for the Eyes+1"],"picked":"Defragment","floor":17},{"not_picked":["Hologram","Streamline+1"],"picked":"Go for the Eyes+1","floor":17},{"not_picked":["Rip and Tear+1","Cold Snap+1"],"picked":"Sweeping Beam+1","floor":17},{"not_picked":["Self Repair","Hologram"],"picked":"Rip and Tear+1","floor":17},{"not_picked":["Coolheaded+1","Steam+1"],"picked":"BootSequence+1","floor":18},{"not_picked":["Go for the Eyes+1","Doom and Gloom+1"],"picked":"Tempest","floor":19},{"not_picked":["Lockon+1","Skim+1"],"picked":"Glacier","floor":21},{"not_picked":["Sweeping Beam+1","Consume"],"picked":"Undo","floor":23},{"not_picked":["Electrodynamics","Hello World","Static Discharge+1"],"picked":"SKIP","floor":25},{"not_picked":["Go for the Eyes+1","Chaos","Streamline+1"],"picked":"Singing Bowl","floor":27},{"not_picked":["Streamline+1","Electrodynamics"],"picked":"Compile Driver+1","floor":29},{"not_picked":["Beam Cell+1","Cold Snap+1"],"picked":"Chill","floor":31},{"not_picked":["Creative AI","Thunder Strike+1"],"picked":"Echo Form","floor":33},{"not_picked":["Auto Shields","Compile Driver+1"],"picked":"Coolheaded","floor":35},{"not_picked":["Gash+1","Go for the Eyes+1"],"picked":"Hologram","floor":36},{"not_picked":["PanicButton","Purity"],"picked":"Mind Blast+1","floor":39},{"not_picked":["PanicButton","Bandage Up"],"picked":"Discovery","floor":39},{"not_picked":["Swift Strike+1","Chrysalis"],"picked":"Flash of Steel+1","floor":39},{"not_picked":["Self Repair","Echo Form"],"picked":"Coolheaded","floor":40},{"not_picked":["Sunder+1","Undo"],"picked":"Conserve Battery+1","floor":42},{"not_picked":["Leap+1","Go for the Eyes+1"],"picked":"Ball Lightning+1","floor":44},{"not_picked":["Leap","Rebound+1"],"picked":"Cold Snap+1","floor":45},{"not_picked":["Coolheaded","Amplify"],"picked":"Stack+1","floor":46},{"not_picked":["Go for the Eyes+1","Glacier"],"picked":"Barrage+1","floor":48}],"player_experience":1329415,"relics_obtained":[{"floor":5,"key":"Molten Egg 2"},{"floor":6,"key":"Blood Vial"},{"floor":8,"key":"Oddly Smooth Stone"},{"floor":9,"key":"Smiling Mask"},{"floor":14,"key":"Bottled Flame"},{"floor":23,"key":"Strawberry"},{"floor":26,"key":"Tiny Chest"},{"floor":27,"key":"Singing Bowl"},{"floor":29,"key":"Bag of Marbles"},{"floor":40,"key":"Meat on the Bone"},{"floor":43,"key":"Bottled Lightning"}],"event_choices":[{"event_name":"The Library","player_choice":"Read","floor":22,"damage_taken":0},{"event_name":"Back to Basics","player_choice":"Simplicity","floor":24,"damage_taken":0},{"event_name":"Nest","player_choice":"Stole From Cult","floor":28,"damage_taken":0},{"event_name":"FaceTrader","player_choice":"Trade","floor":37,"damage_taken":0},{"event_name":"SensoryStone","player_choice":"Memory 3","floor":39,"damage_taken":0}],"is_beta":false,"boss_relics":[{"not_picked":["Ectoplasm","Tiny House"],"picked":"Orrery"},{"not_picked":["Pandora\u0027s Box","Busted Crown"],"picked":"Inserter"}],"items_purged_floors":[],"is_endless":false,"potions_floor_spawned":[1,3,4,6,7,8,10,12,13,14,16,18,19,21,23,25,27,29,31,33,35,36,40,42,44,45,46,48],"ascension_level":0}