{"gold_per_floor":[18,30,205,218,168,168,156,156,180,192,192,207,49,49,49,174,174,187,208,118,68,94,94,119,30,30,45,45,45,80,80],"floor_reached":31,"playtime":1401,"items_purged":["Strike_B","Strike_B","Defend_B"],"score":245,"play_id":"ff077e80-3e50-4e2e-8e75-26e3a870a8be","local_time":"20181126200640","is_ascension_mode":false,"campfire_choices":[{"data":"White Noise","floor":6,"key":"SMITH"},{"data":"Genetic Algorithm","floor":8,"key":"SMITH"},{"data":"Zap","floor":15,"key":"SMITH"},{"floor":23,"key":"RECALL"},{"data":"Creative AI","floor":28,"key":"SMITH"}],"neow_cost":"NO_GOLD","seed_source_timestamp":1306280792672847,"circlet_count":0,"master_deck":["Strike_B","Strike_B","Defend_B","Defend_B+1","Zap+1","Dualcast","Genetic Algorithm+1","White Noise+1","Ball Lightning","Self Repair","Core Surge","Redo","Defragment","Thunder Strike","Capacitor+1","Undo+1","Double Energy","Creative AI+1"],"relics":["Cracked Core","Unceasing Top","Smiling Mask","Golden Idol","Coffee Dripper","PreservedInsect","Bronze Scales"],"potions_floor_usage":[7,7,19,24,30,31],"damage_taken":[{"damage":1,"enemies":"Jaw Worm","floor":1,"turns":3},{"damage":1,"enemies":"2 Louse","floor":2,"turns":2},{"damage":2,"enemies":"Small Slimes","floor":4,"turns":4},{"damage":10,"enemies":"Exordium Thugs","floor":7,"turns":5},{"damage":18,"enemies":"Exordium Wildlife","floor":10,"turns":6},{"damage":12,"enemies":"3 Louse","floor":12,"turns":4},{"damage":41,"enemies":"Hexaghost","floor":16,"turns":8},{"damage":0,"enemies":"Chosen","floor":18,"turns":4},{"damage":5,"enemies":"Shell Parasite","floor":19,"turns":4},{"damage":20,"enemies":"Sentry and Sphere","floor":24,"turns":5},{"damage":11,"enemies":"Shelled Parasite and Fungi","floor":27,"turns":5},{"damage":66,"enemies":"Slavers","floor":30,"turns":6},{"damage":18,"enemies":"Snake Plant","floor":31,"turns":2}],"seed_played":"5146201112860546475","potions_obtained":[{"floor":1,"key":"Block Potion"},{"floor":2,"key":"FearPotion"},{"floor":12,"key":"Explosive Potion"},{"floor":16,"key":"Block Potion"},{"floor":27,"key":"Block Potion"},{"floor":30,"key":"LiquidBronze"}],"is_trial":false,"path_per_floor":["M","M","?","M","?","R","M","R","T","M","?","M","$","?","R","B",null,"M","M","?","$","T","R","M","$","T","M","R","?","E","M"],"character_chosen":"DEFECT","items_purchased":["Redo","Defragment","Double Energy"],"campfire_rested":0,"item_purchase_floors":[13,13,25],"current_hp_per_floor":[74,73,73,71,71,71,61,61,61,43,68,63,63,45,45,4,75,75,70,70,70,70,70,57,57,57,53,53,75,16,0],"gold":80,"neow_bonus":"ONE_RARE_RELIC","is_prod":false,"is_daily":false,"chose_seed":false,"campfire_upgraded":4,"win_rate":0,"timestamp":1543230400,"path_taken":["M","M","?","M","?","R","M","R","T","M","?","M","$","?","R","BOSS","M","M","?","$","?","R","M","?","T","?","R","?","E","M"],"build_version":"2018-11-15","purchased_purges":3,"victory":false,"max_hp_per_floor":[75,75,75,75,75,75,75,75,75,75,75,75,75,75,75,75,75,75,75,75,75,75,75,75,75,75,75,75,75,75,75],"card_choices":[{"not_picked":["Doom and Gloom","Leap"],"picked":"Genetic Algorithm","floor":1},{"not_picked":["Streamline","Turbo"],"picked":"White Noise","floor":2},{"not_picked":["Gash","Force Field","Coolheaded"],"picked":"SKIP","floor":4},{"not_picked":["Steam","Static Discharge"],"picked":"Ball Lightning","floor":7},{"not_picked":["Compile Driver","Stack"],"picked":"Self Repair","floor":10},{"not_picked":["Redo","Barrage"],"picked":"Core Surge","floor":12},{"not_picked":["Meteor Strike","Fission"],"picked":"Thunder Strike","floor":16},{"not_picked":["Streamline","Scrape"],"picked":"Capacitor+1","floor":18},{"not_picked":["Turbo","Hologram","Sweeping Beam"],"picked":"SKIP","floor":19},{"not_picked":["Sweeping Beam+1","Darkness"],"picked":"Undo+1","floor":24},{"not_picked":["Go for the Eyes","Stack"],"picked":"Creative AI","floor":27},{"not_picked":["Streamline","Steam","Biased Cognition"],"picked":"SKIP","floor":30}],"player_experience":63166,"relics_obtained":[{"floor":9,"key":"Smiling Mask"},{"floor":26,"key":"PreservedInsect"},{"floor":30,"key":"Bronze Scales"}],"event_choices":[{"damage_healed":0,"gold_gain":175,"player_choice":"AGREE","damage_taken":0,"max_hp_gain":0,"max_hp_loss":0,"event_name":"Liars Game","floor":3,"gold_loss":0,"cards_obtained":["Doubt"]},{"cards_removed":["Doubt"],"damage_healed":0,"gold_gain":0,"player_choice":"Card Removal","damage_taken":0,"max_hp_gain":0,"max_hp_loss":0,"event_name":"The Cleric","floor":5,"gold_loss":50},{"damage_healed":25,"gold_gain":0,"player_choice":"Banana","damage_taken":0,"max_hp_gain":0,"max_hp_loss":0,"event_name":"Big Fish","floor":11,"gold_loss":0},{"damage_healed":0,"gold_gain":0,"player_choice":"Take Damage","damage_taken":18,"relics_obtained":["Golden Idol"],"max_hp_gain":0,"max_hp_loss":0,"event_name":"Golden Idol","floor":14,"gold_loss":0},{"cards_removed":["Defend_B"],"damage_healed":0,"gold_gain":0,"player_choice":"Upgrade and Remove","damage_taken":0,"max_hp_gain":0,"max_hp_loss":0,"event_name":"Designer","floor":20,"gold_loss":90,"cards_upgraded":["Defend_B"]},{"damage_healed":25,"gold_gain":0,"player_choice":"Heal","damage_taken":0,"max_hp_gain":0,"max_hp_loss":0,"event_name":"The Library","floor":29,"gold_loss":0}],"is_beta":false,"boss_relics":[{"not_picked":["Runic Dome","Philosopher\u0027s Stone"],"picked":"Coffee Dripper"}],"items_purged_floors":[13,21,25],"is_endless":false,"potions_floor_spawned":[1,2,12,16,27,30],"killed_by":"Snake Plant","ascension_level":0}