{"gold_per_floor":[112,112,33,53,71,71,100,100,100,113,126,137,137,62,62,140,140,99,112,112,31,50,50,50,50,127,127],"floor_reached":27,"playtime":1294,"items_purged":[],"score":426,"play_id":"df2adc23-9c1e-4a17-acf2-f91fbc5c9820","local_time":"20190208150923","is_ascension_mode":true,"campfire_choices":[{"data":"Zap","floor":6.0,"key":"SMITH"},{"floor":8.0,"key":"REST"},{"floor":13.0,"key":"REST"},{"floor":15.0,"key":"REST"},{"floor":23.0,"key":"REST"}],"neow_cost":"TEN_PERCENT_HP_LOSS","seed_source_timestamp":434608801344745,"circlet_count":0,"master_deck":["AscendersBane","Strike_B","Strike_B","Strike_B","Strike_B","Defend_B","Defend_B","Defend_B","Defend_B","Zap+1","Dualcast","Compile Driver","Zap","Gash","Steam","Conserve Battery","White Noise+1","Auto Shields","Thunder Strike","Go for the Eyes","Auto Shields","Static Discharge","Hello World","Amplify","Hello World","Capacitor","Conserve Battery"],"special_seed":0,"relics":["Cracked Core","Bird Faced Urn","Sundial","Question Card","Eternal Feather","Singing Bowl"],"potions_floor_usage":[27],"damage_taken":[{"damage":1.0,"enemies":"Cultist","floor":1.0,"turns":3.0},{"damage":0.0,"enemies":"Jaw Worm","floor":4.0,"turns":3.0},{"damage":0.0,"enemies":"2 Louse","floor":5.0,"turns":3.0},{"damage":44.0,"enemies":"Gremlin Nob","floor":7.0,"turns":4.0},{"damage":11.0,"enemies":"Blue Slaver","floor":10.0,"turns":4.0},{"damage":10.0,"enemies":"Large Slime","floor":11.0,"turns":4.0},{"damage":13.0,"enemies":"Exordium Thugs","floor":12.0,"turns":5.0},{"damage":20.0,"enemies":"The Guardian","floor":16.0,"turns":10.0},{"damage":28.0,"enemies":"2 Thieves","floor":18.0,"turns":5.0},{"damage":26.0,"enemies":"Shell Parasite","floor":19.0,"turns":5.0},{"damage":31.0,"enemies":"Snake Plant","floor":22.0,"turns":7.0},{"damage":47,"enemies":"Masked Bandits","floor":27,"turns":3}],"seed_played":"802566544904511887","potions_obtained":[{"floor":5.0,"key":"Ancient Potion"},{"floor":10.0,"key":"Dexterity Potion"},{"floor":16.0,"key":"Regen Potion"}],"is_trial":false,"path_per_floor":["M","?","$","M","M","R","E","R","T","M","M","M","R","$","R","B",null,"M","M","?","$","M","R","$","$","T","?"],"character_chosen":"DEFECT","items_purchased":["Steam","Conserve Battery","Hello World","Capacitor"],"campfire_rested":4,"item_purchase_floors":[3,3,14,21],"current_hp_per_floor":[63,63,63,63,63,63,20,39,39,30,22,11,30,30,49,35,57,35,26,26,26,7,41,41,41,41,0],"gold":127,"neow_bonus":"ONE_RARE_RELIC","is_prod":false,"is_daily":false,"chose_seed":false,"campfire_upgraded":1,"win_rate":0,"timestamp":1549656563,"path_taken":["M","?","$","M","?","R","E","R","T","M","M","M","R","$","R","BOSS","M","M","?","$","?","R","?","$","T","?"],"build_version":"2019-01-23","purchased_purges":0,"victory":false,"max_hp_per_floor":[64,64,64,64,64,64,64,64,64,64,64,64,64,64,64,64,64,64,64,64,64,64,64,64,64,64,64],"card_choices":[{"not_picked":["Redo","Rebound"],"picked":"Compile Driver","floor":1.0},{"not_picked":["Double Energy","Coolheaded"],"picked":"White Noise","floor":4.0},{"not_picked":["Rebound","Turbo"],"picked":"Auto Shields","floor":5.0},{"not_picked":["Skim","Storm"],"picked":"Thunder Strike","floor":7.0},{"not_picked":["Hologram","Rip and Tear","Cold Snap"],"picked":"Go for the Eyes","floor":10.0},{"not_picked":["Lockon","Genetic Algorithm","Beam Cell"],"picked":"Auto Shields","floor":11.0},{"not_picked":["Steam Power","FTL","Reprogram"],"picked":"Static Discharge","floor":12.0},{"not_picked":["Rainbow","Thunder Strike","Multi-Cast"],"picked":"Amplify","floor":16.0},{"not_picked":["Sweeping Beam+1","Hologram","Cold Snap+1"],"picked":"Hello World","floor":18.0},{"not_picked":["Undo","Go for the Eyes","Fusion","Redo"],"picked":"SKIP","floor":19.0},{"not_picked":["Hologram","Streamline","FTL+1"],"picked":"Conserve Battery","floor":22.0}],"player_experience":2357501,"relics_obtained":[{"floor":7.0,"key":"Sundial"},{"floor":9.0,"key":"Question Card"},{"floor":26.0,"key":"Singing Bowl"}],"event_choices":[{"damage_healed":0.0,"max_hp_gain":0.0,"max_hp_loss":0.0,"gold_gain":0.0,"event_name":"Match and Keep!","player_choice":"2 cards matched","floor":2.0,"gold_loss":0.0,"damage_taken":0.0,"cards_obtained":["Zap","Gash"]},{"damage_healed":0.0,"max_hp_gain":0.0,"max_hp_loss":0.0,"gold_gain":0.0,"event_name":"Upgrade Shrine","player_choice":"Upgraded","floor":20.0,"gold_loss":0.0,"damage_taken":0.0,"cards_upgraded":["White Noise"]},{"damage_healed":0,"gold_gain":0,"player_choice":"Fought Bandits","damage_taken":0,"max_hp_gain":0,"max_hp_loss":0,"event_name":"Masked Bandits","floor":27,"gold_loss":0}],"is_beta":false,"boss_relics":[{"not_picked":["Runic Dome","FrozenCore"],"picked":"Eternal Feather"}],"items_purged_floors":[],"is_endless":false,"potions_floor_spawned":[5,10,11,16,18],"killed_by":"Masked Bandits","ascension_level":20}