{"gold_per_floor":[109,124,124,49,49,49,49,49,75,75,110,110,141,162,162,261,261,276,299,299,318,5,5,5,5,5,55,55],"floor_reached":28,"playtime":1040,"items_purged":[],"score":422,"play_id":"604590af-4517-4f7f-b1ba-d8b1449f42a3","local_time":"20181109130620","is_ascension_mode":true,"campfire_choices":[{"data":"Zap","floor":6,"key":"SMITH"},{"data":"Go for the Eyes","floor":8,"key":"SMITH"},{"floor":10,"key":"REST"},{"data":"Ball Lightning","floor":15,"key":"SMITH"},{"floor":23,"key":"REST"}],"neow_cost":"NONE","seed_source_timestamp":1160416779631002,"circlet_count":0,"master_deck":["AscendersBane","Strike_B","Defend_B","Defend_B","Zap+1","Dualcast","Go for the Eyes+1","Ball Lightning+1","Seek","Machine Learning+1","Go for the Eyes+1","Buffer+1","Loop+1","Auto Shields","Conserve Battery","Necronomicurse","Melter","Leap"],"relics":["Cracked Core","Golden Idol","Juzu Bracelet","Blood Vial","Ancient Tea Set","Centennial Puzzle","Astrolabe","Necronomicon","Kunai","Meat on the Bone"],"potions_floor_usage":[11,11,13,19,19],"damage_taken":[{"damage":2,"enemies":"Jaw Worm","floor":1,"turns":3},{"damage":2,"enemies":"Cultist","floor":2,"turns":4},{"damage":13,"enemies":"Lagavulin","floor":11,"turns":7},{"damage":8,"enemies":"Gremlin Nob","floor":13,"turns":3},{"damage":0,"enemies":"Small Slimes","floor":14,"turns":2},{"damage":27,"enemies":"The Guardian","floor":16,"turns":10},{"damage":21,"enemies":"Shell Parasite","floor":18,"turns":5},{"damage":0,"enemies":"3 Byrds","floor":19,"turns":4},{"damage":9,"enemies":"Cultist and Chosen","floor":21,"turns":6},{"damage":42,"enemies":"3 Cultists","floor":28,"turns":4}],"seed_played":"6845202985464317222","potions_obtained":[{"floor":7,"key":"Regen Potion"},{"floor":7,"key":"Block Potion"},{"floor":11,"key":"Explosive Potion"},{"floor":14,"key":"GamblersBrew"},{"floor":16,"key":"Dexterity Potion"},{"floor":21,"key":"SteroidPotion"}],"is_trial":false,"path_per_floor":["M","M","?","?","T","R","?","R","T","R","E","?","E","M","R","B",null,"M","M","?","M","$","R","$","?","T","?","M"],"character_chosen":"DEFECT","items_purchased":["Kunai","Leap"],"campfire_rested":2,"item_purchase_floors":[22,22],"current_hp_per_floor":[62,60,36,36,36,36,36,36,36,57,59,59,53,55,55,30,61,42,44,23,16,16,37,37,37,37,37,0],"gold":55,"neow_bonus":"REMOVE_CARD","is_prod":false,"is_daily":false,"chose_seed":false,"campfire_upgraded":3,"win_rate":0,"timestamp":1541790380,"path_taken":["M","M","?","?","?","R","?","R","T","R","E","?","E","M","R","BOSS","M","M","?","M","$","R","$","?","T","?","M"],"build_version":"2018-11-08","purchased_purges":0,"victory":false,"max_hp_per_floor":[71,71,71,71,71,71,71,71,71,71,71,71,71,71,71,71,71,71,71,71,71,71,71,71,71,71,71,71],"card_choices":[{"not_picked":["Hologram","Heatsinks","Beam Cell"],"picked":"SKIP","floor":1},{"not_picked":["Sweeping Beam","Barrage"],"picked":"Go for the Eyes","floor":2},{"not_picked":["Double Energy","Go for the Eyes"],"picked":"Ball Lightning","floor":11},{"not_picked":["Lockon","Conserve Battery"],"picked":"Seek","floor":13},{"not_picked":["Barrage","Compile Driver","Blizzard"],"picked":"SKIP","floor":14},{"not_picked":["Rainbow","Creative AI"],"picked":"Machine Learning","floor":16},{"not_picked":["Rebound","Sunder"],"picked":"Auto Shields","floor":18},{"not_picked":["Sweeping Beam","Double Energy"],"picked":"Conserve Battery","floor":19},{"not_picked":["Sweeping Beam+1","FTL"],"picked":"Melter","floor":21}],"player_experience":763329,"relics_obtained":[{"floor":5,"key":"Juzu Bracelet"},{"floor":9,"key":"Blood Vial"},{"floor":11,"key":"Ancient Tea Set"},{"floor":13,"key":"Centennial Puzzle"},{"floor":20,"key":"Necronomicon"},{"floor":26,"key":"Meat on the Bone"}],"event_choices":[{"damage_healed":0,"gold_gain":0,"player_choice":"Take Damage","damage_taken":24,"relics_obtained":["Golden Idol"],"max_hp_gain":0,"max_hp_loss":0,"event_name":"Golden Idol","floor":3,"gold_loss":0},{"cards_removed":["Defend_B"],"damage_healed":0,"gold_gain":0,"player_choice":"Card Removal","damage_taken":0,"max_hp_gain":0,"max_hp_loss":0,"event_name":"The Cleric","floor":4,"gold_loss":75},{"damage_healed":0,"gold_gain":0,"player_choice":"Got Potions","damage_taken":0,"max_hp_gain":0,"max_hp_loss":0,"event_name":"Lab","floor":7,"gold_loss":0},{"damage_healed":0,"gold_gain":0,"player_choice":"Ignored","damage_taken":0,"max_hp_gain":0,"max_hp_loss":0,"event_name":"Shining Light","floor":12,"gold_loss":0},{"damage_healed":0,"gold_gain":0,"player_choice":"Obtained Book","damage_taken":21,"max_hp_gain":0,"max_hp_loss":0,"event_name":"Cursed Tome","floor":20,"gold_loss":0},{"damage_healed":0,"gold_gain":0,"player_choice":"Upgraded","damage_taken":0,"max_hp_gain":0,"max_hp_loss":0,"event_name":"Upgrade Shrine","floor":25,"gold_loss":0,"cards_upgraded":["Machine Learning"]},{"damage_healed":0,"gold_gain":50,"player_choice":"Pray","damage_taken":0,"max_hp_gain":0,"max_hp_loss":0,"event_name":"Golden Shrine","floor":27,"gold_loss":0}],"is_beta":true,"boss_relics":[{"not_picked":["Calling Bell","Lizard Tail"],"picked":"Astrolabe"}],"items_purged_floors":[],"is_endless":false,"potions_floor_spawned":[11,14,16,21],"killed_by":"3 Cultists","ascension_level":18}