{"gold_per_floor":[113,113,113,137,155,193,193,193,247,247,247,262,286,309,309,438,438,459,499,523,523,536,536,536],"floor_reached":24,"playtime":1684,"items_purged":[],"score":238,"play_id":"1b9e5c75-84b5-49bc-be33-89ec142e2e70","local_time":"20180627173418","is_ascension_mode":true,"campfire_choices":[{"data":"Bash","floor":8,"key":"SMITH"},{"data":"Iron Wave","floor":10,"key":"SMITH"},{"floor":15,"key":"REST"},{"floor":23,"key":"REST"}],"neow_cost":"NONE","seed_source_timestamp":250648629670852,"circlet_count":0,"master_deck":["Strike_R","Strike_R","Strike_R","Defend_R","Defend_R","Defend_R","Bash+1","Clash","Iron Wave+1","Cleave","Body Slam","Inflame","Shrug It Off","Double Tap","Pommel Strike+1","Spot Weakness","Metallicize+1"],"relics":["Burning Blood","Golden Idol","Pen Nib","Orichalcum","Lizard Tail","Red Mask"],"potions_floor_usage":[6,20,24],"damage_taken":[{"damage":0,"enemies":"Small Slimes","floor":1,"turns":3},{"damage":0,"enemies":"Cultist","floor":4,"turns":2},{"damage":7,"enemies":"Jaw Worm","floor":5,"turns":2},{"damage":12,"enemies":"Gremlin Nob","floor":6,"turns":3},{"damage":0,"enemies":"3 Louse","floor":12,"turns":2},{"damage":12,"enemies":"Exordium Wildlife","floor":13,"turns":4},{"damage":9,"enemies":"2 Fungi Beasts","floor":14,"turns":3},{"damage":33,"enemies":"The Guardian","floor":16,"turns":14},{"damage":19,"enemies":"Spheric Guardian","floor":18,"turns":4},{"damage":88,"floor":19,"turns":8},{"damage":1,"enemies":"3 Byrds","floor":20,"turns":4},{"damage":18,"enemies":"Centurion and Healer","floor":22,"turns":5},{"damage":52,"enemies":"Book of Stabbing","floor":24,"turns":5}],"seed_played":"6053633930239245745","potions_obtained":[{"floor":5,"key":"Weak Potion"},{"floor":6,"key":"FearPotion"},{"floor":12,"key":"GamblersBrew"},{"floor":19,"key":"Block Potion"}],"is_trial":false,"path_per_floor":["M","?","?","M","M","E","?","R","T","R","?","M","M","M","R","B",null,"M","?","M","?","M","R"],"character_chosen":"IRONCLAD","items_purchased":[],"campfire_rested":2,"item_purchase_floors":[],"current_hp_per_floor":[80,80,60,66,65,59,59,59,59,59,59,65,59,56,80,53,80,67,33,38,38,26,50,0],"gold":536,"neow_bonus":"REMOVE_CARD","is_prod":false,"is_daily":false,"chose_seed":false,"campfire_upgraded":2,"win_rate":0,"timestamp":1530135258,"path_taken":["M","?","?","M","M","E","?","R","T","R","?","M","?","M","R","BOSS","M","?","M","?","M","R","E"],"build_version":"2018-06-21v2","purchased_purges":0,"victory":false,"max_hp_per_floor":[80,80,80,80,80,80,80,80,80,80,80,80,80,80,80,80,80,80,80,80,80,80,80,80],"card_choices":[{"not_picked":["Corruption","Wild Strike"],"picked":"Clash","floor":1},{"not_picked":["Perfected Strike","Headbutt"],"picked":"Iron Wave","floor":4},{"not_picked":["Havoc","Headbutt"],"picked":"Cleave","floor":5},{"not_picked":["Clothesline","Wild Strike"],"picked":"Feel No Pain","floor":6},{"not_picked":["Corruption","Wild Strike"],"picked":"Body Slam","floor":12},{"not_picked":["Heavy Blade","Fire Breathing"],"picked":"Inflame","floor":13},{"not_picked":["Iron Wave","Carnage"],"picked":"Shrug It Off","floor":14},{"not_picked":["Exhume","Offering"],"picked":"Double Tap","floor":16},{"not_picked":["Metallicize","Heavy Blade","Anger+1"],"picked":"SKIP","floor":18},{"not_picked":["Rage","Clothesline+1"],"picked":"Pommel Strike+1","floor":19},{"not_picked":["Dual Wield","Cleave+1"],"picked":"Spot Weakness","floor":20},{"not_picked":["Sentinel","Warcry"],"picked":"Metallicize+1","floor":22}],"player_experience":810682,"relics_obtained":[{"floor":6,"key":"Pen Nib"},{"floor":9,"key":"Orichalcum"},{"floor":19,"key":"Red Mask"}],"event_choices":[{"event_name":"Bonfire Elementals","player_choice":"BASIC","floor":2,"damage_taken":0},{"event_name":"Golden Idol","player_choice":"Take Damage","floor":3,"damage_taken":0},{"event_name":"Purifier","player_choice":"One Purge","floor":7,"damage_taken":0},{"event_name":"Living Wall","player_choice":"Forget","floor":11,"damage_taken":0},{"event_name":"Masked Bandits","player_choice":"Fought over 459 gold","floor":19,"damage_taken":0},{"event_name":"Vampires","player_choice":"Ignored","floor":21,"damage_taken":0}],"boss_relics":[{"not_picked":["Philosopher\u0027s Stone","Black Star"],"picked":"Lizard Tail"}],"items_purged_floors":[],"is_endless":false,"potions_floor_spawned":[5,6,12,13,18,19],"killed_by":"Book of Stabbing","ascension_level":4}