{"gold_per_floor":[111,124,142,162,237,267,247,282,327,344,354,370,381,394,394,496,496,507,0,0,13,28,40,40,73,96,130,149,180,194,212,212,311,311,329,136,149,167,178,208,224,243,312,339,357,357,384,732,732,732],"floor_reached":51,"playtime":7233,"items_purged":[],"score":896,"play_id":"5d0377cc-8a96-4c0f-9693-b9a97daeaa62","local_time":"20180709152724","is_ascension_mode":false,"campfire_choices":[{"data":"Catalyst","floor":15,"key":"SMITH"},{"data":"Bouncing Flask","floor":24,"key":"SMITH"},{"floor":32,"key":"REST"},{"floor":46,"key":"REST"},{"floor":49,"key":"REST"}],"neow_cost":"","seed_source_timestamp":187962396831735,"circlet_count":0,"master_deck":["Defend_G+1","Defend_G","Defend_G","Defend_G","Strike_G","Strike_G","Strike_G","Strike_G","Strike_G","Survivor","Neutralize","Slice","Bouncing Flask+1","Poisoned Stab","Quick Slash","Poisoned Stab","Slice","Outmaneuver+1","Catalyst+1","Deadly Poison","Bane","Distraction","Bullet Time","Prepared","Bane","Acrobatics","Bane","Deadly Poison","Wraith Form v2","Backstab","Deadly Poison","Storm of Steel","Thinking Ahead","Outmaneuver","Slice+1","Noxious Fumes+1","Distraction","Poisoned Stab+1","Adrenaline","Skewer+1"],"relics":["Ring of the Snake","Orichalcum","Meat on the Bone","Bag of Preparation","Runic Pyramid","The Specimen","MealTicket","War Paint","Potion Belt","Bronze Scales","Regal Pillow","Fusion Hammer","Incense Burner","Sundial","Vajra","Old Coin"],"potions_floor_usage":[4,6,6,8,8,16,16,25,25,33,33,42,44,44,44,50,50,50],"damage_taken":[{"damage":0,"enemies":"Cultist","floor":1,"turns":5},{"damage":0,"enemies":"2 Louse","floor":2,"turns":5},{"damage":0,"enemies":"Jaw Worm","floor":3,"turns":6},{"damage":7,"enemies":"3 Louse","floor":4,"turns":4},{"damage":9,"enemies":"Lagavulin","floor":6,"turns":5},{"damage":16,"enemies":"Gremlin Nob","floor":8,"turns":4},{"damage":11,"enemies":"Lots of Slimes","floor":10,"turns":5},{"damage":0,"enemies":"Large Slime","floor":11,"turns":5},{"damage":5,"enemies":"Exordium Wildlife","floor":12,"turns":3},{"damage":5,"enemies":"Blue Slaver","floor":13,"turns":3},{"damage":4,"enemies":"Gremlin Gang","floor":14,"turns":4},{"damage":9,"enemies":"The Guardian","floor":16,"turns":7},{"damage":0,"enemies":"Spheric Guardian","floor":18,"turns":3},{"damage":4,"enemies":"2 Thieves","floor":21,"turns":3},{"damage":4,"enemies":"Snecko","floor":22,"turns":4},{"damage":7,"enemies":"Cultist and Chosen","floor":23,"turns":7},{"damage":3,"enemies":"Gremlin Leader","floor":25,"turns":5},{"damage":21,"enemies":"Slavers","floor":27,"turns":3},{"damage":15,"enemies":"Snake Plant","floor":28,"turns":3},{"damage":14,"enemies":"Book of Stabbing","floor":29,"turns":3},{"damage":4,"enemies":"Sentry and Sphere","floor":30,"turns":6},{"damage":0,"enemies":"Snecko","floor":31,"turns":4},{"damage":27,"enemies":"Collector","floor":33,"turns":7},{"damage":4,"enemies":"Orb Walker","floor":35,"turns":3},{"damage":1,"enemies":"3 Shapes","floor":37,"turns":4},{"damage":28,"enemies":"3 Darklings","floor":38,"turns":5},{"damage":4,"enemies":"Sphere and 2 Shapes","floor":39,"turns":5},{"damage":0,"enemies":"Nemesis","floor":40,"turns":5},{"damage":22,"enemies":"Maw","floor":41,"turns":5},{"damage":0,"enemies":"3 Darklings","floor":42,"turns":6},{"damage":0,"enemies":"Giant Head","floor":44,"turns":7},{"damage":0,"enemies":"4 Shapes","floor":45,"turns":5},{"damage":9,"enemies":"2 Orb Walkers","floor":47,"turns":3},{"damage":11,"floor":48,"turns":4},{"damage":67,"enemies":"Awakened One","floor":50,"turns":11}],"seed_played":"-4912800485291575562","potions_obtained":[{"floor":2,"key":"EntropicBrew"},{"floor":6,"key":"Dexterity Potion"},{"floor":7,"key":"Regen Potion"},{"floor":11,"key":"Dexterity Potion"},{"floor":16,"key":"Weak Potion"},{"floor":18,"key":"Regen Potion"},{"floor":21,"key":"SkillPotion"},{"floor":30,"key":"EssenceOfSteel"},{"floor":33,"key":"Regen Potion"},{"floor":35,"key":"EssenceOfSteel"},{"floor":39,"key":"AttackPotion"},{"floor":44,"key":"Swift Potion"},{"floor":45,"key":"Fire Potion"},{"floor":47,"key":"Weak Potion"}],"is_trial":false,"path_per_floor":["M","M","M","M","?","E","?","E","T","M","M","M","M","M","R","B",null,"M","$","?","M","M","M","R","E","T","E","M","E","M","M","R","B",null,"M","$","M","M","M","E","M","M","T","E","M","R","E","?","R","B"],"character_chosen":"THE_SILENT","items_purchased":["The Specimen","MealTicket","Thinking Ahead"],"campfire_rested":3,"item_purchase_floors":[19,19,36],"current_hp_per_floor":[70,70,70,63,52,43,43,32,32,33,45,40,47,43,43,46,70,70,70,70,66,62,55,55,52,52,43,40,38,46,46,70,57,70,66,70,69,41,37,37,27,36,36,36,36,70,61,50,70,15],"gold":732,"neow_bonus":"","is_prod":false,"is_daily":false,"chose_seed":false,"campfire_upgraded":2,"win_rate":0.0,"timestamp":1531115844,"path_taken":["M","M","M","M","?","E","?","E","T","?","M","M","M","M","R","BOSS","M","$","?","M","M","M","R","E","T","E","M","E","M","M","R","BOSS","M","$","M","M","M","E","M","M","T","E","M","R","E","?","R","BOSS"],"build_version":"2018-07-05","purchased_purges":0,"victory":true,"max_hp_per_floor":[70,70,70,70,70,70,70,70,70,70,70,70,70,70,70,70,70,70,70,70,70,70,70,70,70,70,70,70,70,70,70,70,70,70,70,70,70,70,70,70,70,70,70,70,70,70,70,70,70,70],"card_choices":[{"not_picked":["Dagger Spray","PiercingWail"],"picked":"Slice","floor":1},{"not_picked":["Acrobatics","Underhanded Strike"],"picked":"Bouncing Flask","floor":2},{"not_picked":["Deflect","Quick Slash"],"picked":"Poisoned Stab","floor":3},{"not_picked":["Cloak And Dagger","Underhanded Strike"],"picked":"Quick Slash","floor":4},{"not_picked":["Outmaneuver","All Out Attack"],"picked":"Poisoned Stab","floor":6},{"not_picked":["Underhanded Strike","Flechettes"],"picked":"Slice","floor":8},{"not_picked":["Blade Dance","Skewer"],"picked":"Outmaneuver","floor":10},{"not_picked":["Footwork","Unload"],"picked":"Catalyst","floor":11},{"not_picked":["Expertise","Prepared"],"picked":"Deadly Poison","floor":12},{"not_picked":["Well Laid Plans","Cloak And Dagger"],"picked":"Bane","floor":13},{"not_picked":["Cloak And Dagger","Choke"],"picked":"Distraction","floor":14},{"not_picked":["After Image","Envenom"],"picked":"Bullet Time","floor":16},{"not_picked":["Sucker Punch","Reflex"],"picked":"Prepared","floor":18},{"not_picked":["Dagger Spray+1","Reflex"],"picked":"Bane","floor":21},{"not_picked":["Accuracy","Infinite Blades+1"],"picked":"Acrobatics","floor":22},{"not_picked":["Deflect+1","Underhanded Strike+1"],"picked":"Bane","floor":23},{"not_picked":["Quick Slash","Backflip","Sucker Punch"],"picked":"SKIP","floor":25},{"not_picked":["Underhanded Strike","Sucker Punch","Eviscerate"],"picked":"SKIP","floor":27},{"not_picked":["Deflect","Underhanded Strike"],"picked":"Deadly Poison","floor":28},{"not_picked":["Prepared+1","Dagger Spray"],"picked":"Wraith Form v2","floor":29},{"not_picked":["Dodge and Roll","Backflip"],"picked":"Backstab","floor":30},{"not_picked":["Poisoned Stab","Escape Plan+1"],"picked":"Deadly Poison","floor":31},{"not_picked":["Die Die Die","Venomology"],"picked":"Storm of Steel","floor":33},{"not_picked":["Cloak And Dagger","Dagger Throw","Blade Dance"],"picked":"SKIP","floor":35},{"not_picked":["Leg Sweep","Dodge and Roll"],"picked":"Outmaneuver","floor":37},{"not_picked":["Cloak And Dagger","Reflex+1","Heel Hook"],"picked":"SKIP","floor":38},{"not_picked":["Deflect+1","Backflip"],"picked":"Slice+1","floor":39},{"not_picked":["Underhanded Strike+1","PiercingWail"],"picked":"Noxious Fumes+1","floor":40},{"not_picked":["Well Laid Plans","Terror+1"],"picked":"Distraction","floor":41},{"not_picked":["Prepared+1","Cloak And Dagger"],"picked":"Poisoned Stab+1","floor":42},{"not_picked":["Cloak And Dagger","Poisoned Stab"],"picked":"Adrenaline","floor":44},{"not_picked":["Deflect+1","Deadly Poison+1"],"picked":"Skewer+1","floor":45},{"not_picked":["Flying Knee+1","Backflip+1","Expertise"],"picked":"SKIP","floor":47}],"player_experience":35278,"relics_obtained":[{"floor":6,"key":"Orichalcum"},{"floor":8,"key":"Meat on the Bone"},{"floor":9,"key":"Bag of Preparation"},{"floor":25,"key":"War Paint"},{"floor":26,"key":"Potion Belt"},{"floor":27,"key":"Bronze Scales"},{"floor":29,"key":"Regal Pillow"},{"floor":40,"key":"Incense Burner"},{"floor":44,"key":"Sundial"},{"floor":47,"key":"Vajra"},{"floor":48,"key":"Old Coin"}],"event_choices":[{"event_name":"World of Goop","player_choice":"Gather Gold","floor":5,"damage_taken":0},{"event_name":"The Woman in Blue","player_choice":"Bought 1 Potion","floor":7,"damage_taken":0},{"event_name":"Purifier","player_choice":"One Purge","floor":20,"damage_taken":0},{"event_name":"Mysterious Sphere","player_choice":"Fight","floor":48,"damage_taken":0}],"boss_relics":[{"not_picked":["Empty Cage","Sozu"],"picked":"Runic Pyramid"},{"not_picked":["Velvet Choker","Runic Dome"],"picked":"Fusion Hammer"}],"items_purged_floors":[],"is_endless":false,"potions_floor_spawned":[2,4,6,11,16,18,21,23,30,33,35,39,44,45,47],"ascension_level":0}