{"gold_per_floor":[118,193,208,208,222,222,237,237,237,237,256,61,72,90,90,192,192,206,223,76,96,61,94,94,108,108,33,33,47,71,89,89,194,224,238,338,213,229,229,229,0,0,0,14,14,14,29,0,0,0],"floor_reached":50,"playtime":2095,"items_purged":["Defend_R","Bash","Strike_R","Strike_R"],"score":663,"play_id":"0aec49dc-c89d-4a77-a3e2-9307c3281c6a","local_time":"20180716170740","is_ascension_mode":true,"campfire_choices":[{"data":"Perfected Strike","floor":6.0,"key":"SMITH"},{"data":"Demon Form","floor":8.0,"key":"SMITH"},{"floor":15.0,"key":"REST"},{"floor":24.0,"key":"REST"},{"floor":28.0,"key":"REST"},{"floor":32.0,"key":"REST"},{"data":"Power Through","floor":40.0,"key":"SMITH"},{"floor":42.0,"key":"REST"},{"floor":49.0,"key":"REST"}],"neow_cost":"NONE","seed_source_timestamp":236941193939011,"circlet_count":0,"master_deck":["Strike_R","Strike_R","Defend_R","Defend_R","Defend_R","Perfected Strike+1","Twin Strike","Demon Form+1","Shrug It Off+1","Evolve","Headbutt","Inflame","Twin Strike","Wild Strike+1","Pommel Strike+1","Inflame+1","Power Through+1","Whirlwind+1","Shrug It Off+1","Double Tap+1","Perfected Strike+1","Impervious"],"special_seed":0,"relics":["Burning Blood","Red Skull","Prayer Wheel","Pear","Matryoshka","Tiny Chest","Busted Crown","Darkstone Periapt","Molten Egg 2","Singing Bowl","Paper Frog","Juzu Bracelet","Tiny House","Pantograph","Red Mask"],"potions_floor_usage":[50,50],"damage_taken":[{"damage":7.0,"enemies":"Small Slimes","floor":1.0,"turns":4.0},{"damage":7.0,"enemies":"Jaw Worm","floor":3.0,"turns":3.0},{"damage":1.0,"enemies":"2 Louse","floor":5.0,"turns":2.0},{"damage":15.0,"enemies":"Gremlin Gang","floor":7.0,"turns":7.0},{"damage":5.0,"enemies":"2 Fungi Beasts","floor":11.0,"turns":3.0},{"damage":11.0,"enemies":"Looter","floor":13.0,"turns":2.0},{"damage":22.0,"enemies":"3 Louse","floor":14.0,"turns":3.0},{"damage":58.0,"enemies":"The Guardian","floor":16.0,"turns":10.0},{"damage":22.0,"enemies":"Spheric Guardian","floor":18.0,"turns":4.0},{"damage":8.0,"enemies":"Chosen","floor":19.0,"turns":4.0},{"damage":33.0,"enemies":"Snake Plant","floor":21.0,"turns":4.0},{"damage":20.0,"enemies":"Book of Stabbing","floor":23.0,"turns":4.0},{"damage":24.0,"enemies":"Centurion and Healer","floor":25.0,"turns":4.0},{"damage":19.0,"enemies":"Cultist and Chosen","floor":29.0,"turns":4.0},{"damage":33.0,"enemies":"Sentry and Sphere","floor":31.0,"turns":6.0},{"damage":32.0,"enemies":"Champ","floor":33.0,"turns":8.0},{"damage":16.0,"enemies":"Orb Walker","floor":35.0,"turns":3.0},{"damage":29.0,"enemies":"3 Darklings","floor":38.0,"turns":4.0},{"damage":11.0,"enemies":"Sphere and 2 Shapes","floor":44.0,"turns":3.0},{"damage":25.0,"enemies":"Maw","floor":47.0,"turns":7.0},{"damage":134,"enemies":"Awakened One","floor":50,"turns":8}],"seed_played":"-537988675199963489","potions_obtained":[{"floor":1.0,"key":"FearPotion"},{"floor":3.0,"key":"SteroidPotion"},{"floor":14.0,"key":"GamblersBrew"},{"floor":16.0,"key":"Regen Potion"},{"floor":21.0,"key":"FearPotion"},{"floor":29.0,"key":"Dexterity Potion"},{"floor":31.0,"key":"PowerPotion"},{"floor":34.0,"key":"Strength Potion"},{"floor":44.0,"key":"Regen Potion"}],"is_trial":false,"path_per_floor":["M","?","M","?","M","R","M","R","T","?","M","$","M","M","R","B",null,"M","M","$","M","$","E","R","M","T","?","R","M","T","M","R","B",null,"M","?","$","M","?","R","$","R","T","M","?","?","M","?","R"],"character_chosen":"IRONCLAD","items_purchased":["Tiny Chest","Pommel Strike","Power Through","Impervious"],"campfire_rested":6,"item_purchase_floors":[12,20,22,41],"current_hp_per_floor":[71,60,59,56,61,61,52,52,62,62,63,63,58,42,69,17,72,68,66,66,39,39,25,52,34,34,34,61,52,52,29,58,32,89,81,81,81,62,62,62,62,95,95,94,94,94,79,79,114,0],"gold":0,"neow_bonus":"RANDOM_COMMON_RELIC","is_prod":false,"is_daily":false,"chose_seed":false,"campfire_upgraded":3,"win_rate":0,"timestamp":1531775260,"path_taken":["M","?","M","?","M","R","M","R","T","?","M","$","M","M","R","BOSS","M","M","$","M","$","E","R","M","T","?","R","M","?","M","R","BOSS","M","?","$","M","?","R","$","R","T","M","?","?","M","?","R","BOSS"],"build_version":"2018-07-12","purchased_purges":4,"victory":false,"max_hp_per_floor":[80,80,80,80,80,80,80,80,90,90,90,90,90,90,90,90,90,90,90,90,90,90,90,90,90,90,90,90,94,94,98,98,98,105,107,107,107,111,111,111,111,111,111,115,115,115,119,119,119,119],"card_choices":[{"not_picked":["Bloodletting","Sentinel"],"picked":"Perfected Strike","floor":1.0},{"not_picked":["Heavy Blade","Combust"],"picked":"Twin Strike","floor":3.0},{"not_picked":["Infernal Blade","Warcry","Carnage"],"picked":"SKIP","floor":5.0},{"not_picked":["Body Slam","Cleave","Armaments"],"picked":"SKIP","floor":5.0},{"not_picked":["Disarm","Shrug It Off"],"picked":"Demon Form","floor":7.0},{"not_picked":["Burning Pact","Flex","Heavy Blade"],"picked":"SKIP","floor":7.0},{"not_picked":["Searing Blow","Warcry"],"picked":"Shrug It Off","floor":11.0},{"not_picked":["Heavy Blade","True Grit","Thunderclap"],"picked":"SKIP","floor":11.0},{"not_picked":["Dark Embrace","Infernal Blade"],"picked":"Evolve","floor":13.0},{"not_picked":["Dual Wield","Heavy Blade","Body Slam"],"picked":"SKIP","floor":13.0},{"not_picked":["Warcry","Havoc"],"picked":"Headbutt","floor":14.0},{"not_picked":["Cleave","Seeing Red"],"picked":"Inflame","floor":14.0},{"not_picked":["Double Tap","Berserk"],"picked":"Barricade","floor":16.0},{"not_picked":[],"picked":"Twin Strike","floor":18.0},{"not_picked":[],"picked":"Wild Strike+1","floor":18.0},{"not_picked":["True Grit"],"picked":"SKIP","floor":19.0},{"not_picked":["Cleave"],"picked":"SKIP","floor":19.0},{"not_picked":[],"picked":"Inflame+1","floor":21.0},{"not_picked":["True Grit+1"],"picked":"SKIP","floor":21.0},{"not_picked":[],"picked":"Whirlwind+1","floor":23.0},{"not_picked":[],"picked":"Shrug It Off+1","floor":25.0},{"not_picked":["Searing Blow"],"picked":"SKIP","floor":25.0},{"not_picked":["Havoc"],"picked":"Singing Bowl","floor":29.0},{"not_picked":["Armaments"],"picked":"Singing Bowl","floor":29.0},{"not_picked":["Rampage+1"],"picked":"Singing Bowl","floor":31.0},{"not_picked":["Second Wind"],"picked":"Singing Bowl","floor":31.0},{"not_picked":[],"picked":"Double Tap","floor":33.0},{"not_picked":["Second Wind"],"picked":"Singing Bowl","floor":34.0},{"not_picked":["Carnage+1"],"picked":"Singing Bowl","floor":35.0},{"not_picked":[],"picked":"Perfected Strike+1","floor":35.0},{"not_picked":["Body Slam+1"],"picked":"Singing Bowl","floor":38.0},{"not_picked":["Rupture+1"],"picked":"Singing Bowl","floor":38.0},{"not_picked":["Hemokinesis+1"],"picked":"Singing Bowl","floor":44.0},{"not_picked":["Uppercut+1"],"picked":"Singing Bowl","floor":44.0},{"not_picked":["Second Wind+1"],"picked":"Singing Bowl","floor":47.0},{"not_picked":["Havoc+1"],"picked":"Singing Bowl","floor":47.0}],"player_experience":1151590,"relics_obtained":[{"floor":9.0,"key":"Pear"},{"floor":23.0,"key":"Darkstone Periapt"},{"floor":26.0,"key":"Molten Egg 2"},{"floor":26.0,"key":"Singing Bowl"},{"floor":30.0,"key":"Paper Frog"},{"floor":30.0,"key":"Juzu Bracelet"},{"floor":43.0,"key":"Pantograph"}],"event_choices":[{"event_name":"World of Goop","player_choice":"Gather Gold","floor":2.0,"damage_taken":0.0},{"event_name":"Scrap Ooze","player_choice":"success","floor":4.0,"damage_taken":3.0},{"event_name":"Dead Adventurer","player_choice":"Searched \u00271\u0027 times","floor":10.0,"damage_taken":0.0},{"event_name":"Beggar","player_choice":"Gave Gold","floor":27.0,"damage_taken":0.0},{"event_name":"Golden Shrine","player_choice":"Pray","floor":36.0,"damage_taken":0.0},{"event_name":"Upgrade Shrine","player_choice":"Upgraded","floor":39.0,"damage_taken":0.0},{"event_name":"Falling","player_choice":"Removed Attack","floor":45.0,"damage_taken":0.0},{"event_name":"Accursed Blacksmith","player_choice":"Forge","floor":46.0,"damage_taken":0.0},{"event_name":"Tomb of Lord Red Mask","player_choice":"Paid","floor":48.0,"damage_taken":0.0}],"boss_relics":[{"not_picked":["White Beast Statue","Empty Cage"],"picked":"Busted Crown"},{"not_picked":["Orrery","Snecko Eye"],"picked":"Tiny House"}],"items_purged_floors":[12,20,37,41],"is_endless":false,"potions_floor_spawned":[1,3,14,16,21,29,31,44],"killed_by":"Awakened One","ascension_level":7}