{"gold_per_floor":[113,181,181,198,222,248,248,278,278,289,308,336,355,368,368,470,470,482,124,139,155,70,103,103,134,159,194,206,206,219,237,237,336,336,349,364,8,8,8,8,8,37,64,79,91,104,35,35,35,35],"floor_reached":51,"playtime":5344,"items_purged":[],"score":887,"play_id":"15a9be3b-0dc5-4eeb-9f47-e581d5c7ebb4","local_time":"20180711233746","is_ascension_mode":true,"campfire_choices":[{"data":"PiercingWail","floor":7,"key":"SMITH"},{"data":"Setup","floor":15,"key":"SMITH"},{"floor":24,"key":"REST"},{"floor":32,"key":"REST"},{"floor":40,"key":"REST"},{"data":"Flechettes+1","floor":49,"key":"PURGE"}],"neow_cost":"NONE","seed_source_timestamp":1269127762405,"circlet_count":0,"master_deck":["Survivor","Neutralize","Dagger Spray","Deflect","Backflip","Flying Knee","Underhanded Strike","Well Laid Plans","Quick Slash","Dagger Spray","Deflect","PiercingWail+1","Adrenaline","Slice","Terror","Bouncing Flask","Bouncing Flask","Poisoned Stab","Phantasmal Killer","Prepared","Setup+1","Wraith Form v2+1","PiercingWail","Apotheosis","Unload","Backflip+1","After Image","Setup","Noxious Fumes+1","Well Laid Plans+1","Backstab","Corpse Explosion","Dagger Spray+1","Backstab","Swift Strike","Madness+1","Good Instincts+1","Madness+1","Madness+1","Dagger Throw+1","Backflip+1","Prepared+1","Dodge and Roll+1","Well Laid Plans+1"],"relics":["Pandora\u0027s Box","Ancient Tea Set","Anchor","Pen Nib","Gremlin Horn","Tingsha","Fusion Hammer","Frozen Egg 2","Peace Pipe","Bird Faced Urn","Vajra","Oddly Smooth Stone","Enchiridion","Busted Crown","Toxic Egg 2","Omamori","Happy Flower"],"potions_floor_usage":[12,13,21,21,21,28,33,45,50,50,50],"damage_taken":[{"damage":0,"enemies":"2 Louse","floor":1,"turns":2},{"damage":0,"enemies":"Cultist","floor":4,"turns":3},{"damage":11,"enemies":"Lagavulin","floor":6,"turns":6},{"damage":0,"enemies":"3 Sentries","floor":8,"turns":4},{"damage":2,"enemies":"Jaw Worm","floor":10,"turns":2},{"damage":3,"enemies":"Looter","floor":11,"turns":3},{"damage":1,"enemies":"Lagavulin","floor":12,"turns":4},{"damage":0,"enemies":"Large Slime","floor":13,"turns":4},{"damage":0,"enemies":"Blue Slaver","floor":14,"turns":2},{"damage":0,"enemies":"Hexaghost","floor":16,"turns":7},{"damage":0,"enemies":"Chosen","floor":18,"turns":4},{"damage":7,"enemies":"Spheric Guardian","floor":20,"turns":4},{"damage":14,"enemies":"Centurion and Healer","floor":21,"turns":6},{"damage":9,"enemies":"Slavers","floor":23,"turns":6},{"damage":1,"enemies":"Book of Stabbing","floor":25,"turns":5},{"damage":16,"enemies":"Slavers","floor":27,"turns":5},{"damage":15,"enemies":"Cultist and Chosen","floor":28,"turns":5},{"damage":0,"enemies":"Snake Plant","floor":30,"turns":4},{"damage":9,"enemies":"Centurion and Healer","floor":31,"turns":4},{"damage":30,"enemies":"Automaton","floor":33,"turns":9},{"damage":0,"enemies":"3 Shapes","floor":35,"turns":2},{"damage":0,"enemies":"3 Darklings","floor":36,"turns":3},{"damage":2,"enemies":"2 Orb Walkers","floor":42,"turns":7},{"damage":0,"enemies":"Maw","floor":44,"turns":7},{"damage":24,"enemies":"Sphere and 2 Shapes","floor":45,"turns":5},{"damage":18,"enemies":"4 Shapes","floor":46,"turns":2},{"damage":50,"enemies":"Awakened One","floor":50,"turns":13}],"seed_played":"3411171279962540685","potions_obtained":[{"floor":6,"key":"Block Potion"},{"floor":10,"key":"LiquidBronze"},{"floor":11,"key":"PowerPotion"},{"floor":12,"key":"Weak Potion"},{"floor":13,"key":"Explosive Potion"},{"floor":18,"key":"EssenceOfSteel"},{"floor":27,"key":"Regen Potion"},{"floor":28,"key":"SpeedPotion"},{"floor":33,"key":"Weak Potion"},{"floor":44,"key":"Explosive Potion"},{"floor":45,"key":"FearPotion"}],"is_trial":false,"path_per_floor":["M","?","?","M","T","E","R","E","T","M","M","E","M","M","R","B",null,"M","$","M","M","?","E","R","E","T","E","M","?","M","M","R","B",null,"M","M","$","?","?","R","?","E","T","M","M","M","$","?","R","B"],"character_chosen":"THE_SILENT","items_purchased":["Apotheosis","Unload","Backstab","Toxic Egg 2","Ancient Potion","Well Laid Plans+1"],"campfire_rested":3,"item_purchase_floors":[19,19,37,37,37,47],"current_hp_per_floor":[70,70,70,70,70,59,59,59,59,57,54,53,53,53,53,53,70,70,70,63,49,49,40,61,60,60,50,55,39,45,46,67,44,70,70,70,70,60,51,70,70,70,70,70,50,34,34,61,61,15],"gold":35,"neow_bonus":"BOSS_RELIC","is_prod":false,"is_daily":false,"chose_seed":false,"campfire_upgraded":2,"win_rate":0,"timestamp":1531318066,"path_taken":["M","?","?","M","?","E","R","E","T","M","M","E","?","M","R","BOSS","M","$","M","M","?","E","R","E","T","E","M","?","M","M","R","BOSS","M","M","$","?","?","R","?","E","T","M","M","?","$","?","R","BOSS"],"build_version":"2018-07-05","purchased_purges":0,"victory":true,"max_hp_per_floor":[70,70,70,70,70,70,70,70,70,70,70,70,70,70,70,70,70,70,70,70,70,70,70,70,70,70,70,70,70,70,70,70,70,70,70,70,70,70,70,70,70,70,70,70,70,70,70,61,61,61],"card_choices":[{"not_picked":["Cloak And Dagger","Skewer"],"picked":"PiercingWail","floor":1},{"not_picked":["Well Laid Plans","Malaise"],"picked":"Slice","floor":4},{"not_picked":["Dodge and Roll","Leg Sweep"],"picked":"Terror","floor":6},{"not_picked":["Flying Knee","Masterful Stab"],"picked":"Bouncing Flask","floor":8},{"not_picked":["Blur","Deadly Poison"],"picked":"Bouncing Flask","floor":10},{"not_picked":["Dagger Spray","Deadly Poison"],"picked":"Poisoned Stab","floor":11},{"not_picked":["Underhanded Strike","Dagger Throw"],"picked":"Phantasmal Killer","floor":12},{"not_picked":["Outmaneuver","Terror"],"picked":"Prepared","floor":13},{"not_picked":["Poisoned Stab","Bouncing Flask"],"picked":"Setup","floor":14},{"not_picked":["Venomology","Doppelganger"],"picked":"Wraith Form v2","floor":16},{"not_picked":["Backflip","Cloak And Dagger+1"],"picked":"PiercingWail","floor":18},{"not_picked":["Poisoned Stab","Deadly Poison"],"picked":"Backflip+1","floor":20},{"not_picked":["Infinite Blades","Backstab"],"picked":"After Image","floor":21},{"not_picked":["Bouncing Flask+1","Prepared"],"picked":"Setup","floor":23},{"not_picked":["Expertise","All Out Attack","Dagger Spray"],"picked":"SKIP","floor":25},{"not_picked":["Slice","Outmaneuver+1"],"picked":"Noxious Fumes+1","floor":27},{"not_picked":["Dodge and Roll","Riddle With Holes","Blur"],"picked":"SKIP","floor":28},{"not_picked":["Bane","Dash"],"picked":"Well Laid Plans+1","floor":30},{"not_picked":["Dagger Throw","Dash"],"picked":"Backstab","floor":31},{"not_picked":["Envenom+1","Doppelganger"],"picked":"Corpse Explosion","floor":33},{"not_picked":[],"picked":"Dagger Spray+1","floor":35},{"not_picked":[],"picked":"Flechettes+1","floor":36},{"not_picked":[],"picked":"Swift Strike","floor":38},{"not_picked":[],"picked":"Madness+1","floor":38},{"not_picked":[],"picked":"Good Instincts+1","floor":38},{"not_picked":[],"picked":"Dagger Throw+1","floor":42},{"not_picked":[],"picked":"Backflip+1","floor":44},{"not_picked":[],"picked":"Prepared+1","floor":45},{"not_picked":[],"picked":"Dodge and Roll+1","floor":46}],"player_experience":103439,"relics_obtained":[{"floor":5,"key":"Ancient Tea Set"},{"floor":6,"key":"Anchor"},{"floor":8,"key":"Pen Nib"},{"floor":9,"key":"Gremlin Horn"},{"floor":12,"key":"Tingsha"},{"floor":23,"key":"Peace Pipe"},{"floor":25,"key":"Bird Faced Urn"},{"floor":26,"key":"Vajra"},{"floor":27,"key":"Oddly Smooth Stone"},{"floor":29,"key":"Enchiridion"},{"floor":42,"key":"Omamori"},{"floor":43,"key":"Happy Flower"}],"event_choices":[{"event_name":"Golden Wing","player_choice":"Gained Gold","floor":2,"damage_taken":0},{"event_name":"Living Wall","player_choice":"Change","floor":3,"damage_taken":0},{"event_name":"Addict","player_choice":"Obtained Relic","floor":22,"damage_taken":0},{"event_name":"Cursed Tome","player_choice":"Obtained Book","floor":29,"damage_taken":0},{"event_name":"SensoryStone","player_choice":"Memory 3","floor":38,"damage_taken":0},{"event_name":"Winding Halls","player_choice":"Embrace Madness","floor":39,"damage_taken":0},{"event_name":"Upgrade Shrine","player_choice":"Upgraded","floor":41,"damage_taken":0},{"event_name":"The Moai Head","player_choice":"Heal","floor":48,"damage_taken":0}],"boss_relics":[{"not_picked":["White Beast Statue","Runic Dome"],"picked":"Fusion Hammer"},{"not_picked":["Orrery","Velvet Choker"],"picked":"Busted Crown"}],"items_purged_floors":[],"is_endless":false,"potions_floor_spawned":[6,10,11,12,13,18,27,28,33,44,45],"ascension_level":2}