{"path_per_floor":["M","?","M","$","M","R","?","M","T","?","R","M","M","$","R","B",null,"M","?","$","?","M"],"character_chosen":"DEFECT","items_purchased":["Cold Snap","Cold Snap","Capacitor+1"],"gold_per_floor":[113,113,128,30,50,50,50,70,70,70,70,80,94,45,45,148,148,132,132,93,192,204,204],"floor_reached":23,"campfire_rested":2,"playtime":1077,"item_purchase_floors":[4,14,20],"current_hp_per_floor":[62,55,53,53,47,69,51,51,51,51,51,47,33,33,55,29,64,55,55,55,55,42,0],"items_purged":["Strike_B"],"gold":204,"score":235,"play_id":"661882a4-cfac-47f2-8168-be140bb96dd3","local_time":"20180617165427","is_prod":false,"is_daily":false,"chose_seed":false,"is_ascension_mode":true,"campfire_upgraded":1,"win_rate":0,"timestamp":1529268867,"campfire_choices":[{"floor":6,"key":"REST"},{"data":"Chill","floor":11,"key":"SMITH"},{"floor":15,"key":"REST"}],"path_taken":["M","?","M","$","M","R","?","M","T","?","R","?","?","?","R","BOSS","M","?","?","?","M","E"],"build_version":"2018-06-14v2","seed_source_timestamp":307117914729569,"purchased_purges":1,"victory":false,"master_deck":["Strike_B+1","Strike_B+1","Defend_B+1","Defend_B+1","Defend_B+1","Defend_B+1","Zap","Dualcast","White Noise","Consume","Cold Snap","Chill+1","White Noise","Undo","Ball Lightning","Cold Snap","Fission","Streamline+1","Capacitor+1","BootSequence"],"max_hp_per_floor":[75,75,75,75,75,75,75,75,75,75,75,75,75,75,75,75,75,75,75,75,75,75,75],"relics":["Cracked Core","Frozen Egg 2","Blood Vial","Fusion Hammer"],"card_choices":[{"not_picked":["Recycle","Turbo"],"picked":"White Noise","floor":1},{"not_picked":["Compile Driver","Stack"],"picked":"Consume","floor":3},{"not_picked":["Consume","Capacitor"],"picked":"Chill","floor":5},{"not_picked":["Undo","Barrage"],"picked":"White Noise","floor":8},{"not_picked":["Double Energy","Go for the Eyes"],"picked":"Undo","floor":12},{"not_picked":["Stack","Barrage"],"picked":"Ball Lightning","floor":13},{"not_picked":["All For One","Electrodynamics+1"],"picked":"Fission","floor":16},{"not_picked":["Go for the Eyes+1","Turbo"],"picked":"Streamline+1","floor":18},{"not_picked":["Reprogram","Hologram"],"picked":"BootSequence","floor":22}],"player_experience":621859,"potions_floor_usage":[8,16,18,18,22,23],"damage_taken":[{"damage":6,"enemies":"Cultist","floor":1,"turns":3},{"damage":2,"enemies":"Jaw Worm","floor":3,"turns":3},{"damage":6,"enemies":"Small Slimes","floor":5,"turns":4},{"damage":0,"enemies":"Gremlin Gang","floor":8,"turns":6},{"damage":6,"enemies":"Large Slime","floor":12,"turns":7},{"damage":16,"enemies":"3 Louse","floor":13,"turns":4},{"damage":28,"enemies":"The Guardian","floor":16,"turns":14},{"damage":11,"enemies":"2 Thieves","floor":18,"turns":4},{"damage":15,"enemies":"Chosen","floor":22,"turns":5},{"damage":50,"enemies":"Gremlin Leader","floor":23,"turns":4}],"relics_obtained":[{"floor":9,"key":"Blood Vial"}],"event_choices":[{"event_name":"Golden Wing","player_choice":"Card Removal","floor":2,"damage_taken":0},{"event_name":"Scrap Ooze","player_choice":"success","floor":7,"damage_taken":18},{"event_name":"The Woman in Blue","player_choice":"Bought 0 Potions","floor":10,"damage_taken":0},{"event_name":"Back to Basics","player_choice":"Simplicity","floor":19,"damage_taken":0},{"event_name":"Nest","player_choice":"Stole From Cult","floor":21,"damage_taken":0}],"boss_relics":[{"not_picked":["White Beast Statue","Orrery"],"picked":"Fusion Hammer"}],"items_purged_floors":[4],"is_endless":false,"potions_floor_spawned":[1,12,13,16,18,22],"seed_played":"2667486476900799347","killed_by":"Gremlin Leader","ascension_level":6,"potions_obtained":[{"floor":1,"key":"SkillPotion"},{"floor":12,"key":"Swift Potion"},{"floor":13,"key":"Strength Potion"},{"floor":16,"key":"Poison Potion"},{"floor":18,"key":"Poison Potion"},{"floor":22,"key":"Explosive Potion"}],"is_trial":false}