{"gold_per_floor":[114,45,57,57,73,73,108,119,142,217,167,167,180,215,215,317,317,328,328,57,57,74,74,86,101,155,155,172,172,172,188,188,188],"floor_reached":33,"playtime":1347,"items_purged":[],"score":257,"play_id":"a320eb43-c583-47a0-953d-3bef1f8e349c","local_time":"20181210105739","is_ascension_mode":false,"campfire_choices":[{"data":"Zap","floor":6,"key":"SMITH"},{"floor":12,"key":"REST"},{"floor":15,"key":"REST"},{"data":"Redo","floor":23,"key":"SMITH"},{"floor":27,"key":"REST"},{"floor":29,"key":"REST"},{"floor":32,"key":"REST"}],"neow_cost":"NONE","seed_source_timestamp":151401655094094,"circlet_count":0,"master_deck":["Strike_B","Defend_B","Defend_B","Defend_B","Defend_B","Zap+1","Dualcast","Redo+1","FTL","Loop","Parasite","Lockon+1","Ball Lightning+1","Static Discharge","Defragment","Go for the Eyes+1","Core Surge+1","White Noise","Sweeping Beam+1","Chaos","FTL+1","Beam Cell+1","Hologram","Machine Learning","Pain","Mind Blast+1","Reinforced Body"],"relics":["Cursed Key","Molten Egg 2","Cables","Lantern","Runic Pyramid","OrangePellets","Happy Flower"],"potions_floor_usage":[16,16,24,33,33],"damage_taken":[{"damage":0,"enemies":"Cultist","floor":1,"turns":4},{"damage":0,"enemies":"Small Slimes","floor":3,"turns":3},{"damage":3,"enemies":"2 Louse","floor":5,"turns":3},{"damage":25,"enemies":"3 Sentries","floor":7,"turns":6},{"damage":0,"enemies":"Large Slime","floor":8,"turns":4},{"damage":8,"enemies":"2 Fungi Beasts","floor":13,"turns":3},{"damage":8,"enemies":"Lagavulin","floor":14,"turns":5},{"damage":18,"enemies":"Slime Boss","floor":16,"turns":6},{"damage":14,"enemies":"Shell Parasite","floor":18,"turns":3},{"damage":8,"enemies":"Spheric Guardian","floor":22,"turns":3},{"damage":6,"enemies":"Chosen and Byrds","floor":24,"turns":4},{"damage":8,"enemies":"Cultist and Chosen","floor":25,"turns":4},{"damage":31,"enemies":"Snecko","floor":28,"turns":4},{"damage":26,"enemies":"Shelled Parasite and Fungi","floor":31,"turns":4},{"damage":67,"enemies":"Automaton","floor":33,"turns":6}],"seed_played":"7370798888685446492","potions_obtained":[{"floor":13,"key":"FocusPotion"},{"floor":14,"key":"Block Potion"},{"floor":16,"key":"FearPotion"},{"floor":18,"key":"EssenceOfSteel"},{"floor":22,"key":"SkillPotion"},{"floor":28,"key":"Regen Potion"}],"is_trial":false,"path_per_floor":["M","$","M","T","M","R","E","M","T","?","?","R","M","E","R","B",null,"M","?","$","?","M","R","M","M","T","R","M","R","?","M","R","B"],"character_chosen":"DEFECT","items_purchased":["FTL","OrangePellets","FTL+1"],"campfire_rested":5,"item_purchase_floors":[2,20,20],"current_hp_per_floor":[75,75,75,75,72,72,47,47,47,36,36,58,50,42,64,46,75,61,61,61,61,53,53,47,39,39,61,30,52,52,26,48,0],"gold":188,"neow_bonus":"BOSS_RELIC","is_prod":false,"is_daily":false,"chose_seed":false,"campfire_upgraded":2,"win_rate":0,"timestamp":1544457459,"path_taken":["M","$","M","?","M","R","E","M","T","?","?","R","M","E","R","BOSS","M","?","$","?","M","R","M","?","T","R","M","R","?","?","R","BOSS"],"build_version":"2018-12-06","purchased_purges":0,"victory":false,"max_hp_per_floor":[75,75,75,75,75,75,75,75,75,75,75,75,75,75,75,75,75,75,75,75,75,75,75,75,75,75,75,75,75,75,75,75,75],"card_choices":[{"not_picked":["Double Energy","Scrape"],"picked":"Redo","floor":1},{"not_picked":["Self Repair","Auto Shields"],"picked":"Loop","floor":3},{"not_picked":["Gash+1","Stack"],"picked":"Lockon+1","floor":5},{"not_picked":["FTL+1","Fission"],"picked":"Ball Lightning+1","floor":7},{"not_picked":["Cold Snap+1","Gash+1"],"picked":"Static Discharge","floor":8},{"not_picked":["Heatsinks","Hologram"],"picked":"Defragment","floor":13},{"not_picked":["Steam","Reprogram"],"picked":"Go for the Eyes+1","floor":14},{"not_picked":["Machine Learning","Meteor Strike+1"],"picked":"Core Surge+1","floor":16},{"not_picked":["Auto Shields+1","Gash+1"],"picked":"White Noise","floor":18},{"not_picked":["Barrage+1","Go for the Eyes+1"],"picked":"Beam Cell+1","floor":22},{"not_picked":["Auto Shields","Rebound+1"],"picked":"Hologram","floor":24},{"not_picked":["Streamline+1","Compile Driver+1"],"picked":"Machine Learning","floor":25},{"not_picked":["Barrage+1","Sweeping Beam+1","Steam Power"],"picked":"SKIP","floor":28},{"not_picked":["Rebound+1","Conserve Battery"],"picked":"Reinforced Body","floor":31}],"player_experience":1831638,"relics_obtained":[{"floor":4,"key":"Molten Egg 2"},{"floor":7,"key":"Cables"},{"floor":14,"key":"Lantern"},{"floor":26,"key":"Happy Flower"}],"event_choices":[{"damage_healed":0,"gold_gain":75,"player_choice":"Gather Gold","damage_taken":11,"max_hp_gain":0,"max_hp_loss":0,"event_name":"World of Goop","floor":10,"gold_loss":0},{"cards_removed":["Doubt"],"damage_healed":0,"gold_gain":0,"player_choice":"Card Removal","damage_taken":0,"max_hp_gain":0,"max_hp_loss":0,"event_name":"The Cleric","floor":11,"gold_loss":50},{"damage_healed":0,"gold_gain":0,"cards_transformed":["Strike_B","Strike_B"],"player_choice":"Became Test Subject","damage_taken":0,"max_hp_gain":0,"max_hp_loss":0,"event_name":"Drug Dealer","floor":19,"gold_loss":0,"cards_obtained":["Sweeping Beam","Chaos"]},{"cards_removed":["Strike_B"],"damage_healed":0,"gold_gain":0,"player_choice":"Elegance","damage_taken":0,"max_hp_gain":0,"max_hp_loss":0,"event_name":"Back to Basics","floor":21,"gold_loss":0},{"damage_healed":0,"gold_gain":0,"player_choice":"1 cards matched","damage_taken":0,"max_hp_gain":0,"max_hp_loss":0,"event_name":"Match and Keep!","floor":30,"gold_loss":0,"cards_obtained":["Mind Blast"]}],"is_beta":false,"boss_relics":[{"not_picked":["Velvet Choker","Coffee Dripper"],"picked":"Runic Pyramid"}],"items_purged_floors":[],"is_endless":false,"potions_floor_spawned":[13,14,16,18,22,28,31],"killed_by":"Automaton","ascension_level":0}