{"path_per_floor":["M","M","M","?","?","R","?","E","T","M","R","M","?","M","R","B",null,"M","M","M","M","M","R"],"character_chosen":"THE_SILENT","items_purchased":[],"gold_per_floor":[112,122,138,210,210,210,241,285,308,322,322,337,316,339,339,462,500,519,537,556,580,600,600,600],"floor_reached":24,"campfire_rested":3,"playtime":3722,"item_purchase_floors":[],"current_hp_per_floor":[70,70,67,67,50,50,42,31,31,31,52,52,52,52,70,22,75,70,50,46,32,19,41,0],"items_purged":[],"gold":600,"score":202,"play_id":"5efe950c-c99e-4e97-9577-ea5e3b2f452a","local_time":"20180623154457","is_prod":false,"is_daily":false,"chose_seed":false,"is_ascension_mode":false,"campfire_upgraded":1,"win_rate":0.0,"timestamp":1529786697,"campfire_choices":[{"data":"Infinite Blades","floor":6,"key":"SMITH"},{"floor":11,"key":"REST"},{"floor":15,"key":"REST"},{"floor":23,"key":"REST"}],"path_taken":["M","M","M","?","?","R","?","E","T","?","R","M","?","M","R","BOSS","M","?","M","?","M","R","E"],"build_version":"2018-06-21","seed_source_timestamp":353077419200522,"purchased_purges":0,"circlet_count":0,"victory":false,"master_deck":["Defend_G","Defend_G","Defend_G","Defend_G","Defend_G","Strike_G","Strike_G","Strike_G","Strike_G","Strike_G","Survivor","Neutralize","All Out Attack+1","Infinite Blades+1","Backstab","Dagger Spray","Backstab","Prepared","Endless Agony","Die Die Die","Prepared","Deadly Poison","Acrobatics","Infinite Blades","PiercingWail","Deflect+1"],"max_hp_per_floor":[70,70,70,70,70,70,70,70,70,70,70,70,70,70,70,70,75,75,75,75,75,75,75,75],"relics":["Ring of the Snake","Golden Idol","Odd Mushroom","Bag of Preparation","Bronze Scales","Tiny House"],"card_choices":[{"not_picked":["Dash","Noxious Fumes"],"picked":"All Out Attack","floor":1},{"not_picked":["Deflect","Distraction"],"picked":"Infinite Blades","floor":2},{"not_picked":["PiercingWail","Underhanded Strike"],"picked":"Backstab","floor":3},{"not_picked":["Underhanded Strike","Flying Knee"],"picked":"Dagger Spray","floor":7},{"not_picked":["Slice","Dash"],"picked":"Backstab","floor":8},{"not_picked":["Sucker Punch","Slice","Riddle With Holes"],"picked":"SKIP","floor":10},{"not_picked":["Noxious Fumes","Blur"],"picked":"Prepared","floor":12},{"not_picked":["Distraction","Noxious Fumes"],"picked":"Endless Agony","floor":14},{"not_picked":["Phantasmal Killer","Wraith Form v2"],"picked":"Die Die Die","floor":16},{"not_picked":["Slice","Eviscerate"],"picked":"Prepared","floor":17},{"not_picked":["Flying Knee","Acrobatics"],"picked":"Deadly Poison","floor":18},{"not_picked":["Slice+1","Prepared"],"picked":"Acrobatics","floor":19},{"not_picked":["Blade Dance+1","Underhanded Strike"],"picked":"Infinite Blades","floor":20},{"not_picked":["Poisoned Stab","Bouncing Flask"],"picked":"PiercingWail","floor":21},{"not_picked":["Outmaneuver","Flying Knee"],"picked":"Deflect+1","floor":22}],"player_experience":1408,"potions_floor_usage":[20,21,21,24],"damage_taken":[{"damage":0,"enemies":"Jaw Worm","floor":1,"turns":5},{"damage":0,"enemies":"2 Louse","floor":2,"turns":2},{"damage":3,"enemies":"Small Slimes","floor":3,"turns":3},{"damage":8,"floor":7,"turns":4},{"damage":11,"enemies":"3 Sentries","floor":8,"turns":4},{"damage":0,"enemies":"2 Fungi Beasts","floor":10,"turns":2},{"damage":0,"enemies":"Looter","floor":12,"turns":2},{"damage":0,"enemies":"Red Slaver","floor":14,"turns":2},{"damage":48,"enemies":"The Guardian","floor":16,"turns":16},{"damage":5,"enemies":"Spheric Guardian","floor":18,"turns":3},{"damage":20,"enemies":"Shell Parasite","floor":19,"turns":4},{"damage":13,"enemies":"Snecko","floor":20,"turns":5},{"damage":14,"enemies":"Centurion and Healer","floor":21,"turns":5},{"damage":13,"enemies":"Chosen and Byrds","floor":22,"turns":5},{"damage":41,"enemies":"Gremlin Leader","floor":24,"turns":8}],"relics_obtained":[{"floor":7,"key":"Odd Mushroom"},{"floor":8,"key":"Bag of Preparation"},{"floor":9,"key":"Bronze Scales"}],"event_choices":[{"event_name":"Golden Wing","player_choice":"Gained Gold","floor":4,"damage_taken":0},{"event_name":"Golden Idol","player_choice":"Take Damage","floor":5,"damage_taken":0},{"event_name":"Mushrooms","player_choice":"Fought Mushrooms","floor":7,"damage_taken":0},{"event_name":"World of Goop","player_choice":"Left","floor":13,"damage_taken":0}],"boss_relics":[{"not_picked":["Runic Dome","Philosopher\u0027s Stone"],"picked":"Tiny House"}],"items_purged_floors":[],"is_endless":false,"potions_floor_spawned":[1,3,7,14,16,19,21],"seed_played":"5248836302691774608","killed_by":"Gremlin Leader","ascension_level":0,"potions_obtained":[{"floor":1,"key":"Dexterity Potion"},{"floor":3,"key":"Strength Potion"},{"floor":7,"key":"SkillPotion"},{"floor":14,"key":"EssenceOfSteel"},{"floor":16,"key":"Regen Potion"},{"floor":21,"key":"Weak Potion"}],"is_trial":false}