{"gold_per_floor":[112,122,197,2,19,51,51,69,69,20,20,20,20,36,36,137,137,148,162,162,181,181],"floor_reached":22,"playtime":1284,"items_purged":["Strike_G"],"score":323,"play_id":"536c39f9-45ac-4193-b29d-6a1b8de6f239","local_time":"20181028150649","is_ascension_mode":true,"campfire_choices":[{"data":"Cloak And Dagger","floor":7,"key":"SMITH"},{"data":"Strike_G","floor":11,"key":"PURGE"},{"data":"Strike_G","floor":15,"key":"PURGE"}],"neow_cost":"NONE","seed_source_timestamp":1596222125003563,"circlet_count":0,"master_deck":["Defend_G","Defend_G","Defend_G","Defend_G","Defend_G","Survivor","Neutralize","AscendersBane","Cloak And Dagger+1","Dagger Spray","Blade Dance","Leg Sweep","Sucker Punch","Poisoned Stab","Noxious Fumes","Dodge and Roll","After Image+1","Poisoned Stab","Deflect","Slice+1"],"relics":["Ring of the Snake","NeowsBlessing","Peace Pipe","Unceasing Top","FaceOfCleric","Mango","Empty Cage"],"potions_floor_usage":[6,16,16,18,22],"damage_taken":[{"damage":0,"enemies":"Cultist","floor":1,"turns":1},{"damage":0,"enemies":"Jaw Worm","floor":2,"turns":1},{"damage":0,"enemies":"Small Slimes","floor":5,"turns":1},{"damage":28,"enemies":"3 Sentries","floor":6,"turns":13},{"damage":8,"enemies":"Gremlin Gang","floor":8,"turns":4},{"damage":0,"enemies":"Blue Slaver","floor":14,"turns":5},{"damage":41,"enemies":"Slime Boss","floor":16,"turns":13},{"damage":0,"enemies":"Spheric Guardian","floor":18,"turns":7},{"damage":0,"enemies":"Shell Parasite","floor":19,"turns":7},{"damage":49,"enemies":"Shelled Parasite and Fungi","floor":21,"turns":8},{"damage":27,"enemies":"3 Cultists","floor":22,"turns":4}],"seed_played":"-5140685394694175730","potions_obtained":[{"floor":1,"key":"Regen Potion"},{"floor":2,"key":"GhostInAJar"},{"floor":14,"key":"SteroidPotion"},{"floor":16,"key":"GhostInAJar"},{"floor":19,"key":"Weak Potion"}],"is_trial":false,"path_per_floor":["M","M","?","$","M","E","R","M","T","$","R","?","T","M","R","B",null,"M","M","?","M"],"character_chosen":"THE_SILENT","items_purchased":["Blade Dance","Leg Sweep","Dodge and Roll"],"campfire_rested":0,"item_purchase_floors":[4,4,10],"current_hp_per_floor":[63,63,52,52,52,39,39,31,31,31,31,31,45,46,46,6,66,67,68,68,20,0],"gold":181,"neow_bonus":"THREE_ENEMY_KILL","is_prod":false,"is_daily":false,"chose_seed":false,"campfire_upgraded":1,"win_rate":0,"timestamp":1540753609,"path_taken":["M","?","?","?","M","E","R","M","T","$","R","?","?","M","R","BOSS","M","M","?","M","M"],"build_version":"2018-10-25v2","purchased_purges":1,"victory":false,"max_hp_per_floor":[70,70,70,70,70,70,70,70,70,70,70,70,84,85,85,86,86,87,88,88,89,89],"card_choices":[{"not_picked":["Crippling Poison","Prepared"],"picked":"Cloak And Dagger","floor":1},{"not_picked":["Underhanded Strike","Bane"],"picked":"Dagger Spray","floor":2},{"not_picked":["Bouncing Flask","Dagger Spray"],"picked":"Sucker Punch","floor":5},{"not_picked":["Slice","Endless Agony"],"picked":"Poisoned Stab","floor":6},{"not_picked":["Terror","Bane"],"picked":"Noxious Fumes","floor":8},{"not_picked":["Acrobatics","Reflex","Skewer"],"picked":"SKIP","floor":14},{"not_picked":["Phantasmal Killer","Die Die Die"],"picked":"After Image","floor":16},{"not_picked":["Flying Knee","Masterful Stab"],"picked":"Poisoned Stab","floor":18},{"not_picked":["Flying Knee","Prepared"],"picked":"Deflect","floor":19},{"not_picked":["Eviscerate","Flying Knee"],"picked":"Slice+1","floor":21}],"player_experience":1600607,"relics_obtained":[{"floor":6,"key":"Peace Pipe"},{"floor":9,"key":"Unceasing Top"},{"floor":13,"key":"Mango"}],"event_choices":[{"damage_healed":0,"gold_gain":75,"player_choice":"Gather Gold","damage_taken":11,"max_hp_gain":0,"max_hp_loss":0,"event_name":"World of Goop","floor":3,"gold_loss":0},{"damage_healed":0,"gold_gain":0,"player_choice":"Trade","damage_taken":0,"relics_obtained":["FaceOfCleric"],"max_hp_gain":0,"max_hp_loss":0,"event_name":"FaceTrader","floor":12,"gold_loss":0},{"damage_healed":0,"gold_gain":0,"player_choice":"Forge","damage_taken":0,"max_hp_gain":0,"max_hp_loss":0,"event_name":"Accursed Blacksmith","floor":20,"gold_loss":0,"cards_upgraded":["After Image"]}],"is_beta":false,"boss_relics":[{"not_picked":["Tiny House","Lizard Tail"],"picked":"Empty Cage"}],"items_purged_floors":[4],"is_endless":false,"potions_floor_spawned":[1,2,14,16,19],"killed_by":"3 Cultists","ascension_level":12}