{"gold_per_floor":[117,117,42,42,58,58,101,121,121,146,146,146,165,179,179,298,298,311,311,332,353,369,369,385,410,460,475,475,475,490,7,7,136,136,157,178,53,53,53,53,76,76,100,100,100,100,123,143,143,143],"floor_reached":50,"playtime":2672,"items_purged":["Strike_R","True Grit","Defend_R"],"score":748,"play_id":"01b2800e-4a4d-413b-95b4-fc48260d6da2","local_time":"20180625103535","is_ascension_mode":true,"campfire_choices":[{"data":"Rage","floor":6,"key":"SMITH"},{"floor":12,"key":"REST"},{"floor":15,"key":"REST"},{"floor":23,"key":"REST"},{"data":"Limit Break","floor":29,"key":"SMITH"},{"floor":32,"key":"REST"},{"floor":40,"key":"REST"},{"data":"Heavy Blade","floor":42,"key":"SMITH"},{"floor":45,"key":"REST"},{"floor":49,"key":"REST"}],"neow_cost":"NONE","seed_source_timestamp":51763463263621,"circlet_count":0,"master_deck":["Strike_R","Strike_R","Strike_R","Defend_R","Defend_R","Bash","Uppercut","Inflame","Rage+1","Carnage","Armaments","Iron Wave","Impervious","Heavy Blade+1","Offering","Shrug It Off","Limit Break+1","Shrug It Off","Clash","Exhume","Madness","Madness","Regret"],"relics":["Burning Blood","Golden Idol","Incense Burner","Letter Opener","Gremlin Horn","Busted Crown","Anchor","Sundial","Cursed Key","Happy Flower","Calipers"],"potions_floor_usage":[16,16,16,33,33,35,47,50],"damage_taken":[{"damage":3,"enemies":"2 Louse","floor":1,"turns":2},{"damage":9,"enemies":"Jaw Worm","floor":5,"turns":3},{"damage":18,"enemies":"3 Sentries","floor":7,"turns":8},{"damage":6,"enemies":"Cultist","floor":8,"turns":3},{"damage":2,"enemies":"2 Fungi Beasts","floor":10,"turns":3},{"damage":11,"enemies":"Looter","floor":13,"turns":2},{"damage":7,"enemies":"Lots of Slimes","floor":14,"turns":4},{"damage":43,"enemies":"Hexaghost","floor":16,"turns":7},{"damage":12,"enemies":"Spheric Guardian","floor":18,"turns":3},{"damage":34,"enemies":"3 Byrds","floor":20,"turns":6},{"damage":9,"enemies":"3 Cultists","floor":21,"turns":5},{"damage":11,"enemies":"Cultist and Chosen","floor":22,"turns":4},{"damage":8,"enemies":"Sentry and Sphere","floor":24,"turns":5},{"damage":8,"enemies":"Chosen and Byrds","floor":25,"turns":5},{"damage":4,"enemies":"3 Cultists","floor":27,"turns":4},{"damage":7,"enemies":"Centurion and Healer","floor":30,"turns":5},{"damage":36,"enemies":"Collector","floor":33,"turns":8},{"damage":27,"enemies":"3 Darklings","floor":35,"turns":5},{"damage":20,"enemies":"3 Shapes","floor":36,"turns":4},{"damage":5,"enemies":"3 Darklings","floor":41,"turns":4},{"damage":19,"floor":44,"turns":7},{"damage":13,"enemies":"Maw","floor":47,"turns":7},{"damage":23,"enemies":"Sphere and 2 Shapes","floor":48,"turns":5},{"damage":83,"enemies":"Awakened One","floor":50,"turns":8}],"seed_played":"3770759427095221501","potions_obtained":[{"floor":7,"key":"FearPotion"},{"floor":8,"key":"Strength Potion"},{"floor":10,"key":"Strength Potion"},{"floor":20,"key":"SpeedPotion"},{"floor":21,"key":"Poison Potion"},{"floor":25,"key":"Swift Potion"},{"floor":27,"key":"Explosive Potion"},{"floor":41,"key":"GamblersBrew"},{"floor":44,"key":"LiquidBronze"}],"is_trial":false,"path_per_floor":["M","?","$","?","M","R","E","M","T","M","T","R","M","M","R","B",null,"M","?","M","M","M","R","M","M","T","M","?","R","M","$","R","B",null,"M","M","$","?","$","R","M","R","T","?","R","$","M","M","R"],"character_chosen":"IRONCLAD","items_purchased":["Sundial","Shrug It Off","Clash"],"campfire_rested":7,"item_purchase_floors":[31,31,31],"current_hp_per_floor":[80,60,60,60,57,57,45,45,45,49,49,73,68,67,80,43,80,74,74,46,43,38,62,60,58,58,60,60,60,59,59,80,50,80,59,45,45,35,35,59,60,60,60,47,71,71,64,47,71,0],"gold":143,"neow_bonus":"TRANSFORM_CARD","is_prod":false,"is_daily":false,"chose_seed":false,"campfire_upgraded":3,"win_rate":0,"timestamp":1529937335,"path_taken":["M","?","$","?","M","R","E","M","T","M","?","R","?","M","R","BOSS","M","?","M","M","M","R","M","M","T","M","?","R","M","$","R","BOSS","M","M","$","?","?","R","?","R","T","?","R","?","M","M","R","BOSS"],"build_version":"2018-06-21v2","purchased_purges":3,"victory":false,"max_hp_per_floor":[80,80,80,80,80,80,80,80,80,80,80,80,80,80,80,80,80,80,80,80,80,80,80,80,80,80,80,80,80,80,80,80,80,80,80,80,80,80,80,80,80,80,80,80,80,80,80,80,80,80],"card_choices":[{"not_picked":["Sword Boomerang","Clothesline"],"picked":"Inflame","floor":1},{"not_picked":["Headbutt","Disarm"],"picked":"Rage","floor":5},{"not_picked":["Perfected Strike","Infernal Blade"],"picked":"Carnage","floor":7},{"not_picked":["Carnage","Metallicize"],"picked":"Armaments","floor":8},{"not_picked":["Twin Strike","Pommel Strike"],"picked":"Iron Wave","floor":10},{"not_picked":["Twin Strike","True Grit"],"picked":"Impervious","floor":13},{"not_picked":["Warcry","Headbutt"],"picked":"Heavy Blade","floor":14},{"not_picked":["Reaper","Bludgeon"],"picked":"Offering","floor":16},{"not_picked":[],"picked":"Shrug It Off","floor":18},{"not_picked":["Disarm"],"picked":"SKIP","floor":20},{"not_picked":["Evolve"],"picked":"SKIP","floor":21},{"not_picked":["Twin Strike+1"],"picked":"SKIP","floor":22},{"not_picked":[],"picked":"True Grit","floor":24},{"not_picked":["Havoc"],"picked":"SKIP","floor":25},{"not_picked":["Bloodletting"],"picked":"SKIP","floor":27},{"not_picked":["Dropkick"],"picked":"SKIP","floor":30},{"not_picked":[],"picked":"Exhume","floor":33},{"not_picked":["Seeing Red"],"picked":"SKIP","floor":35},{"not_picked":["Warcry"],"picked":"SKIP","floor":36},{"not_picked":["Sword Boomerang+1"],"picked":"SKIP","floor":41},{"not_picked":["Anger+1"],"picked":"SKIP","floor":47},{"not_picked":["Clash"],"picked":"SKIP","floor":48}],"player_experience":734104,"relics_obtained":[{"floor":7,"key":"Incense Burner"},{"floor":9,"key":"Letter Opener"},{"floor":11,"key":"Gremlin Horn"},{"floor":26,"key":"Anchor"},{"floor":43,"key":"Happy Flower"},{"floor":44,"key":"Calipers"}],"event_choices":[{"event_name":"Golden Idol","player_choice":"Take Damage","floor":2,"damage_taken":0},{"event_name":"Living Wall","player_choice":"Forget","floor":4,"damage_taken":0},{"event_name":"Match and Keep!","player_choice":"2 cards matched","floor":19,"damage_taken":0},{"event_name":"Bonfire Elementals","player_choice":"BASIC","floor":28,"damage_taken":0},{"event_name":"Winding Halls","player_choice":"Embrace Madness","floor":38,"damage_taken":0},{"event_name":"MindBloom","player_choice":"Fight","floor":44,"damage_taken":0}],"boss_relics":[{"not_picked":["Velvet Choker","Calling Bell"],"picked":"Busted Crown"},{"not_picked":["Coffee Dripper","Pandora\u0027s Box"],"picked":"Cursed Key"}],"items_purged_floors":[3,31,37],"is_endless":false,"potions_floor_spawned":[7,8,10,20,21,25,27,41,44],"killed_by":"Awakened One","ascension_level":4}