{"gold_per_floor":[215,215,215,232,61,61,80,109,109,109,109,142,154,4,4,4],"floor_reached":16,"playtime":486,"items_purged":["Defend_B"],"score":108,"play_id":"de4f3a03-b2f5-4b47-8a49-4b7297f17cc9","local_time":"20181209001548","is_ascension_mode":false,"campfire_choices":[{"data":"Zap","floor":6,"key":"SMITH"},{"data":"White Noise","floor":11,"key":"SMITH"},{"data":"White Noise","floor":15,"key":"SMITH"}],"neow_cost":"NONE","seed_source_timestamp":860728669353041,"circlet_count":0,"master_deck":["Strike_B","Strike_B","Strike_B+1","Defend_B+1","Defend_B","Defend_B","Zap+1","Dualcast","Panacea","Chill","White Noise+1","Capacitor","White Noise+1"],"relics":["Cracked Core","Prayer Wheel","Happy Flower","Juzu Bracelet"],"potions_floor_usage":[8,8,8,8,16],"damage_taken":[{"damage":7,"enemies":"Small Slimes","floor":1,"turns":3},{"damage":3,"enemies":"Jaw Worm","floor":4,"turns":3},{"damage":0,"enemies":"2 Louse","floor":7,"turns":2},{"damage":7,"enemies":"Gremlin Nob","floor":8,"turns":4},{"damage":6,"enemies":"Lagavulin","floor":12,"turns":6},{"damage":11,"enemies":"Exordium Wildlife","floor":13,"turns":5},{"damage":20,"enemies":"Slime Boss","floor":16,"turns":3}],"seed_played":"-8429237756537517018","potions_obtained":[{"floor":4,"key":"EntropicBrew"},{"floor":8,"key":"LiquidBronze"}],"is_trial":false,"path_per_floor":["M","?","?","M","$","R","M","E","T","?","R","E","M","$","R","B"],"character_chosen":"DEFECT","items_purchased":["Panacea","Juzu Bracelet"],"campfire_rested":0,"item_purchase_floors":[5,14],"current_hp_per_floor":[68,53,46,43,43,43,43,36,36,36,36,30,19,19,19,0],"gold":4,"neow_bonus":"HUNDRED_GOLD","is_prod":false,"is_daily":false,"chose_seed":false,"campfire_upgraded":3,"win_rate":0,"timestamp":1544282148,"path_taken":["M","?","?","M","$","R","M","E","T","?","R","E","?","$","R","BOSS"],"build_version":"2018-12-06","purchased_purges":1,"victory":false,"max_hp_per_floor":[75,75,75,75,75,75,75,75,75,75,75,75,75,75,75,75],"card_choices":[{"not_picked":["Gash","Ball Lightning","FTL"],"picked":"SKIP","floor":1},{"not_picked":["Stack","Loop","Sweeping Beam"],"picked":"SKIP","floor":4},{"not_picked":["Coolheaded","FTL"],"picked":"Chill","floor":7},{"not_picked":["Sweeping Beam","Beam Cell"],"picked":"White Noise","floor":8},{"not_picked":["Reprogram","Redo"],"picked":"Capacitor","floor":12},{"not_picked":["Blizzard","Rip and Tear"],"picked":"White Noise","floor":13},{"not_picked":["Streamline","Sweeping Beam","Turbo"],"picked":"SKIP","floor":13}],"player_experience":102608,"relics_obtained":[{"floor":8,"key":"Prayer Wheel"},{"floor":12,"key":"Happy Flower"}],"event_choices":[{"damage_healed":0,"gold_gain":0,"player_choice":"Entered Light","damage_taken":15,"max_hp_gain":0,"max_hp_loss":0,"event_name":"Shining Light","floor":2,"gold_loss":0,"cards_upgraded":["Defend_B","Strike_B"]},{"cards_removed":["Strike_B"],"damage_healed":0,"gold_gain":0,"player_choice":"Card Removal","damage_taken":7,"max_hp_gain":0,"max_hp_loss":0,"event_name":"Golden Wing","floor":3,"gold_loss":0},{"damage_healed":0,"gold_gain":0,"player_choice":"Ignored","damage_taken":0,"max_hp_gain":0,"max_hp_loss":0,"event_name":"Liars Game","floor":10,"gold_loss":0}],"is_beta":false,"boss_relics":[],"items_purged_floors":[5],"is_endless":false,"potions_floor_spawned":[4,8],"killed_by":"Slime Boss","ascension_level":0}