{"gold_per_floor":[116,130,143,162,181,181,181,228,264,276,288,326,338,364,376,481,493,498,524,636,662,697,709,737,774,832,844,856,899,911,947,959,1065,1077,1114,1149,1161,1197,1234,1289,1301,1333,1391,1427,1439,1451,77,91,91,91],"floor_reached":51,"playtime":3604,"items_purged":["Strike_G"],"score":1298,"play_id":"25a18111-29dd-4fbf-97ff-460902fd0907","local_time":"20190215223628","is_ascension_mode":true,"campfire_choices":[{"data":"Infinite Blades","floor":6,"key":"SMITH"},{"floor":11,"key":"REST"},{"floor":15,"key":"REST"},{"floor":23,"key":"REST"},{"data":"After Image","floor":28,"key":"SMITH"},{"data":"Cloak And Dagger","floor":32,"key":"SMITH"},{"floor":45,"key":"REST"},{"floor":49,"key":"REST"}],"neow_cost":"NONE","seed_source_timestamp":76919092583367,"circlet_count":0,"master_deck":["AscendersBane","Defend_G","Defend_G","Defend_G","Defend_G","Defend_G","Strike_G","Strike_G","Survivor","Neutralize","Backstab","Infinite Blades+1","Dodge and Roll+1","Well Laid Plans","Dagger Throw","Cloak And Dagger+1","Finisher","Distraction","Injury","Venomology","After Image+1","Blade Dance","Cloak And Dagger+1","Cloak And Dagger+1","Well Laid Plans","Backflip+1","Clumsy","Die Die Die","Ghostly","Ghostly","Ghostly","Ghostly","Ghostly","Backflip","Night Terror","Blur","Finisher+1","Crippling Poison","Crippling Poison","Crippling Poison+1","Cloak And Dagger","Shame","Escape Plan","Chrysalis","Accuracy","Secret Weapon","Jack Of All Trades","Glass Knife","Dagger Spray","PiercingWail","Deadly Poison","Blur+1"],"relics":["Ring of the Serpent","PreservedInsect","MawBank","Oddly Smooth Stone","Happy Flower","Potion Belt","Golden Idol","Cursed Key","War Paint","Sundial","Lantern","Vajra","Du-Vu Doll","Strawberry","TheAbacus"],"potions_floor_usage":[8,16,16,18,21,21,22,22,22,25,25,31,33,33,33,33,35,38,39,40,42,44,50,50,50,50,50],"damage_taken":[{"damage":1,"enemies":"Cultist","floor":1,"turns":4},{"damage":6,"enemies":"Small Slimes","floor":2,"turns":5},{"damage":0,"enemies":"2 Louse","floor":3,"turns":3},{"damage":10,"enemies":"Lots of Slimes","floor":4,"turns":5},{"damage":3,"enemies":"2 Fungi Beasts","floor":5,"turns":4},{"damage":11,"enemies":"3 Sentries","floor":8,"turns":8},{"damage":13,"enemies":"Gremlin Nob","floor":12,"turns":3},{"damage":1,"enemies":"3 Louse","floor":14,"turns":3},{"damage":27,"enemies":"Slime Boss","floor":16,"turns":18},{"damage":16,"enemies":"2 Thieves","floor":18,"turns":4},{"damage":0,"enemies":"Spheric Guardian","floor":19,"turns":5},{"damage":7,"enemies":"Snecko","floor":21,"turns":6},{"damage":10,"enemies":"Snake Plant","floor":22,"turns":6},{"damage":12,"enemies":"Centurion and Healer","floor":24,"turns":7},{"damage":19,"enemies":"3 Cultists","floor":25,"turns":7},{"damage":7,"enemies":"Book of Stabbing","floor":29,"turns":6},{"damage":0,"enemies":"Snake Plant","floor":31,"turns":7},{"damage":23,"enemies":"Collector","floor":33,"turns":12},{"damage":0,"enemies":"3 Darklings","floor":35,"turns":9},{"damage":0,"enemies":"3 Shapes","floor":36,"turns":6},{"damage":10,"enemies":"Jaw Worm Horde","floor":38,"turns":7},{"damage":11,"enemies":"Transient","floor":39,"turns":5},{"damage":0,"enemies":"Nemesis","floor":40,"turns":9},{"damage":0,"enemies":"Maw","floor":42,"turns":9},{"damage":0,"enemies":"3 Darklings","floor":44,"turns":6},{"damage":0,"enemies":"Transient","floor":48,"turns":5},{"damage":11,"enemies":"Time Eater","floor":50,"turns":13}],"seed_played":"-173917724478700006","potions_obtained":[{"floor":4,"key":"Poison Potion"},{"floor":5,"key":"Swift Potion"},{"floor":8,"key":"SmokeBomb"},{"floor":12,"key":"Dexterity Potion"},{"floor":16,"key":"Weak Potion"},{"floor":18,"key":"GhostInAJar"},{"floor":19,"key":"GhostInAJar"},{"floor":24,"key":"LiquidBronze"},{"floor":31,"key":"Ancient Potion"},{"floor":35,"key":"Weak Potion"},{"floor":39,"key":"GhostInAJar"},{"floor":41,"key":"Weak Potion"},{"floor":48,"key":"GhostInAJar"}],"is_trial":false,"path_per_floor":["M","M","M","M","M","R","?","E","T","?","R","E","?","M","R","B",null,"M","M","?","M","M","R","M","M","T","?","R","E","?","M","R","B",null,"M","M","?","M","M","E","?","M","T","M","R","?","$","M","R","B",null],"character_chosen":"THE_SILENT","items_purchased":["Du-Vu Doll","Accuracy","Strawberry","TheAbacus","Secret Weapon","Energy Potion","Jack Of All Trades","Glass Knife","Dagger Spray","PiercingWail","Deadly Poison"],"campfire_rested":5,"item_purchase_floors":[47,47,47,47,47,47,47,47,47,47,47],"current_hp_per_floor":[58,52,52,42,39,39,32,21,21,21,40,27,27,26,45,18,54,38,38,38,31,21,40,28,9,9,31,31,24,24,24,24,1,25,25,25,25,15,4,4,4,4,4,4,13,13,20,20,32,36],"gold":91,"neow_bonus":"RANDOM_COMMON_RELIC","is_prod":false,"is_daily":false,"chose_seed":false,"campfire_upgraded":3,"win_rate":0,"timestamp":1550291788,"path_taken":["M","M","M","M","?","R","?","E","T","?","R","E","?","M","R","BOSS","M","M","?","M","M","R","?","M","T","?","R","E","?","M","R","BOSS","M","M","?","M","M","E","?","?","T","M","R","?","$","M","R","BOSS"],"build_version":"2019-01-23","purchased_purges":1,"victory":true,"max_hp_per_floor":[66,66,66,66,66,66,66,66,66,66,66,66,66,66,66,66,66,66,66,66,66,66,66,66,66,66,66,66,66,33,33,33,33,33,33,33,33,33,33,33,33,33,33,33,33,33,40,40,40,40],"card_choices":[{"not_picked":["Slice","Sucker Punch"],"picked":"Backstab","floor":1},{"not_picked":["Sucker Punch","Prepared"],"picked":"Infinite Blades","floor":2},{"not_picked":["Predator","Reflex"],"picked":"Dodge and Roll","floor":3},{"not_picked":["Backflip","All Out Attack"],"picked":"Well Laid Plans","floor":4},{"not_picked":["PiercingWail","Tactician"],"picked":"Dagger Throw","floor":5},{"not_picked":["Acrobatics","Poisoned Stab"],"picked":"Cloak And Dagger","floor":8},{"not_picked":["Dodge and Roll","Blade Dance"],"picked":"Distraction","floor":12},{"not_picked":["Dagger Spray","Cloak And Dagger"],"picked":"Venomology","floor":14},{"not_picked":["Wraith Form v2","Die Die Die"],"picked":"After Image","floor":16},{"not_picked":["Flechettes","Outmaneuver"],"picked":"Blade Dance","floor":18},{"not_picked":["Quick Slash","Backflip"],"picked":"Cloak And Dagger+1","floor":19},{"not_picked":["Expertise","Heel Hook","Quick Slash"],"picked":"SKIP","floor":21},{"not_picked":["Bane","Predator"],"picked":"Cloak And Dagger","floor":22},{"not_picked":["Reflex","Underhanded Strike"],"picked":"Well Laid Plans","floor":24},{"not_picked":["Sucker Punch","Bane"],"picked":"Backflip+1","floor":25},{"not_picked":["Catalyst","Eviscerate"],"picked":"Die Die Die","floor":29},{"not_picked":["Dodge and Roll","Quick Slash"],"picked":"Backflip","floor":31},{"not_picked":["Venomology","Corpse Explosion"],"picked":"Night Terror","floor":33},{"not_picked":["Outmaneuver+1","Acrobatics"],"picked":"Blur","floor":35},{"not_picked":["Well Laid Plans","Bane"],"picked":"Finisher+1","floor":36},{"not_picked":["Heel Hook","Underhanded Strike"],"picked":"Crippling Poison","floor":38},{"not_picked":["Concentrate+1","Tactician"],"picked":"Crippling Poison","floor":39},{"not_picked":["Sucker Punch+1","Underhanded Strike"],"picked":"Crippling Poison+1","floor":40},{"not_picked":["Dagger Spray","Backflip"],"picked":"Cloak And Dagger","floor":42},{"not_picked":["Flying Knee","Predator+1"],"picked":"Escape Plan","floor":44},{"not_picked":["Flash of Steel","PanicButton"],"picked":"Chrysalis","floor":46},{"not_picked":["Well Laid Plans+1","Skewer"],"picked":"Blur+1","floor":48}],"player_experience":563477,"relics_obtained":[{"floor":8,"key":"Oddly Smooth Stone"},{"floor":9,"key":"Happy Flower"},{"floor":12,"key":"Potion Belt"},{"floor":26,"key":"War Paint"},{"floor":29,"key":"Sundial"},{"floor":40,"key":"Lantern"},{"floor":43,"key":"Vajra"}],"event_choices":[{"damage_healed":0,"gold_gain":0,"player_choice":"Success","damage_taken":7,"relics_obtained":["MawBank"],"max_hp_gain":0,"max_hp_loss":0,"event_name":"Scrap Ooze","floor":7,"gold_loss":0},{"damage_healed":0,"gold_gain":0,"cards_transformed":["Strike_G"],"player_choice":"Change","damage_taken":0,"max_hp_gain":0,"max_hp_loss":0,"event_name":"Living Wall","floor":10,"gold_loss":0,"cards_obtained":["Finisher"]},{"damage_healed":0,"gold_gain":0,"player_choice":"Take Wound","damage_taken":0,"relics_obtained":["Golden Idol"],"max_hp_gain":0,"max_hp_loss":0,"event_name":"Golden Idol","floor":13,"gold_loss":0,"cards_obtained":["Injury"]},{"damage_healed":0,"gold_gain":100,"player_choice":"Pray","damage_taken":0,"max_hp_gain":0,"max_hp_loss":0,"event_name":"Golden Shrine","floor":20,"gold_loss":0},{"damage_healed":22,"gold_gain":0,"player_choice":"Heal","damage_taken":0,"max_hp_gain":0,"max_hp_loss":0,"event_name":"The Library","floor":27,"gold_loss":0},{"damage_healed":0,"gold_gain":0,"player_choice":"Became a Ghost","damage_taken":0,"max_hp_gain":0,"max_hp_loss":33,"event_name":"Ghosts","floor":30,"gold_loss":0,"cards_obtained":["Ghostly","Ghostly","Ghostly","Ghostly","Ghostly"]},{"cards_removed":["Strike_G"],"damage_healed":0,"gold_gain":0,"player_choice":"Removed Attack","damage_taken":0,"max_hp_gain":0,"max_hp_loss":0,"event_name":"Falling","floor":37,"gold_loss":0},{"damage_healed":0,"gold_gain":0,"player_choice":"Got Potions","damage_taken":0,"max_hp_gain":0,"max_hp_loss":0,"event_name":"Lab","floor":41,"gold_loss":0},{"damage_healed":0,"gold_gain":0,"player_choice":"Memory 1","damage_taken":0,"max_hp_gain":0,"max_hp_loss":0,"event_name":"SensoryStone","floor":46,"gold_loss":0}],"is_beta":false,"boss_relics":[{"not_picked":["Runic Dome","Snecko Eye"],"picked":"Cursed Key"},{"not_picked":["Lizard Tail","HoveringKite"],"picked":"Ring of the Serpent"}],"items_purged_floors":[47],"is_endless":false,"potions_floor_spawned":[4,5,8,12,16,18,19,24,31,35,39,48],"ascension_level":14}