{"gold_per_floor":[112,129,204,204,129,129,179,179,202,220,31,61,61,86,86,160,160,160,160,160,160,160,160,160,160,160,160,160,160,160,160,160,160],"floor_reached":33,"playtime":1019,"items_purged":["Writhe"],"score":556,"play_id":"aa219d2e-6ab0-482e-84ee-c8d779447dc0","local_time":"20181029030642","is_ascension_mode":true,"campfire_choices":[{"data":"Dagger Spray","floor":6,"key":"SMITH"},{"data":"Infinite Blades","floor":8,"key":"SMITH"},{"data":"Blade Dance","floor":15,"key":"SMITH"},{"data":"Cloak And Dagger","floor":23,"key":"SMITH"},{"data":"Infinite Blades","floor":25,"key":"SMITH"},{"floor":32,"key":"REST"}],"neow_cost":"NONE","seed_source_timestamp":170478548366067,"circlet_count":0,"master_deck":["Survivor","Neutralize","AscendersBane","Slice","Dagger Spray","Cloak And Dagger","Dagger Throw","Masterful Stab","Distraction","Infinite Blades+1","Expertise","Outmaneuver","Quick Slash","Choke","Dagger Spray+1","Blade Dance+1","Terror","Flash of Steel","Escape Plan","Adrenaline","Adrenaline","Cloak And Dagger+1","Cloak And Dagger+1","Infinite Blades+1","Finisher+1"],"relics":["Pandora\u0027s Box","Anchor","Bag of Preparation","Mummified Hand","Paper Crane","Ectoplasm","MutagenicStrength","Smiling Mask","Molten Egg 2"],"potions_floor_usage":[12,22,33,33],"damage_taken":[{"damage":10,"enemies":"Small Slimes","floor":1,"turns":3},{"damage":3,"enemies":"2 Louse","floor":2,"turns":2},{"damage":0,"enemies":"Cultist","floor":10,"turns":2},{"damage":10,"enemies":"3 Sentries","floor":12,"turns":4},{"damage":0,"enemies":"Gremlin Nob","floor":14,"turns":2},{"damage":12,"enemies":"Slime Boss","floor":16,"turns":6},{"damage":1,"enemies":"Chosen","floor":18,"turns":3},{"damage":0,"enemies":"3 Byrds","floor":20,"turns":2},{"damage":0,"enemies":"Snake Plant","floor":21,"turns":1},{"damage":0,"enemies":"Shelled Parasite and Fungi","floor":22,"turns":2},{"damage":0,"enemies":"3 Cultists","floor":27,"turns":2},{"damage":10,"enemies":"Cultist and Chosen","floor":30,"turns":4},{"damage":55,"enemies":"Champ","floor":33,"turns":4}],"seed_played":"1051525938825840232","potions_obtained":[{"floor":12,"key":"Fruit Juice"},{"floor":14,"key":"Swift Potion"},{"floor":18,"key":"Energy Potion"},{"floor":27,"key":"SpeedPotion"}],"is_trial":false,"path_per_floor":["M","M","?","?","$","R","?","R","T","M","$","E","T","E","R","B",null,"M","?","M","M","M","R","?","R","T","M","?","T","M","$","R"],"character_chosen":"THE_SILENT","items_purchased":["Terror","Flash of Steel"],"campfire_rested":1,"item_purchase_floors":[11,11],"current_hp_per_floor":[49,46,35,35,35,35,35,35,35,35,35,30,30,30,30,18,58,57,57,57,57,57,57,57,57,57,57,37,37,27,27,49,0],"gold":160,"neow_bonus":"BOSS_RELIC","is_prod":false,"is_daily":false,"chose_seed":false,"campfire_upgraded":5,"win_rate":0,"timestamp":1540800402,"path_taken":["M","M","?","?","?","R","?","R","T","M","$","E","?","E","R","BOSS","M","?","M","M","M","R","?","R","T","M","?","?","M","$","R","BOSS"],"build_version":"2018-10-25v2","purchased_purges":1,"victory":false,"max_hp_per_floor":[66,66,66,66,66,66,66,66,66,66,66,71,71,71,71,71,71,71,71,71,71,71,71,71,71,71,71,76,76,76,76,76,76],"card_choices":[{"not_picked":["Sucker Punch","Flying Knee"],"picked":"Choke","floor":1},{"not_picked":["Poisoned Stab","PiercingWail"],"picked":"Dagger Spray","floor":2},{"not_picked":["Grand Finale","Underhanded Strike"],"picked":"Blade Dance","floor":10},{"not_picked":["Dagger Throw","Deadly Poison"],"picked":"Escape Plan","floor":12},{"not_picked":["Reflex","Flying Knee"],"picked":"Adrenaline","floor":14},{"not_picked":["Doppelganger","Night Terror"],"picked":"Adrenaline","floor":16},{"not_picked":["Endless Agony","Tactician","Deadly Poison"],"picked":"SKIP","floor":18},{"not_picked":["Masterful Stab","Prepared","Dagger Throw"],"picked":"SKIP","floor":20},{"not_picked":["Riddle With Holes","Prepared"],"picked":"Cloak And Dagger","floor":21},{"not_picked":["Masterful Stab","Night Terror"],"picked":"Cloak And Dagger+1","floor":22},{"not_picked":["Dodge and Roll","Sucker Punch","Concentrate"],"picked":"SKIP","floor":27},{"not_picked":["Expertise","Deadly Poison"],"picked":"Finisher+1","floor":30}],"player_experience":719264,"relics_obtained":[{"floor":9,"key":"Anchor"},{"floor":12,"key":"Bag of Preparation"},{"floor":13,"key":"Mummified Hand"},{"floor":14,"key":"Paper Crane"},{"floor":26,"key":"Smiling Mask"},{"floor":29,"key":"Molten Egg 2"}],"event_choices":[{"damage_healed":0,"gold_gain":75,"player_choice":"Gather Gold","damage_taken":11,"max_hp_gain":0,"max_hp_loss":0,"event_name":"World of Goop","floor":3,"gold_loss":0},{"damage_healed":0,"gold_gain":0,"player_choice":"1 cards matched","damage_taken":0,"max_hp_gain":0,"max_hp_loss":0,"event_name":"Match and Keep!","floor":4,"gold_loss":0,"cards_obtained":["Writhe"]},{"damage_healed":0,"gold_gain":100,"player_choice":"Pray","damage_taken":0,"max_hp_gain":0,"max_hp_loss":0,"event_name":"Golden Shrine","floor":7,"gold_loss":0},{"damage_healed":0,"gold_gain":0,"player_choice":"Inject Mutagens","damage_taken":0,"relics_obtained":["MutagenicStrength"],"max_hp_gain":0,"max_hp_loss":0,"event_name":"Drug Dealer","floor":19,"gold_loss":0},{"damage_healed":0,"gold_gain":0,"player_choice":"Read","damage_taken":0,"max_hp_gain":0,"max_hp_loss":0,"event_name":"The Library","floor":24,"gold_loss":0,"cards_obtained":["Infinite Blades"]},{"damage_healed":0,"gold_gain":0,"player_choice":"Shed Blood","damage_taken":25,"max_hp_gain":5,"max_hp_loss":0,"event_name":"Forgotten Altar","floor":28,"gold_loss":0}],"is_beta":true,"boss_relics":[{"not_picked":["Orrery","Black Star"],"picked":"Ectoplasm"}],"items_purged_floors":[5],"is_endless":false,"potions_floor_spawned":[12,14,18,20,27],"killed_by":"Champ","ascension_level":20}