{"gold_per_floor":[114,114,114,129,129,159,174,174,174,204,219,234,234,249,249,349,349,364,324,101,116,131,161,161,176,176,82,112,112,212,227,227,327,327,342,342,23,38,53,83,83,98,98,113,11,41,41,71,71,71],"floor_reached":51,"playtime":2034,"items_purged":[],"score":912,"play_id":"2e7b9a23-70d3-4684-aac8-7b7e6e7b0a95","local_time":"20181107173324","daily_mods":["Allstar","ControlledChaos","Careless"],"is_ascension_mode":false,"campfire_choices":[{"data":"Mind Blast","floor":8,"key":"SMITH"},{"data":"Immolate","floor":15,"key":"SMITH"},{"data":"Impervious","floor":24,"key":"SMITH"},{"data":"1","floor":32,"key":"LIFT"},{"data":"2","floor":41,"key":"LIFT"},{"data":"3","floor":47,"key":"LIFT"},{"data":"Corruption","floor":49,"key":"SMITH"}],"neow_cost":"","seed_source_timestamp":0,"circlet_count":0,"master_deck":["Strike_R","Strike_R","Strike_R","Strike_R","Defend_R+1","Defend_R","Defend_R","Defend_R+1","Bash+1","Enlightenment","Thinking Ahead+1","Metamorphosis+1","Mind Blast+1","Mind Blast+1","Heavy Blade","Pommel Strike","Pommel Strike","Immolate+1","True Grit","Iron Wave","Flame Barrier","Pommel Strike","Limit Break","Infernal Blade+1","Shrug It Off","Armaments","Shockwave","Anger","Impervious+1","Armaments","Feel No Pain","True Grit","Perfected Strike+1","Corruption+1","Iron Wave+1","Offering","Flex","Double Tap","Feel No Pain","Sword Boomerang","Flex","Clash+1","Inflame+1","Twin Strike","Reckless Charge","Spot Weakness+1","Feel No Pain","Havoc","Sentinel","Hemokinesis+1"],"special_seed":17842,"relics":["Burning Blood","Frozen Eye","Singing Bowl","War Paint","Bottled Lightning","Thread and Needle","Busted Crown","Bronze Scales","Calipers","Mummified Hand","Dream Catcher","Oddly Smooth Stone","Girya","Pear","Eternal Feather","Bag of Preparation","Blue Candle","Ginger","Matryoshka","PreservedInsect"],"potions_floor_usage":[16,50,50,50],"damage_taken":[{"damage":7,"enemies":"Small Slimes","floor":1,"turns":3},{"damage":0,"enemies":"Cultist","floor":4,"turns":2},{"damage":18,"enemies":"Gremlin Nob","floor":6,"turns":4},{"damage":0,"enemies":"Jaw Worm","floor":7,"turns":1},{"damage":24,"enemies":"Lagavulin","floor":10,"turns":6},{"damage":0,"enemies":"Exordium Wildlife","floor":11,"turns":1},{"damage":4,"enemies":"Gremlin Gang","floor":12,"turns":3},{"damage":1,"enemies":"3 Louse","floor":14,"turns":2},{"damage":4,"enemies":"Slime Boss","floor":16,"turns":5},{"damage":1,"enemies":"2 Thieves","floor":18,"turns":3},{"damage":0,"enemies":"Shell Parasite","floor":21,"turns":2},{"damage":6,"enemies":"Shelled Parasite and Fungi","floor":22,"turns":4},{"damage":4,"enemies":"Gremlin Leader","floor":23,"turns":6},{"damage":0,"enemies":"Snecko","floor":25,"turns":2},{"damage":8,"enemies":"Book of Stabbing","floor":28,"turns":3},{"damage":3,"enemies":"Colosseum Slavers","floor":30,"turns":2},{"damage":0,"enemies":"Colosseum Nobs","floor":30,"turns":3},{"damage":16,"enemies":"3 Cultists","floor":31,"turns":4},{"damage":0,"enemies":"Automaton","floor":33,"turns":8},{"damage":0,"enemies":"3 Darklings","floor":35,"turns":3},{"damage":0,"enemies":"3 Shapes","floor":38,"turns":2},{"damage":0,"enemies":"Spire Growth","floor":39,"turns":3},{"damage":27,"enemies":"Reptomancer","floor":40,"turns":3},{"damage":6,"enemies":"Maw","floor":42,"turns":5},{"damage":0,"enemies":"Transient","floor":44,"turns":5},{"damage":6,"enemies":"Nemesis","floor":46,"turns":1},{"damage":30,"enemies":"Reptomancer","floor":48,"turns":4},{"damage":42,"enemies":"Time Eater","floor":50,"turns":9}],"seed_played":"-6234912146634211093","potions_obtained":[{"floor":1,"key":"LiquidBronze"},{"floor":10,"key":"GamblersBrew"},{"floor":11,"key":"PowerPotion"},{"floor":16,"key":"Ancient Potion"},{"floor":18,"key":"SpeedPotion"},{"floor":48,"key":"Strength Potion"}],"is_trial":false,"path_per_floor":["M","?","?","M","?","E","M","R","T","E","M","M","T","M","R","B",null,"M","?","$","M","M","E","R","M","T","$","E","?","?","M","R","B",null,"M","?","$","M","M","E","R","M","T","M","$","E","R","E","R","B",null],"character_chosen":"IRONCLAD","items_purchased":["Bronze Scales","Shrug It Off","Armaments","Feel No Pain","True Grit","Feel No Pain","Bag of Preparation","Sword Boomerang","Flex","Feel No Pain","Havoc"],"campfire_rested":0,"item_purchase_floors":[20,20,20,27,27,37,37,37,37,45,45],"current_hp_per_floor":[79,63,63,69,69,57,63,63,63,45,51,53,53,58,58,60,80,80,80,80,80,80,80,80,80,80,80,78,78,90,80,80,86,90,90,90,90,90,90,69,90,90,90,90,90,90,90,66,90,54],"gold":71,"neow_bonus":"","is_prod":false,"is_daily":true,"chose_seed":false,"campfire_upgraded":4,"win_rate":0,"timestamp":1541608404,"path_taken":["M","?","?","M","?","E","M","R","T","E","?","M","?","M","R","BOSS","M","?","$","M","?","E","R","M","T","$","E","?","?","M","R","BOSS","M","?","$","M","M","E","R","M","T","?","$","E","R","E","R","BOSS"],"build_version":"2018-11-01","purchased_purges":0,"victory":true,"max_hp_per_floor":[80,80,80,80,80,80,80,80,80,80,80,80,80,80,80,80,80,80,80,80,80,80,80,80,80,80,80,80,80,90,90,90,90,90,90,90,90,90,90,90,90,90,90,90,90,90,90,90,90,90],"card_choices":[{"not_picked":["Cleave","Wild Strike"],"picked":"Heavy Blade","floor":1},{"not_picked":["Twin Strike","Bloodletting"],"picked":"Pommel Strike","floor":4},{"not_picked":["Warcry","Havoc"],"picked":"Pommel Strike","floor":6},{"not_picked":["Iron Wave","Sword Boomerang"],"picked":"Immolate","floor":7},{"not_picked":["Sword Boomerang","Clothesline"],"picked":"True Grit","floor":10},{"not_picked":["Wild Strike","Bloodletting"],"picked":"Iron Wave","floor":11},{"not_picked":["Sword Boomerang","Armaments"],"picked":"Flame Barrier","floor":12},{"not_picked":["Iron Wave","Wild Strike"],"picked":"Pommel Strike","floor":14},{"not_picked":["Fiend Fire","Juggernaut"],"picked":"Limit Break","floor":16},{"not_picked":[],"picked":"Infernal Blade+1","floor":18},{"not_picked":[],"picked":"Shockwave","floor":21},{"not_picked":[],"picked":"Anger","floor":22},{"not_picked":[],"picked":"Impervious","floor":23},{"not_picked":[],"picked":"Armaments","floor":25},{"not_picked":[],"picked":"Perfected Strike+1","floor":28},{"not_picked":[],"picked":"Corruption","floor":30},{"not_picked":[],"picked":"Iron Wave+1","floor":31},{"not_picked":[],"picked":"Offering","floor":33},{"not_picked":[],"picked":"Flex","floor":35},{"not_picked":[],"picked":"Clash+1","floor":38},{"not_picked":[],"picked":"Inflame+1","floor":39},{"not_picked":[],"picked":"Twin Strike","floor":40},{"not_picked":[],"picked":"Reckless Charge","floor":42},{"not_picked":[],"picked":"Spot Weakness+1","floor":44},{"not_picked":[],"picked":"Sentinel","floor":46},{"not_picked":[],"picked":"Hemokinesis+1","floor":48}],"player_experience":1609753,"relics_obtained":[{"floor":6,"key":"Singing Bowl"},{"floor":9,"key":"War Paint"},{"floor":10,"key":"Bottled Lightning"},{"floor":13,"key":"Thread and Needle"},{"floor":23,"key":"Calipers"},{"floor":26,"key":"Mummified Hand"},{"floor":28,"key":"Dream Catcher"},{"floor":30,"key":"Girya"},{"floor":30,"key":"Pear"},{"floor":40,"key":"Blue Candle"},{"floor":43,"key":"Ginger"},{"floor":46,"key":"Matryoshka"},{"floor":48,"key":"PreservedInsect"}],"event_choices":[{"damage_healed":0,"gold_gain":0,"player_choice":"Entered Light","damage_taken":16,"max_hp_gain":0,"max_hp_loss":0,"event_name":"Shining Light","floor":2,"gold_loss":0,"cards_upgraded":["Thinking Ahead","Defend_R"]},{"damage_healed":0,"gold_gain":0,"player_choice":"Grow","damage_taken":0,"max_hp_gain":0,"max_hp_loss":0,"event_name":"Living Wall","floor":3,"gold_loss":0,"cards_upgraded":["Mind Blast"]},{"damage_healed":0,"gold_gain":0,"player_choice":"Ignored","damage_taken":0,"max_hp_gain":0,"max_hp_loss":0,"event_name":"Purifier","floor":5,"gold_loss":0},{"damage_healed":0,"gold_gain":0,"player_choice":"Upgrade","damage_taken":0,"max_hp_gain":0,"max_hp_loss":0,"event_name":"Designer","floor":19,"gold_loss":40,"cards_upgraded":["Bash"]},{"damage_healed":0,"gold_gain":0,"player_choice":"Opened","damage_taken":0,"relics_obtained":["Oddly Smooth Stone"],"max_hp_gain":0,"max_hp_loss":0,"event_name":"The Mausoleum","floor":29,"gold_loss":0},{"damage_healed":0,"gold_gain":0,"player_choice":"Fight","damage_taken":0,"max_hp_gain":0,"max_hp_loss":0,"event_name":"Colosseum","floor":30,"gold_loss":0},{"damage_healed":0,"gold_gain":0,"player_choice":"Fought Nobs","damage_taken":0,"max_hp_gain":0,"max_hp_loss":0,"event_name":"Colosseum","floor":30,"gold_loss":0},{"damage_healed":0,"gold_gain":0,"cards_transformed":["Strike_R"],"player_choice":"Transformed","damage_taken":0,"max_hp_gain":0,"max_hp_loss":0,"event_name":"Transmorgrifier","floor":36,"gold_loss":0,"cards_obtained":["Double Tap"]}],"is_beta":false,"boss_relics":[{"not_picked":["Tiny House","Runic Pyramid"],"picked":"Busted Crown"},{"not_picked":["White Beast Statue","Philosopher\u0027s Stone"],"picked":"Eternal Feather"}],"items_purged_floors":[],"is_endless":false,"potions_floor_spawned":[1,10,11,16,18,28,30,31,33,38,42,46,48],"ascension_level":0}