{"path_per_floor":["M","?","$","M","?","R","E","R","T","R","E","?","?","M","R","B",null,"M","M","M","?","?","R","$","E","T","R","$","M","T","M","R","B",null,"M","$","?","T","M","R","M","R","T","?","M","R","?","$","R","B"],"character_chosen":"IRONCLAD","items_purchased":["Mind Blast","Gremlin Horn","Havoc+1","Rampage"],"gold_per_floor":[113,113,14,32,32,32,67,67,67,67,100,100,153,172,172,276,276,288,303,321,321,321,321,46,75,75,75,0,16,16,36,36,135,135,148,48,48,48,67,67,80,80,105,105,125,125,125,44,44,44],"floor_reached":51,"campfire_rested":3,"playtime":5214,"item_purchase_floors":[3,24,24,48],"current_hp_per_floor":[80,80,80,80,73,73,76,76,76,76,61,61,61,67,80,47,80,80,71,74,74,74,80,80,80,80,80,80,80,80,80,80,17,80,80,80,70,70,76,83,84,87,87,87,87,87,80,80,87,28],"items_purged":["Feel No Pain","Defend_R+1"],"gold":44,"score":844,"play_id":"dfe379e7-5e79-4e33-abbe-2f578f064549","local_time":"20180611233030","is_prod":false,"is_daily":false,"chose_seed":false,"is_ascension_mode":false,"campfire_upgraded":8,"win_rate":0,"timestamp":1528777830,"campfire_choices":[{"data":"Mind Blast","floor":6,"key":"SMITH"},{"data":"Infernal Blade","floor":8,"key":"SMITH"},{"data":"Bash","floor":10,"key":"SMITH"},{"floor":15,"key":"REST"},{"data":"Flash of Steel","floor":23,"key":"SMITH"},{"data":"Clash","floor":27,"key":"SMITH"},{"data":"Clash","floor":32,"key":"SMITH"},{"data":"Feed","floor":40,"key":"SMITH"},{"floor":42,"key":"REST"},{"floor":46,"key":"REST"},{"data":"Rampage","floor":49,"key":"SMITH"}],"path_taken":["M","?","?","?","?","R","E","R","T","R","E","?","?","M","R","BOSS","M","M","M","?","?","R","$","E","T","R","$","M","?","M","R","BOSS","M","?","?","?","M","R","M","R","T","?","M","R","?","$","R","BOSS"],"build_version":"2018-06-08","seed_source_timestamp":617466461330629,"purchased_purges":2,"victory":true,"master_deck":["Strike_R+1","Strike_R+1","Strike_R+1","Strike_R+1","Defend_R+1","Defend_R+1","Defend_R+1","Bash+1","Clash+1","Flash of Steel+1","Mind Blast+1","Infernal Blade+1","Clash+1","Rage+1","Double Tap+1","Havoc+1","Battle Trance+1","Feed+1","Madness+1","Madness+1","Iron Wave+1","Rampage+1"],"max_hp_per_floor":[80,80,80,80,80,80,80,80,80,80,80,80,80,80,80,80,80,80,80,80,80,80,80,80,80,80,80,80,80,80,80,80,80,80,80,80,80,80,83,83,87,87,87,87,87,87,87,87,87,87],"relics":["Black Blood","Toxic Egg 2","Mummified Hand","Toolbox","Omamori","Eternal Feather","Gremlin Horn","Vajra","Question Card","Shuriken","Bottled Flame","Juzu Bracelet","Charon\u0027s Ashes"],"card_choices":[{"not_picked":["Clothesline","Wild Strike"],"picked":"Clash","floor":1},{"not_picked":["Flame Barrier","Iron Wave"],"picked":"Infernal Blade","floor":4},{"not_picked":["Evolve","Hemokinesis"],"picked":"Clash","floor":7},{"not_picked":["Armaments+1","Perfected Strike"],"picked":"Rage+1","floor":11},{"not_picked":["Reckless Charge","Headbutt","Armaments+1"],"picked":"SKIP","floor":14},{"not_picked":["Fiend Fire","Limit Break+1"],"picked":"Double Tap+1","floor":16},{"not_picked":["Wild Strike","Clothesline","Heavy Blade+1"],"picked":"SKIP","floor":18},{"not_picked":["Armaments+1","Dropkick","Dual Wield+1"],"picked":"SKIP","floor":19},{"not_picked":["Bloodletting+1","Shrug It Off+1","Dropkick"],"picked":"SKIP","floor":20},{"not_picked":["Combust","Flex+1","Brutality"],"picked":"SKIP","floor":25},{"not_picked":["Clothesline","Perfected Strike","Rupture","Iron Wave"],"picked":"SKIP","floor":29},{"not_picked":["Perfected Strike","Headbutt","Spot Weakness+1"],"picked":"Battle Trance+1","floor":31},{"not_picked":["Berserk","Bludgeon","Brutality"],"picked":"Feed","floor":33},{"not_picked":["Pommel Strike","Blood for Blood","Havoc+1","Armaments+1"],"picked":"SKIP","floor":35},{"not_picked":["Seeing Red+1","Combust","Havoc+1"],"picked":"Iron Wave+1","floor":39},{"not_picked":["True Grit+1","Clothesline+1","Anger+1","Pommel Strike+1"],"picked":"SKIP","floor":41},{"not_picked":["Wild Strike+1","Power Through+1","Barricade","Feel No Pain+1"],"picked":"SKIP","floor":45}],"player_experience":200087,"potions_floor_usage":[16,16,25,41,47,50,50],"damage_taken":[{"damage":6,"enemies":"Jaw Worm","floor":1,"turns":4},{"damage":0,"enemies":"Cultist","floor":4,"turns":3},{"damage":3,"enemies":"Gremlin Nob","floor":7,"turns":3},{"damage":21,"enemies":"Lagavulin","floor":11,"turns":4},{"damage":0,"enemies":"Small Slimes","floor":14,"turns":1},{"damage":53,"enemies":"The Guardian","floor":16,"turns":7},{"damage":5,"enemies":"2 Thieves","floor":18,"turns":4},{"damage":15,"enemies":"Chosen","floor":19,"turns":4},{"damage":3,"enemies":"Centurion and Healer","floor":20,"turns":4},{"damage":0,"enemies":"Slavers","floor":25,"turns":1},{"damage":0,"enemies":"Snecko","floor":29,"turns":2},{"damage":0,"enemies":"Snake Plant","floor":31,"turns":2},{"damage":69,"enemies":"Champ","floor":33,"turns":8},{"damage":0,"enemies":"Flame Bruiser 1 Orb","floor":35,"turns":3},{"damage":7,"enemies":"Orb Walker","floor":39,"turns":2},{"damage":13,"enemies":"Sphere and 2 Shapes","floor":41,"turns":3},{"damage":2,"enemies":"Transient","floor":45,"turns":5},{"damage":17,"floor":47,"turns":2},{"damage":69,"enemies":"Awakened One","floor":50,"turns":9}],"relics_obtained":[{"floor":7,"key":"Mummified Hand"},{"floor":9,"key":"Toolbox"},{"floor":11,"key":"Omamori"},{"floor":25,"key":"Vajra"},{"floor":26,"key":"Question Card"},{"floor":30,"key":"Shuriken"},{"floor":38,"key":"Bottled Flame"},{"floor":43,"key":"Juzu Bracelet"},{"floor":47,"key":"Charon\u0027s Ashes"}],"event_choices":[{"event_name":"Match and Keep!","player_choice":"1 cards matched","floor":2,"damage_taken":0},{"event_name":"Scrap Ooze","player_choice":"success","floor":5,"damage_taken":7},{"event_name":"Liars Game","player_choice":"disagreed","floor":12,"damage_taken":0},{"event_name":"Golden Wing","player_choice":"Gained Gold","floor":13,"damage_taken":0},{"event_name":"Back to Basics","player_choice":"Simplicity","floor":21,"damage_taken":0},{"event_name":"Transmorgrifier","player_choice":"Transform","floor":22,"damage_taken":0},{"event_name":"Winding Halls","player_choice":"Embrace Madness","floor":37,"damage_taken":0},{"event_name":"The Lab","player_choice":"Got Potions","floor":44,"damage_taken":0},{"event_name":"MindBloom","player_choice":"Fight","floor":47,"damage_taken":0}],"boss_relics":[{"not_picked":["Philosopher\u0027s Stone","Ectoplasm"],"picked":"Eternal Feather"},{"not_picked":["Orrery","Sozu"],"picked":"Black Blood"}],"items_purged_floors":[28,36],"potions_floor_spawned":[4,14,16,19,20,25,31,35,39,45],"seed_played":"8161998862449696180","ascension_level":0,"potions_obtained":[{"floor":4,"key":"Regen Potion"},{"floor":14,"key":"AttackPotion"},{"floor":16,"key":"Swift Potion"},{"floor":19,"key":"SpeedPotion"},{"floor":20,"key":"AttackPotion"},{"floor":25,"key":"Poison Potion"},{"floor":35,"key":"Dexterity Potion"},{"floor":44,"key":"AttackPotion"},{"floor":44,"key":"Energy Potion"}],"is_trial":false}