{"gold_per_floor":[116,116,132,151,165,165,199,224,247,307,322,322,322,357,357,458,458,472,492,238,238,313,313,345,9,9,9,21,21,49,49,49,144,144,154,154,254,254,266,266,266,266,266,286,38,38,55,55,55,55],"floor_reached":51,"playtime":16868,"items_purged":["Strike_B"],"score":664,"play_id":"55ad88f8-7d7e-4b82-8af8-a4c578d32cb0","local_time":"20190112235757","is_ascension_mode":false,"campfire_choices":[{"data":"Sunder","floor":6.0,"key":"SMITH"},{"data":"Beam Cell","floor":12,"key":"SMITH"},{"floor":15,"key":"REST"},{"data":"Glacier","floor":23,"key":"SMITH"},{"floor":27,"key":"REST"},{"floor":32,"key":"REST"},{"floor":40,"key":"REST"},{"floor":42,"key":"REST"},{"floor":46,"key":"REST"},{"floor":49,"key":"REST"}],"neow_cost":"NONE","seed_source_timestamp":0,"circlet_count":0,"master_deck":["Strike_B+1","Strike_B","Defend_B","Defend_B","Defend_B","Zap+1","Dualcast+1","Rebound+1","Self Repair","Leap","Sunder+1","Glacier+1","Beam Cell+1","Conserve Battery","Compile Driver","Seek","Steam","Ball Lightning","Streamline","Electrodynamics","Steam Power+1","Secret Technique","Chill+1","Creative AI","Undo+1","Go for the Eyes+1","Glacier+1","Reinforced Body"],"special_seed":0,"relics":["Cracked Core","Whetstone","Odd Mushroom","PreservedInsect","War Paint","Bottled Lightning","Black Star","Bag of Marbles","Dodecahedron","Molten Egg 2","Ornamental Fan","Shuriken","Ginger","Fusion Hammer","Thread and Needle","Symbiotic Virus","Kunai"],"potions_floor_usage":[18,19,19,30,33,44,44,44,50],"damage_taken":[{"damage":5.0,"enemies":"Small Slimes","floor":1.0,"turns":3.0},{"damage":6.0,"enemies":"Jaw Worm","floor":3.0,"turns":2.0},{"damage":0.0,"enemies":"2 Louse","floor":4.0,"turns":2.0},{"damage":0.0,"enemies":"2 Fungi Beasts","floor":5.0,"turns":3.0},{"damage":1.0,"enemies":"Gremlin Nob","floor":7.0,"turns":3.0},{"damage":10.0,"enemies":"The Mushroom Lair","floor":8.0,"turns":4.0},{"damage":0.0,"enemies":"Lagavulin Event","floor":10.0,"turns":2.0},{"damage":0,"enemies":"Looter","floor":11,"turns":2},{"damage":18,"enemies":"Lagavulin","floor":14,"turns":3},{"damage":5,"enemies":"Slime Boss","floor":16,"turns":10},{"damage":1,"enemies":"Spheric Guardian","floor":18,"turns":5},{"damage":5,"enemies":"3 Byrds","floor":19,"turns":3},{"damage":22,"enemies":"Book of Stabbing","floor":24,"turns":5},{"damage":0,"enemies":"Centurion and Healer","floor":28,"turns":3},{"damage":8,"enemies":"Gremlin Leader","floor":30,"turns":5},{"damage":28,"enemies":"Collector","floor":33,"turns":8},{"damage":0,"enemies":"3 Shapes","floor":35,"turns":3},{"damage":0,"enemies":"Mind Bloom Boss Battle","floor":37,"turns":8},{"damage":0,"enemies":"3 Darklings","floor":39,"turns":5},{"damage":0,"enemies":"Transient","floor":44,"turns":5},{"damage":4,"enemies":"Writhing Mass","floor":47,"turns":10},{"damage":31,"enemies":"Time Eater","floor":50,"turns":17}],"seed_played":"5779040097475839762","potions_obtained":[{"floor":1.0,"key":"LiquidBronze"},{"floor":8.0,"key":"AttackPotion"},{"floor":14,"key":"EssenceOfSteel"},{"floor":16,"key":"FearPotion"},{"floor":18,"key":"Energy Potion"},{"floor":33,"key":"Strength Potion"},{"floor":37,"key":"AttackPotion"},{"floor":39,"key":"Dexterity Potion"},{"floor":44,"key":"Ancient Potion"}],"is_trial":false,"path_per_floor":["M","?","M","M","M","R","E","?","T","?","M","R","?","E","R","B",null,"M","M","$","?","?","R","E","$","T","R","M","$","E","?","R","B",null,"M","?","?","?","M","R","?","R","T","M","$","R","M","$","R","B",null],"character_chosen":"DEFECT","items_purchased":["Streamline","Bag of Marbles","EssenceOfSteel","Secret Technique","FocusPotion","Kunai"],"campfire_rested":7,"item_purchase_floors":[20,20,25,25,25,45],"current_hp_per_floor":[70,70,64,71,71,71,70,67,67,67,67,67,67,56,75,70,75,75,75,75,75,68,68,53,53,53,75,75,75,67,67,75,54,75,75,75,75,75,75,75,75,75,75,75,75,75,75,75,75,51],"gold":55,"neow_bonus":"REMOVE_CARD","is_prod":false,"is_daily":false,"chose_seed":false,"campfire_upgraded":3,"win_rate":0,"timestamp":1547359077,"path_taken":["M","?","M","M","M","R","E","?","T","?","M","R","?","E","R","BOSS","M","M","$","?","?","R","E","$","T","R","?","?","E","?","R","BOSS","M","?","?","?","?","R","?","R","T","M","?","R","M","$","R","BOSS"],"build_version":"2019-01-10","purchased_purges":1,"victory":true,"max_hp_per_floor":[75,75,75,75,75,75,75,75,75,75,75,75,75,75,75,75,75,75,75,75,75,75,75,75,75,75,75,75,75,75,75,75,75,75,75,75,75,75,75,75,75,75,75,75,75,75,75,75,75,75],"card_choices":[{"not_picked":["Reprogram","Hologram"],"picked":"Rebound","floor":1.0},{"not_picked":["Stack","Compile Driver"],"picked":"Self Repair","floor":3.0},{"not_picked":["Reinforced Body","Conserve Battery"],"picked":"Leap","floor":4.0},{"not_picked":["Steam","Hologram"],"picked":"Sunder","floor":5.0},{"not_picked":["Reinforced Body","Stack"],"picked":"Glacier","floor":7.0},{"not_picked":["Steam Power","Doom and Gloom"],"picked":"Beam Cell","floor":8.0},{"not_picked":["Redo","Hologram"],"picked":"Conserve Battery","floor":11},{"not_picked":["Gash","Lockon"],"picked":"Compile Driver","floor":14},{"not_picked":["Rainbow","Reboot"],"picked":"Seek","floor":16},{"not_picked":["Stack+1","Barrage"],"picked":"Steam","floor":18},{"not_picked":["Leap","Recycle"],"picked":"Ball Lightning","floor":19},{"not_picked":["Darkness","Scrape"],"picked":"Steam Power+1","floor":24},{"not_picked":["Hello World+1","Sweeping Beam+1","Rebound+1"],"picked":"SKIP","floor":28},{"not_picked":["Core Surge+1","Ball Lightning+1"],"picked":"Chill+1","floor":30},{"not_picked":["Reboot","Meteor Strike+1"],"picked":"Creative AI","floor":33},{"not_picked":["Force Field+1","Beam Cell+1"],"picked":"Undo+1","floor":35},{"not_picked":["Aggregate","Stack"],"picked":"Go for the Eyes+1","floor":37},{"not_picked":["Gash+1","Rip and Tear+1"],"picked":"Reinforced Body","floor":39},{"not_picked":["Chill","Skim+1","Fusion"],"picked":"SKIP","floor":44},{"not_picked":["Compile Driver+1","Darkness","Thunder Strike+1"],"picked":"SKIP","floor":47}],"player_experience":582808,"relics_obtained":[{"floor":7.0,"key":"Whetstone"},{"floor":8.0,"key":"Odd Mushroom"},{"floor":9.0,"key":"PreservedInsect"},{"floor":10,"key":"War Paint"},{"floor":14,"key":"Bottled Lightning"},{"floor":24,"key":"Dodecahedron"},{"floor":24,"key":"Molten Egg 2"},{"floor":26,"key":"Ornamental Fan"},{"floor":30,"key":"Shuriken"},{"floor":30,"key":"Ginger"},{"floor":37,"key":"Thread and Needle"},{"floor":43,"key":"Symbiotic Virus"}],"event_choices":[{"damage_healed":0.0,"max_hp_gain":0.0,"max_hp_loss":0.0,"gold_gain":0.0,"event_name":"Liars Game","player_choice":"Ignored","floor":2.0,"gold_loss":0.0,"damage_taken":0.0},{"damage_healed":0.0,"max_hp_gain":0.0,"max_hp_loss":0.0,"gold_gain":0.0,"event_name":"Mushrooms","player_choice":"Fought Mushrooms","floor":8.0,"gold_loss":0.0,"damage_taken":0.0},{"damage_healed":0.0,"max_hp_gain":0.0,"max_hp_loss":0.0,"gold_gain":0.0,"event_name":"Dead Adventurer","player_choice":"Searched \u00271\u0027 times","floor":10.0,"gold_loss":0.0,"damage_taken":0.0},{"damage_healed":0,"gold_gain":0,"player_choice":"Ignored","damage_taken":0,"max_hp_gain":0,"max_hp_loss":0,"event_name":"Shining Light","floor":13,"gold_loss":0},{"damage_healed":0,"gold_gain":0,"player_choice":"Read","damage_taken":0,"max_hp_gain":0,"max_hp_loss":0,"event_name":"The Library","floor":21,"gold_loss":0,"cards_obtained":["Electrodynamics"]},{"damage_healed":0,"gold_gain":75,"player_choice":"Touch","damage_taken":7,"max_hp_gain":0,"max_hp_loss":0,"event_name":"FaceTrader","floor":22,"gold_loss":0},{"cards_removed":["Strike_B"],"damage_healed":0,"gold_gain":0,"player_choice":"Removed Attack","damage_taken":0,"max_hp_gain":0,"max_hp_loss":0,"event_name":"Falling","floor":36,"gold_loss":0},{"damage_healed":0,"gold_gain":0,"player_choice":"Fight","damage_taken":0,"max_hp_gain":0,"max_hp_loss":0,"event_name":"MindBloom","floor":37,"gold_loss":0},{"damage_healed":0,"gold_gain":0,"player_choice":"Copied","damage_taken":0,"max_hp_gain":0,"max_hp_loss":0,"event_name":"Duplicator","floor":38,"gold_loss":0,"cards_obtained":["Glacier"]},{"damage_healed":0,"gold_gain":0,"player_choice":"Ignored","damage_taken":0,"max_hp_gain":0,"max_hp_loss":0,"event_name":"Mysterious Sphere","floor":41,"gold_loss":0}],"is_beta":true,"boss_relics":[{"not_picked":["Snecko Eye","Orrery"],"picked":"Black Star"},{"not_picked":["Velvet Choker","Tiny House"],"picked":"Fusion Hammer"}],"items_purged_floors":[20],"is_endless":false,"potions_floor_spawned":[1,8,14,16,18,33,37,39,44],"ascension_level":0}