{"gold_per_floor":[116,116,191,191,209,224,257,257,257,257,432,31,51,1,1,1],"floor_reached":16,"playtime":417,"items_purged":["Strike_R"],"score":98,"play_id":"3db06f20-0dbd-4422-9aa1-d3fc7cb3f4db","local_time":"20180703103425","is_ascension_mode":false,"campfire_choices":[{"floor":8,"key":"REST"},{"data":"Spot Weakness","floor":10,"key":"SMITH"},{"floor":15,"key":"REST"}],"neow_cost":"NONE","seed_source_timestamp":745038687418534,"circlet_count":0,"master_deck":["Strike_R","Strike_R","Defend_R","Defend_R","Defend_R","Defend_R","Bash+1","Thunderclap","Flex","Fire Breathing","Bloodletting","Spot Weakness+1","Doubt","Apotheosis","Flex"],"relics":["Burning Blood","Smiling Mask","Pear","Bag of Marbles","Lantern"],"potions_floor_usage":[16],"damage_taken":[{"damage":13,"enemies":"2 Louse","floor":1,"turns":4},{"damage":6,"enemies":"Cultist","floor":5,"turns":3},{"damage":10,"enemies":"Small Slimes","floor":6,"turns":3},{"damage":39,"enemies":"Gremlin Nob","floor":7,"turns":5},{"damage":14,"enemies":"Exordium Thugs","floor":13,"turns":4},{"damage":63,"enemies":"Hexaghost","floor":16,"turns":9}],"seed_played":"-7579500965013209009","potions_obtained":[{"floor":5,"key":"SkillPotion"}],"is_trial":false,"path_per_floor":["M","?","?","?","M","M","E","R","T","R","?","$","M","?","R"],"character_chosen":"IRONCLAD","items_purchased":["Apotheosis","Lantern"],"campfire_rested":2,"item_purchase_floors":[12,12],"current_hp_per_floor":[73,73,62,44,44,40,17,44,44,44,44,44,36,36,63,0],"gold":1,"neow_bonus":"UPGRADE_CARD","is_prod":false,"is_daily":false,"chose_seed":false,"campfire_upgraded":1,"win_rate":0,"timestamp":1530628465,"path_taken":["M","?","?","?","?","M","E","R","T","R","?","?","M","?","R","BOSS"],"build_version":"2018-06-28","purchased_purges":1,"victory":false,"max_hp_per_floor":[80,80,80,80,80,80,90,90,90,90,90,90,90,90,90,90],"card_choices":[{"not_picked":["Heavy Blade","Anger"],"picked":"Thunderclap","floor":1},{"not_picked":["Warcry","Entrench"],"picked":"Fire Breathing","floor":5},{"not_picked":["Sword Boomerang","Armaments"],"picked":"Bloodletting","floor":6},{"not_picked":["Twin Strike","Armaments"],"picked":"Spot Weakness","floor":7},{"not_picked":["Perfected Strike","Body Slam"],"picked":"Flex","floor":13}],"player_experience":937160,"relics_obtained":[{"floor":7,"key":"Pear"},{"floor":9,"key":"Bag of Marbles"}],"event_choices":[{"event_name":"Transmorgrifier","player_choice":"Transform","floor":2,"damage_taken":0},{"event_name":"World of Goop","player_choice":"Gather Gold","floor":3,"damage_taken":0},{"event_name":"Scrap Ooze","player_choice":"success","floor":4,"damage_taken":18},{"event_name":"Liars Game","player_choice":"agreed","floor":11,"damage_taken":0},{"event_name":"The Cleric","player_choice":"Card Removal","floor":14,"damage_taken":0}],"boss_relics":[],"items_purged_floors":[12],"is_endless":false,"potions_floor_spawned":[5],"killed_by":"Hexaghost","ascension_level":0}