{"path_per_floor":["M","M","$","?","M","E","R","M","T","R","E","$","M","?","R","B",null,"M","$","?","M","$","E","$"],"character_chosen":"THE_SILENT","items_purchased":["Blade Dance"],"gold_per_floor":[115,129,20,20,40,66,66,83,83,83,115,15,32,61,61,158,158,172,47,47,60,60,95,95],"floor_reached":25,"campfire_rested":0,"playtime":1748,"current_hp_per_floor":[69,69,69,69,68,53,53,48,48,48,31,31,31,31,31,3,70,59,59,59,55,55,18,18],"items_purged":["Strike_G","Strike_G","Strike_G"],"gold":95,"play_id":"99ae6ac3-ee7c-4615-b1ab-76de765542f1","is_prod":false,"is_daily":false,"campfire_rituals":0,"campfire_upgraded":3,"is_hardmode":false,"path_taken":["M","M","$","?","M","E","R","?","T","R","E","$","M","?","R","BOSS","M","$","?","M","?","E","$","E"],"build_version":"2018-01-18-PROD4","purchased_purges":3,"victory":false,"master_deck":["Defend_G","Defend_G","Defend_G","Defend_G","Defend_G","Strike_G","Strike_G","Survivor","Neutralize","Poisoned Stab","Backflip","Blade Dance","Quick Slash","Heel Hook","Sucker Punch","Accuracy","Noxious Fumes","Burst","Quick Slash","Outmaneuver","Bane"],"max_hp_per_floor":[70,70,70,70,70,70,70,70,70,70,70,70,70,70,70,70,70,70,70,70,70,70,70,70],"relics":["Ring of the Snake","Snake Skull","Omamori","Juzu Bracelet","Odd Mushroom","Eternal Feather","Frozen Eye"],"campfire_meditates":0,"card_choices":[{"not_picked":["Catalyst","PiercingWail"],"picked":"Poisoned Stab"},{"not_picked":["Underhanded Strike","Bouncing Flask"],"picked":"Backflip"},{"not_picked":["Masterful Stab","Dagger Throw"],"picked":"Quick Slash"},{"not_picked":["Deadly Poison","All Out Attack"],"picked":"Heel Hook"},{"not_picked":["Flying Knee","Deadly Poison"],"picked":"Sucker Punch"},{"not_picked":["Dagger Spray","Acrobatics"],"picked":"Accuracy"},{"not_picked":["Deflect","Underhanded Strike"],"picked":"Noxious Fumes"},{"not_picked":["Die Die Die","Adrenaline"],"picked":"Burst"},{"not_picked":["Bane","Malaise"],"picked":"Quick Slash"},{"not_picked":["Riddle With Holes","Setup"],"picked":"Outmaneuver"},{"not_picked":["Deadly Poison","Terror"],"picked":"Bane"}],"player_experience":283370,"potions_floor_usage":[6,16,23],"damage_taken":[{"damage":1,"enemies":"2 Louse","floor":1,"turns":3},{"damage":0,"enemies":"Cultist","floor":2,"turns":3},{"damage":1,"enemies":"Jaw Worm","floor":5,"turns":3},{"damage":15,"enemies":"Gremlin Nob","floor":6,"turns":4},{"damage":5,"enemies":"Lots of Slimes","floor":8,"turns":4},{"damage":17,"enemies":"3 Sentries","floor":11,"turns":9},{"damage":0,"enemies":"Exordium Wildlife","floor":13,"turns":2},{"damage":0,"enemies":"The Mushroom Lair","floor":14,"turns":4},{"damage":28,"enemies":"The Guardian","floor":16,"turns":9},{"damage":11,"enemies":"Spheric Guardian","floor":18,"turns":5},{"damage":4,"enemies":"Chosen","floor":21,"turns":6},{"damage":37,"enemies":"Slavers","floor":23,"turns":7},{"damage":21,"enemies":"Gremlin Leader","floor":25,"turns":3}],"event_choices":[{"event_name":"Accursed Blacksmith","player_choice":"Forge","floor":4,"damage_taken":0},{"event_name":"Mushrooms","player_choice":"Fought Mushrooms","floor":14,"damage_taken":0},{"event_name":"Addict","player_choice":"Ignored","floor":20,"damage_taken":0}],"boss_relics":[{"not_picked":["Velvet Choker","Question Card"],"picked":"Eternal Feather"}],"potions_floor_spawned":[5,11,14,16,23],"seed_played":"-2894661756068879189","killed_by":"Gremlin Leader","is_trial":false}