{"gold_per_floor":[118,136,151,79,92,92,126,154,233,233,247,212,50,82,82,160,160,178,178,55,75,75,102,102,113,164,164,164,194,194,222,222,295,295,305,317,317,328,328,328,355,355,355,355,106,118,130,75,75,75],"floor_reached":51,"playtime":3285,"items_purged":["Strike_G","Strike_G"],"score":1294,"play_id":"84ba4382-31ba-4b95-9b2e-cf46b50d2805","local_time":"20190706190602","is_ascension_mode":true,"campfire_choices":[{"data":"Dash","floor":6.0,"key":"SMITH"},{"data":"Dagger Spray","floor":10.0,"key":"SMITH"},{"data":"Noxious Fumes","floor":15.0,"key":"SMITH"},{"data":"Strike_G","floor":24.0,"key":"PURGE"},{"data":"Caltrops","floor":27.0,"key":"SMITH"},{"floor":32.0,"key":"REST"},{"data":"Catalyst","floor":40.0,"key":"SMITH"},{"floor":44.0,"key":"REST"},{"floor":49,"key":"REST"}],"neow_cost":"NONE","seed_source_timestamp":0,"circlet_count":0,"master_deck":["AscendersBane","Defend_G","Defend_G","Defend_G","Defend_G","Defend_G","Survivor","Dodge and Roll","Poisoned Stab","Dash+1","Dagger Throw","Dagger Spray+1","Well Laid Plans","Deadly Poison","Noxious Fumes+1","Backflip","Burst","Masterful Stab","Blur","Caltrops+1","After Image","Catalyst+1","Glass Knife","Adrenaline","After Image","Crippling Poison+1","Apotheosis","Parasite","Blur","Leg Sweep"],"special_seed":0,"relics":["Ring of the Serpent","Peace Pipe","Odd Mushroom","Bottled Tornado","Strawberry","Velvet Choker","Ancient Tea Set","Juzu Bracelet","Darkstone Periapt","Happy Flower","StoneCalendar","Lantern"],"potions_floor_usage":[50],"damage_taken":[{"damage":0.0,"enemies":"Small Slimes","floor":1.0,"turns":5.0},{"damage":1.0,"enemies":"2 Louse","floor":2.0,"turns":5.0},{"damage":2.0,"enemies":"Jaw Worm","floor":3.0,"turns":5.0},{"damage":3.0,"enemies":"3 Louse","floor":5.0,"turns":4.0},{"damage":35.0,"enemies":"Lagavulin","floor":7.0,"turns":9.0},{"damage":18.0,"enemies":"The Mushroom Lair","floor":8.0,"turns":5.0},{"damage":1.0,"enemies":"Red Slaver","floor":11.0,"turns":4.0},{"damage":9.0,"enemies":"Gremlin Nob","floor":14.0,"turns":4.0},{"damage":19.0,"enemies":"The Guardian","floor":16.0,"turns":10.0},{"damage":3.0,"enemies":"3 Byrds","floor":18.0,"turns":4.0},{"damage":1.0,"enemies":"Shell Parasite","floor":21.0,"turns":6.0},{"damage":2.0,"enemies":"Gremlin Leader","floor":23.0,"turns":8.0},{"damage":9.0,"enemies":"Snake Plant","floor":25.0,"turns":5.0},{"damage":11.0,"enemies":"Book of Stabbing","floor":29.0,"turns":5.0},{"damage":42.0,"enemies":"Gremlin Leader","floor":31.0,"turns":8.0},{"damage":36.0,"enemies":"Collector","floor":33.0,"turns":10.0},{"damage":7.0,"enemies":"3 Shapes","floor":35.0,"turns":5.0},{"damage":2.0,"enemies":"Orb Walker","floor":36.0,"turns":4.0},{"damage":18.0,"enemies":"Writhing Mass","floor":38.0,"turns":7.0},{"damage":33.0,"enemies":"Reptomancer","floor":41.0,"turns":6.0},{"damage":13.0,"enemies":"Transient","floor":46.0,"turns":5.0},{"damage":10.0,"enemies":"4 Shapes","floor":47.0,"turns":4.0},{"damage":31,"enemies":"Donu and Deca","floor":50,"turns":12}],"seed_played":"-7397918530514993331","potions_obtained":[{"floor":1.0,"key":"EntropicBrew"},{"floor":5.0,"key":"Regen Potion"},{"floor":8.0,"key":"Block Potion"},{"floor":23.0,"key":"Regen Potion"},{"floor":31.0,"key":"GhostInAJar"},{"floor":35.0,"key":"Regen Potion"},{"floor":47.0,"key":"FairyPotion"}],"is_trial":false,"path_per_floor":["M","M","M","?","M","R","E","?","T","R","M","?","$","E","R","B",null,"M","?","$","M","?","E","R","M","T","R","?","E","?","E","R","B",null,"M","M","?","M","?","R","E","?","T","R","$","M","M","$","R","B",null],"character_chosen":"THE_SILENT","items_purchased":["Noxious Fumes","Blur","GhostInAJar","Dexterity Potion","SkillPotion","Blur","Dexterity Potion"],"campfire_rested":3,"item_purchase_floors":[13,20,20,45,45,45,48],"current_hp_per_floor":[65,64,62,62,59,59,39,35,35,35,34,52,52,50,50,31,67,64,64,64,63,79,77,77,68,68,68,68,72,72,30,53,17,64,57,55,55,58,58,58,25,25,25,50,50,37,27,27,52,21],"gold":75,"neow_bonus":"TEN_PERCENT_HP_BONUS","is_prod":false,"is_daily":false,"chose_seed":false,"campfire_upgraded":5,"win_rate":0,"timestamp":1562457962,"path_taken":["M","M","M","?","M","R","E","?","T","R","M","?","$","E","R","BOSS","M","?","$","M","?","E","R","M","T","R","?","E","?","E","R","BOSS","M","M","?","M","?","R","E","?","T","R","$","M","M","?","R","BOSS"],"build_version":"2019-07-05","purchased_purges":2,"victory":true,"max_hp_per_floor":[72,72,72,72,72,72,72,72,72,72,72,72,72,79,79,79,79,79,79,79,79,79,79,79,79,79,79,79,79,79,79,79,79,79,79,79,79,85,85,85,85,85,85,85,85,85,85,85,85,85],"card_choices":[{"not_picked":["Distraction","Prepared"],"picked":"Dodge and Roll","floor":1.0},{"not_picked":["Distraction","Bouncing Flask"],"picked":"Poisoned Stab","floor":2.0},{"not_picked":["Calculated Gamble","Poisoned Stab"],"picked":"Dash","floor":3.0},{"not_picked":["Bane","PiercingWail"],"picked":"Dagger Throw","floor":5.0},{"not_picked":["Bane","Deflect"],"picked":"Dagger Spray","floor":7.0},{"not_picked":["PiercingWail","Dodge and Roll"],"picked":"Well Laid Plans","floor":8.0},{"not_picked":["A Thousand Cuts","Tactician"],"picked":"Deadly Poison","floor":11.0},{"not_picked":["Flying Knee","Prepared"],"picked":"Backflip","floor":14.0},{"not_picked":["Die Die Die","Unload"],"picked":"Burst","floor":16.0},{"not_picked":["Blade Dance+1","Underhanded Strike","Dagger Throw"],"picked":"SKIP","floor":18.0},{"not_picked":["Deadly Poison","Dagger Spray"],"picked":"Caltrops","floor":21.0},{"not_picked":["Venomology","Flying Knee","Dodge and Roll"],"picked":"SKIP","floor":23.0},{"not_picked":["Slice","Calculated Gamble"],"picked":"After Image","floor":25.0},{"not_picked":["Cloak And Dagger","Acrobatics"],"picked":"Glass Knife","floor":29.0},{"not_picked":["All Out Attack","Accuracy"],"picked":"Adrenaline","floor":31.0},{"not_picked":["Unload","Glass Knife"],"picked":"After Image","floor":33.0},{"not_picked":["PiercingWail","Reflex"],"picked":"Crippling Poison+1","floor":35.0},{"not_picked":["Terror","Underhanded Strike","Slice+1"],"picked":"SKIP","floor":36.0},{"not_picked":["Transmutation","Purity"],"picked":"Apotheosis","floor":37.0},{"not_picked":["Outmaneuver","Acrobatics","Backstab"],"picked":"SKIP","floor":38.0},{"not_picked":["Outmaneuver","Sucker Punch","Bane"],"picked":"SKIP","floor":41.0},{"not_picked":["Poisoned Stab","Masterful Stab"],"picked":"Leg Sweep","floor":46.0},{"not_picked":["Distraction","Reflex+1","Prepared"],"picked":"SKIP","floor":47.0}],"player_experience":155242,"relics_obtained":[{"floor":7.0,"key":"Peace Pipe"},{"floor":8.0,"key":"Odd Mushroom"},{"floor":9.0,"key":"Bottled Tornado"},{"floor":14.0,"key":"Strawberry"},{"floor":23.0,"key":"Ancient Tea Set"},{"floor":26.0,"key":"Juzu Bracelet"},{"floor":29.0,"key":"Darkstone Periapt"},{"floor":31.0,"key":"Happy Flower"},{"floor":41.0,"key":"StoneCalendar"},{"floor":43.0,"key":"Lantern"}],"event_choices":[{"damage_healed":0.0,"max_hp_gain":0.0,"max_hp_loss":0.0,"gold_gain":0.0,"event_name":"World of Goop","player_choice":"Left Gold","floor":4.0,"gold_loss":72.0,"damage_taken":0.0},{"damage_healed":0.0,"max_hp_gain":0.0,"max_hp_loss":0.0,"gold_gain":0.0,"event_name":"Mushrooms","player_choice":"Fought Mushrooms","floor":8.0,"gold_loss":0.0,"damage_taken":0.0},{"damage_healed":18.0,"max_hp_gain":0.0,"max_hp_loss":0.0,"gold_gain":0.0,"event_name":"The Cleric","player_choice":"Healed","floor":12.0,"gold_loss":35.0,"damage_taken":0.0},{"damage_healed":0.0,"max_hp_gain":0.0,"max_hp_loss":0.0,"gold_gain":0.0,"cards_transformed":["Strike_G","Strike_G"],"event_name":"Drug Dealer","player_choice":"Became Test Subject","floor":19.0,"gold_loss":0.0,"damage_taken":0.0,"cards_obtained":["Masterful Stab","Endless Agony"]},{"cards_removed":["Endless Agony"],"damage_healed":16.0,"max_hp_gain":0.0,"max_hp_loss":0.0,"gold_gain":0.0,"event_name":"Bonfire Elementals","player_choice":"Offered Uncommon","floor":22.0,"gold_loss":0.0,"damage_taken":0.0},{"damage_healed":0.0,"max_hp_gain":0.0,"max_hp_loss":0.0,"gold_gain":0.0,"event_name":"The Library","player_choice":"Read","floor":28.0,"gold_loss":0.0,"damage_taken":0.0,"cards_obtained":["Catalyst"]},{"damage_healed":0.0,"max_hp_gain":0.0,"max_hp_loss":0.0,"gold_gain":0.0,"event_name":"Cursed Tome","player_choice":"Ignored","floor":30.0,"gold_loss":0.0,"damage_taken":0.0},{"damage_healed":0.0,"max_hp_gain":0.0,"max_hp_loss":0.0,"gold_gain":0.0,"event_name":"SensoryStone","player_choice":"Memory 1","floor":37.0,"gold_loss":0.0,"damage_taken":0.0},{"cards_removed":["Neutralize"],"damage_healed":0.0,"max_hp_gain":0.0,"max_hp_loss":0.0,"gold_gain":0.0,"event_name":"Falling","player_choice":"Removed Attack","floor":39.0,"gold_loss":0.0,"damage_taken":0.0},{"damage_healed":0.0,"max_hp_gain":0.0,"max_hp_loss":0.0,"gold_gain":0.0,"event_name":"Tomb of Lord Red Mask","player_choice":"Ignored","floor":42.0,"gold_loss":0.0,"damage_taken":0.0}],"is_beta":false,"boss_relics":[{"not_picked":["Black Star","WristBlade"],"picked":"Velvet Choker"},{"not_picked":["Calling Bell","Busted Crown"],"picked":"Ring of the Serpent"}],"items_purged_floors":[13,45],"is_endless":false,"potions_floor_spawned":[1,5,8,23,25,31,35,47],"ascension_level":16}