{"path_per_floor":["M","M","?","?","T","R","E","M","T","?","M","R","$","M","R","B",null,"M","?","M","?","$","E","M","E","T","M","?","M","R","M","R","B",null,"M","$","?","M","M","R"],"character_chosen":"THE_SILENT","items_purchased":["Ninja Scroll","Shuriken","Quick Slash","Kunai","Accuracy","Cloak And Dagger"],"gold_per_floor":[110,128,128,203,226,226,261,282,309,309,327,327,80,98,98,227,227,251,251,276,276,2,45,70,104,155,175,175,190,190,210,210,341,341,364,16,349,359,372,372],"floor_reached":41,"campfire_rested":0,"playtime":3367,"current_hp_per_floor":[35,35,35,24,24,24,8,17,17,10,20,20,20,32,32,49,65,55,55,49,49,49,48,36,34,34,42,42,32,32,28,28,40,45,33,33,33,25,18,18],"items_purged":[],"gold":372,"play_id":"447fb61f-c477-4bfd-b203-941f2f707ff3","is_prod":false,"is_daily":false,"campfire_rituals":0,"campfire_upgraded":6,"is_hardmode":false,"path_taken":["M","M","?","?","?","R","E","?","T","?","M","R","?","M","R","BOSS","M","?","M","?","$","E","?","E","T","M","?","M","R","M","R","BOSS","M","$","?","M","?","R","E"],"build_version":"2018-01-11-PROD2","purchased_purges":0,"victory":false,"master_deck":["Defend_G","Defend_G","Defend_G","Defend_G","Survivor","Neutralize","Flying Knee","Tactician","Quick Slash","Crippling Poison","Blade Dance","Well Laid Plans","Dash","A Thousand Cuts","Prepared","Cloak And Dagger","Quick Slash","Infinite Blades","Endless Agony","Escape Plan","Cloak And Dagger","Bite_G","Bite_G","Bite_G","Bite_G","Bite_G","Infinite Blades","Dash","Adrenaline","Infinite Blades","Accuracy","Cloak And Dagger","Cloak And Dagger"],"max_hp_per_floor":[70,70,65,65,65,65,65,65,65,65,65,65,65,65,65,65,65,65,65,65,65,65,65,65,65,65,65,45,45,45,45,45,45,45,45,45,45,45,45,45],"relics":["Ring of the Snake","Prayer Wheel","Meat on the Bone","Lantern","Pantograph","Ninja Scroll","Question Card","War Paint","Shuriken","Calipers","Molten Egg","Omamori","White Beast Statue","Kunai"],"campfire_meditates":0,"card_choices":[{"not_picked":["Catalyst","Riddle With Holes"],"picked":"Flying Knee"},{"not_picked":["Dodge and Roll","Bane"],"picked":"Tactician"},{"not_picked":["Caltrops","PiercingWail"],"picked":"Quick Slash"},{"not_picked":["Terror","Deadly Poison"],"picked":"Crippling Poison"},{"not_picked":["Choke","Deflect"],"picked":"Blade Dance"},{"not_picked":["Eviscerate","Blur"],"picked":"Well Laid Plans"},{"not_picked":["Acrobatics","Masterful Stab"],"picked":"Dash"},{"not_picked":["Unload","Tools of the Trade"],"picked":"A Thousand Cuts"},{"not_picked":["Cloak And Dagger","Deflect","PiercingWail"],"picked":"Prepared"},{"not_picked":["Underhanded Strike","Distraction","Slice"],"picked":"Cloak And Dagger"},{"not_picked":["Leg Sweep","PiercingWail","Outmaneuver"],"picked":"Infinite Blades"},{"not_picked":["Dodge and Roll","Underhanded Strike","Sucker Punch"],"picked":"Endless Agony"},{"not_picked":["Terror","Backstab","Phantasmal Killer"],"picked":"Escape Plan"},{"not_picked":["Poisoned Stab","Deflect","Endless Agony"],"picked":"Cloak And Dagger"},{"not_picked":["Bane","Deflect","Dagger Spray"],"picked":"Infinite Blades"},{"not_picked":["Acrobatics","Deadly Poison","Terror"],"picked":"Dash"},{"not_picked":["Tactician","Tools of the Trade","Wraith Form"],"picked":"Adrenaline"},{"not_picked":["Prepared","Backflip","Crippling Poison"],"picked":"Infinite Blades"},{"not_picked":["Bane","Endless Agony","Outmaneuver"],"picked":"Cloak And Dagger"}],"player_experience":132667,"potions_floor_usage":[7,7,16,20,23,25,33,41,41,41],"damage_taken":[{"damage":0,"enemies":"Jaw Worm","floor":1,"turns":5},{"damage":0,"enemies":"2 Louse","floor":2,"turns":2},{"damage":16,"enemies":"Lagavulin","floor":7,"turns":10},{"damage":3,"enemies":"Small Slimes","floor":8,"turns":3},{"damage":2,"enemies":"Looter","floor":11,"turns":3},{"damage":0,"enemies":"2 Fungi Beasts","floor":14,"turns":2},{"damage":8,"enemies":"The Guardian","floor":16,"turns":12},{"damage":10,"enemies":"Chosen","floor":18,"turns":5},{"damage":18,"enemies":"Shell Parasite","floor":20,"turns":5},{"damage":16,"enemies":"Gremlin Leader","floor":23,"turns":6},{"damage":12,"enemies":"Snake Plant","floor":24,"turns":5},{"damage":14,"enemies":"Slavers","floor":25,"turns":4},{"damage":4,"enemies":"3 Cultists","floor":27,"turns":3},{"damage":15,"enemies":"Sentry and Sphere","floor":29,"turns":4},{"damage":12,"enemies":"Centurion and Healer","floor":31,"turns":4},{"damage":11,"enemies":"Champ","floor":33,"turns":8},{"damage":30,"enemies":"3 Darklings","floor":35,"turns":4},{"damage":14,"enemies":"Orb Walker","floor":38,"turns":3},{"damage":23,"enemies":"Sphere and 2 Shapes","floor":39,"turns":5},{"damage":18,"enemies":"2 Orb Walkers","floor":41,"turns":1}],"event_choices":[{"event_name":"Golden Idol","player_choice":"Lose Max HP","floor":3,"damage_taken":0},{"event_name":"World of Goop","player_choice":"Gather Gold","floor":4,"damage_taken":0},{"event_name":"Scrap Ooze","player_choice":"success","floor":10,"damage_taken":7},{"event_name":"The Mausoleum","player_choice":"Yes","floor":19,"damage_taken":0},{"event_name":"The Lab","player_choice":"Got Potions","floor":21,"damage_taken":0},{"event_name":"Vampires","player_choice":"Became a vampire","floor":28,"damage_taken":0},{"event_name":"The Moai Head","player_choice":"Gave Idol","floor":37,"damage_taken":0}],"boss_relics":[{"not_picked":["Snecko Eye","Orrery"],"picked":"Question Card"},{"not_picked":["Velvet Choker","Runic Pyramid"],"picked":"White Beast Statue"}],"potions_floor_spawned":[1,2,8,14,23,24,25,27,35,38,39],"seed_played":"2361575865660156389","killed_by":"2 Orb Walkers","is_trial":false}