{"gold_per_floor":[113,188,188,188,201,231,245,245,245,245,257,257,275,288,288,391,391,406,406,425,350,449,449],"floor_reached":23,"playtime":917,"items_purged":["Strike_R"],"score":281,"play_id":"68d56383-32f0-4e1a-8fc3-6249d3585c0f","local_time":"20190704163346","is_ascension_mode":true,"campfire_choices":[{"data":"Barricade","floor":8,"key":"SMITH"},{"data":"Searing Blow","floor":10,"key":"SMITH"},{"data":"Flame Barrier","floor":15,"key":"SMITH"}],"neow_cost":"NONE","seed_source_timestamp":195446201528280,"circlet_count":0,"master_deck":["Strike_R","Strike_R","Strike_R","Strike_R","Defend_R","Defend_R","Defend_R","Defend_R","Bash","Searing Blow+1","Pommel Strike","Barricade+1","Body Slam","Flame Barrier+1","Juggernaut","Entrench","Flame Barrier","Shrug It Off","Entrench","Ghostly Armor"],"relics":["Burning Blood","NeowsBlessing","Shuriken","Anchor","Blood Vial","Orrery"],"potions_floor_usage":[16,23,23],"damage_taken":[{"damage":0,"enemies":"2 Louse","floor":1,"turns":1},{"damage":0,"enemies":"Jaw Worm","floor":5,"turns":1},{"damage":0,"enemies":"Lagavulin","floor":6,"turns":1},{"damage":3,"enemies":"Small Slimes","floor":7,"turns":3},{"damage":0,"enemies":"2 Fungi Beasts","floor":11,"turns":4},{"damage":0,"enemies":"Large Slime","floor":13,"turns":7},{"damage":16,"enemies":"Lots of Slimes","floor":14,"turns":8},{"damage":33,"enemies":"The Guardian","floor":16,"turns":20},{"damage":5,"enemies":"3 Byrds","floor":18,"turns":3},{"damage":33,"enemies":"Spheric Guardian","floor":20,"turns":10},{"damage":59,"enemies":"Slavers","floor":23,"turns":4}],"seed_played":"8090389583498760932","potions_obtained":[{"floor":1,"key":"AttackPotion"},{"floor":7,"key":"SteroidPotion"},{"floor":11,"key":"PowerPotion"},{"floor":18,"key":"Fire Potion"}],"is_trial":false,"path_per_floor":["M","?","?","?","M","E","M","R","T","R","M","?","M","M","R","B",null,"M","?","M","$","?","E"],"character_chosen":"IRONCLAD","items_purchased":[],"campfire_rested":0,"item_purchase_floors":[],"current_hp_per_floor":[78,67,60,60,66,72,75,75,75,75,80,85,85,75,75,50,76,79,79,54,54,54,0],"gold":449,"neow_bonus":"THREE_ENEMY_KILL","is_prod":false,"is_daily":false,"chose_seed":false,"campfire_upgraded":3,"win_rate":0,"timestamp":1562250826,"path_taken":["M","?","?","?","M","E","M","R","T","R","M","?","M","M","R","BOSS","M","?","M","$","?","E"],"build_version":"2019-07-01","purchased_purges":1,"victory":false,"max_hp_per_floor":[80,80,80,80,80,80,80,80,80,80,80,85,85,85,85,85,85,85,85,85,85,85,85],"card_choices":[{"not_picked":["Power Through","Wild Strike"],"picked":"Searing Blow","floor":1},{"not_picked":["Perfected Strike","Clothesline"],"picked":"Pommel Strike","floor":5},{"not_picked":["Headbutt","Evolve"],"picked":"Barricade","floor":6},{"not_picked":["Wild Strike","Clash","Cleave"],"picked":"SKIP","floor":7},{"not_picked":["Sentinel","Cleave","Twin Strike"],"picked":"SKIP","floor":11},{"not_picked":["Cleave","True Grit"],"picked":"Body Slam","floor":13},{"not_picked":["Iron Wave","Headbutt"],"picked":"Flame Barrier","floor":14},{"not_picked":["Reaper","Demon Form"],"picked":"Juggernaut","floor":16},{"not_picked":["Wild Strike","Clothesline"],"picked":"Entrench","floor":17},{"not_picked":["Double Tap","Anger"],"picked":"Flame Barrier","floor":17},{"not_picked":["Warcry","Twin Strike"],"picked":"Shrug It Off","floor":17},{"not_picked":["Searing Blow+1","Berserk"],"picked":"Entrench","floor":18},{"not_picked":["Warcry","Hemokinesis+1","Cleave"],"picked":"SKIP","floor":20}],"player_experience":153303,"relics_obtained":[{"floor":6,"key":"Anchor"},{"floor":9,"key":"Blood Vial"}],"event_choices":[{"damage_healed":0,"gold_gain":75,"player_choice":"Gather Gold","damage_taken":11,"max_hp_gain":0,"max_hp_loss":0,"event_name":"World of Goop","floor":2,"gold_loss":0},{"damage_healed":0,"gold_gain":0,"player_choice":"Success","damage_taken":7,"relics_obtained":["Shuriken"],"max_hp_gain":0,"max_hp_loss":0,"event_name":"Scrap Ooze","floor":3,"gold_loss":0},{"damage_healed":0,"gold_gain":0,"player_choice":"Ignored","damage_taken":0,"max_hp_gain":0,"max_hp_loss":0,"event_name":"Liars Game","floor":4,"gold_loss":0},{"damage_healed":0,"gold_gain":0,"player_choice":"Donut","damage_taken":0,"max_hp_gain":5,"max_hp_loss":0,"event_name":"Big Fish","floor":12,"gold_loss":0},{"damage_healed":0,"gold_gain":0,"player_choice":"Read","damage_taken":0,"max_hp_gain":0,"max_hp_loss":0,"event_name":"The Library","floor":19,"gold_loss":0,"cards_obtained":["Ghostly Armor"]},{"damage_healed":0,"gold_gain":99,"player_choice":"Stole From Cult","damage_taken":0,"max_hp_gain":0,"max_hp_loss":0,"event_name":"Nest","floor":22,"gold_loss":0}],"is_beta":false,"boss_relics":[{"not_picked":["Astrolabe","Black Blood"],"picked":"Orrery"}],"items_purged_floors":[21],"is_endless":false,"potions_floor_spawned":[1,7,11,14,18,20],"killed_by":"Slavers","ascension_level":6}