{"gold_per_floor":[117,131,131,131,131,156,156,175,225,225,90,117,132,57,57,154,154,170,182,97,97],"floor_reached":21,"playtime":904,"items_purged":[],"score":254,"play_id":"c9758472-9401-4113-a549-64559dc542a6","local_time":"20181228181106","is_ascension_mode":true,"campfire_choices":[{"data":"Redo","floor":7,"key":"SMITH"},{"data":"Dualcast","floor":10,"key":"SMITH"},{"floor":15,"key":"REST"}],"neow_cost":"NONE","seed_source_timestamp":329951079483381,"circlet_count":0,"master_deck":["Strike_B","Strike_B","Strike_B","Defend_B","Defend_B","Defend_B","Defend_B","Zap","Dualcast+1","Self Repair","Redo+1","Conserve Battery","Rainbow","Storm","Core Surge","Storm","Fission","Chaos"],"relics":["Cracked Core","NeowsBlessing","Vajra","Bag of Preparation","Happy Flower","Busted Crown","The Courier"],"potions_floor_usage":[21],"damage_taken":[{"damage":0,"enemies":"Cultist","floor":1,"turns":1},{"damage":0,"enemies":"2 Louse","floor":2,"turns":1},{"damage":0,"enemies":"3 Sentries","floor":6,"turns":1},{"damage":13,"enemies":"Jaw Worm","floor":8,"turns":4},{"damage":33,"enemies":"Gremlin Nob","floor":12,"turns":5},{"damage":16,"enemies":"Exordium Thugs","floor":13,"turns":4},{"damage":18,"enemies":"The Guardian","floor":16,"turns":12},{"damage":0,"enemies":"Spheric Guardian","floor":18,"turns":3},{"damage":22,"enemies":"Shell Parasite","floor":19,"turns":6},{"damage":62,"enemies":"Centurion and Healer","floor":21,"turns":8}],"seed_played":"5061396100439685049","potions_obtained":[{"floor":6,"key":"SpeedPotion"},{"floor":8,"key":"Energy Potion"},{"floor":12,"key":"SpeedPotion"}],"is_trial":false,"path_per_floor":["M","M","$","?","?","E","R","M","T","R","$","E","M","$","R","B",null,"M","M","?","M"],"character_chosen":"DEFECT","items_purchased":["Rainbow","Storm"],"campfire_rested":1,"item_purchase_floors":[11,14],"current_hp_per_floor":[75,75,75,68,75,75,75,69,69,69,69,43,34,34,56,45,75,75,60,60,0],"gold":97,"neow_bonus":"THREE_ENEMY_KILL","is_prod":false,"is_daily":false,"chose_seed":false,"campfire_upgraded":2,"win_rate":0,"timestamp":1546049466,"path_taken":["M","M","?","?","?","E","R","M","T","R","$","E","?","$","R","BOSS","M","M","?","M"],"build_version":"2018-12-20","purchased_purges":0,"victory":false,"max_hp_per_floor":[75,75,75,75,75,75,75,75,75,75,75,75,75,75,75,75,75,75,75,75,75],"card_choices":[{"not_picked":["Steam","Beam Cell"],"picked":"Self Repair","floor":1},{"not_picked":["Genetic Algorithm","Reinforced Body"],"picked":"Loop","floor":2},{"not_picked":["Stack","Melter"],"picked":"Redo","floor":6},{"not_picked":["Go for the Eyes","Stack"],"picked":"Conserve Battery","floor":8},{"not_picked":["Ball Lightning","Reprogram"],"picked":"Storm","floor":12},{"not_picked":["Conserve Battery","Reinforced Body"],"picked":"Core Surge","floor":13},{"not_picked":["Hyperbeam","Seek"],"picked":"Fission","floor":16},{"not_picked":["Gash+1"],"picked":"SKIP","floor":18},{"not_picked":[],"picked":"Chaos","floor":19}],"player_experience":138482,"relics_obtained":[{"floor":6,"key":"Vajra"},{"floor":9,"key":"Bag of Preparation"},{"floor":12,"key":"Happy Flower"}],"event_choices":[{"cards_removed":["Strike_B"],"damage_healed":0,"gold_gain":0,"player_choice":"Card Removal","damage_taken":7,"max_hp_gain":0,"max_hp_loss":0,"event_name":"Golden Wing","floor":4,"gold_loss":0},{"cards_removed":["Loop"],"damage_healed":7,"gold_gain":0,"player_choice":"Offered Uncommon","damage_taken":0,"max_hp_gain":0,"max_hp_loss":0,"event_name":"Bonfire Elementals","floor":5,"gold_loss":0},{"damage_healed":0,"gold_gain":0,"player_choice":"Obtained Relic","damage_taken":0,"relics_obtained":["The Courier"],"max_hp_gain":0,"max_hp_loss":0,"event_name":"Addict","floor":20,"gold_loss":85}],"is_beta":false,"boss_relics":[{"not_picked":["Philosopher\u0027s Stone","Fusion Hammer"],"picked":"Busted Crown"}],"items_purged_floors":[],"is_endless":false,"potions_floor_spawned":[6,8,12],"killed_by":"Centurion and Healer","ascension_level":4}