{"path_per_floor":["M","$","M","$","M","E","M","M","T","E","?","M","R","E","R","B",null,"M","?","$","M","M","R","M","?","T","R","?","E","M","M","R","B",null,"M","$","?","M","?","R","M","M","T","R","M","R","M","M","R","B"],"character_chosen":"THE_SILENT","items_purchased":["Quick Slash","Kunai"],"gold_per_floor":[110,35,54,4,14,49,67,83,83,108,58,72,72,104,104,205,205,223,223,123,133,150,150,167,167,167,167,167,193,211,226,226,324,324,340,81,81,95,95,95,109,125,200,200,216,216,232,245,245,245],"floor_reached":51,"campfire_rested":0,"playtime":4271,"current_hp_per_floor":[70,70,70,70,70,61,61,63,63,45,45,44,44,45,45,37,74,75,75,75,72,72,78,79,70,70,76,60,56,54,46,54,54,87,84,84,74,74,74,82,81,82,82,89,90,91,90,86,93,86],"items_purged":["Defend_G","Defend_G"],"gold":245,"play_id":"fddb2b8e-cb0e-44c2-b1ff-d254c4e38e4b","is_prod":false,"is_daily":false,"campfire_rituals":0,"campfire_upgraded":1,"is_hardmode":false,"path_taken":["M","?","M","$","?","E","M","M","T","E","?","M","R","E","R","BOSS","M","?","$","M","M","R","?","?","T","R","?","E","?","?","R","BOSS","M","$","?","M","?","R","M","M","T","R","M","R","M","?","R","BOSS"],"build_version":"2018-01-18-PROD4","purchased_purges":2,"victory":true,"master_deck":["Defend_G","Strike_G","Survivor","Neutralize","Backflip","Backflip","Quick Slash","Slice","Caltrops","Sucker Punch","Flying Knee","Backflip","Adrenaline","Backflip","Necronomicurse","Heel Hook","Prepared","Quick Slash","Reflex","Cloak And Dagger","Slice","Madness","Madness","Quick Slash","Dash","Finisher"],"max_hp_per_floor":[70,70,70,70,70,70,70,72,72,72,72,72,72,74,74,74,74,76,76,76,76,78,78,80,85,85,85,85,85,85,85,85,87,87,87,87,87,87,87,87,87,89,89,89,91,91,91,93,93,93],"relics":["Ring of the Snake","Singing Bowl","Torii","Ninja Scroll","Girya","Eternal Feather","Shovel","Necronomicon","Paper Crane","Thread and Needle","Astrolabe","Kunai","The Courier","Letter Opener","Bottled Flame","Sundial","Lantern"],"campfire_meditates":0,"card_choices":[{"not_picked":["Deadly Poison","Poisoned Stab"],"picked":"Backflip"},{"not_picked":["Cloak And Dagger","Flechettes"],"picked":"Backflip"},{"not_picked":["Dodge and Roll","Leg Sweep"],"picked":"Slice"},{"not_picked":["Crippling Poison","Riddle With Holes"],"picked":"Caltrops"},{"not_picked":["Blade Dance","Flying Knee"],"picked":"Sucker Punch"},{"not_picked":["PiercingWail","Unload"],"picked":"Flying Knee"},{"not_picked":["Flying Knee","Cloak And Dagger"],"picked":"Backflip"},{"not_picked":["Tools of the Trade","Venomology"],"picked":"Adrenaline"},{"not_picked":["Dagger Spray","Cloak And Dagger"],"picked":"Backflip"},{"not_picked":["Deflect","Dagger Throw"],"picked":"Heel Hook"},{"not_picked":["Dagger Throw","Acrobatics"],"picked":"Prepared"},{"not_picked":["Glass Knife","Dagger Throw"],"picked":"Quick Slash"},{"not_picked":["Cloak And Dagger","Eviscerate"],"picked":"Deflect"},{"not_picked":["Bane","Choke"],"picked":"Quick Slash"},{"not_picked":["Cloak And Dagger","Acrobatics"],"picked":"Dash"},{"not_picked":["Wraith Form","Deflect"],"picked":"Finisher"}],"player_experience":274472,"potions_floor_usage":[14,16,21,30,33,38,50,50,50],"damage_taken":[{"damage":0,"enemies":"Blue Slaver","floor":1,"turns":9},{"damage":0,"enemies":"Small Slimes","floor":3,"turns":5},{"damage":0,"enemies":"Cultist","floor":5,"turns":4},{"damage":9,"enemies":"3 Sentries","floor":6,"turns":9},{"damage":0,"enemies":"Large Slime","floor":7,"turns":6},{"damage":0,"enemies":"Looter","floor":8,"turns":4},{"damage":18,"enemies":"Gremlin Nob","floor":10,"turns":5},{"damage":1,"enemies":"Red Slaver","floor":12,"turns":3},{"damage":1,"enemies":"3 Sentries","floor":14,"turns":6},{"damage":8,"enemies":"Hexaghost","floor":16,"turns":9},{"damage":1,"enemies":"Shell Parasite","floor":18,"turns":4},{"damage":3,"enemies":"2 Thieves","floor":21,"turns":3},{"damage":2,"enemies":"Snake Plant","floor":22,"turns":4},{"damage":1,"enemies":"Snecko","floor":24,"turns":4},{"damage":4,"enemies":"Book of Stabbing","floor":29,"turns":6},{"damage":2,"enemies":"Chosen and Byrds","floor":30,"turns":6},{"damage":8,"enemies":"Snake Plant","floor":31,"turns":4},{"damage":2,"enemies":"Champ","floor":33,"turns":12},{"damage":3,"enemies":"3 Shapes","floor":35,"turns":5},{"damage":0,"enemies":"3 Darklings","floor":38,"turns":4},{"damage":1,"enemies":"Sphere and 2 Shapes","floor":41,"turns":5},{"damage":1,"enemies":"Maw","floor":42,"turns":6},{"damage":1,"enemies":"3 Darklings","floor":45,"turns":3},{"damage":1,"enemies":"Sphere and 2 Shapes","floor":47,"turns":4},{"damage":6,"enemies":"4 Shapes","floor":48,"turns":5},{"damage":15,"enemies":"Awakened One","floor":50,"turns":13}],"event_choices":[{"event_name":"The Cleric","player_choice":"Card Removal","floor":11,"damage_taken":0},{"event_name":"Back to Basics","player_choice":"Elegance","floor":19,"damage_taken":0},{"event_name":"Forgotten Altar","player_choice":"Shed Blood","floor":25,"damage_taken":0},{"event_name":"Cursed Tome","player_choice":"Obtained Book","floor":28,"damage_taken":0},{"event_name":"Winding Halls","player_choice":"Embrace Madness","floor":37,"damage_taken":0}],"boss_relics":[{"not_picked":["Runic Dome","Orrery"],"picked":"Eternal Feather"},{"not_picked":["Velvet Choker","Pandora\u0027s Box"],"picked":"Astrolabe"}],"potions_floor_spawned":[8,10,12,14,22,24,30,31,38,45],"seed_played":"-974710243214851072","is_trial":false}