{"gold_per_floor":[113,130,146,146,246,280,280,295,321,338,338,358,358,376,376,476,476,491,511,301,321,321,321,348,365,413,350,362,374,420,432,444,456],"floor_reached":33,"playtime":3899,"items_purged":[],"score":287,"play_id":"328969a4-2ba8-4648-b704-8ddf8b82ec44","local_time":"20190627030144","is_ascension_mode":false,"campfire_choices":[{"floor":7,"key":"REST"},{"data":"Anger","floor":11,"key":"SMITH"},{"data":"Cleave","floor":15,"key":"SMITH"},{"floor":23,"key":"REST"},{"floor":28,"key":"REST"},{"floor":32,"key":"REST"}],"neow_cost":"","seed_source_timestamp":1061474915825055,"circlet_count":0,"master_deck":["Strike_R","Strike_R","Strike_R","Strike_R","Strike_R+1","Defend_R","Defend_R","Defend_R","Defend_R","Bash+1","Cleave","Anger+1","Impervious","Shrug It Off","Carnage","Cleave+1","Double Tap","Rage+1","Blood for Blood+1","Barricade","Anger","Rage","Cleave","Armaments","Shrug It Off+1","RitualDagger"],"relics":["Burning Blood","Juzu Bracelet","Bag of Preparation","Runic Pyramid","MutagenicStrength","Potion Belt","MawBank","Girya"],"potions_floor_usage":[16,16,30,30,33,33],"damage_taken":[{"damage":5,"enemies":"2 Louse","floor":1,"turns":3},{"damage":1,"enemies":"Cultist","floor":2,"turns":4},{"damage":0,"enemies":"Small Slimes","floor":3,"turns":2},{"damage":36,"enemies":"Gremlin Nob","floor":6,"turns":5},{"damage":8,"enemies":"3 Louse","floor":8,"turns":5},{"damage":5,"enemies":"Looter","floor":10,"turns":2},{"damage":5,"enemies":"Lots of Slimes","floor":12,"turns":4},{"damage":0,"enemies":"Large Slime","floor":14,"turns":5},{"damage":64,"enemies":"The Guardian","floor":16,"turns":11},{"damage":32,"enemies":"2 Thieves","floor":18,"turns":4},{"damage":19,"enemies":"Shell Parasite","floor":19,"turns":6},{"damage":0,"enemies":"Snecko","floor":21,"turns":2},{"damage":18,"enemies":"Book of Stabbing","floor":24,"turns":4},{"damage":10,"enemies":"Cultist and Chosen","floor":25,"turns":6},{"damage":24,"enemies":"Slavers","floor":30,"turns":3},{"damage":87,"enemies":"Champ","floor":33,"turns":16}],"seed_played":"-3108708800684350290","potions_obtained":[{"floor":2,"key":"LiquidBronze"},{"floor":3,"key":"BloodPotion"},{"floor":8,"key":"Explosive Potion"},{"floor":18,"key":"Ancient Potion"},{"floor":19,"key":"Explosive Potion"},{"floor":24,"key":"AttackPotion"}],"is_trial":false,"path_per_floor":["M","M","M","?","?","E","R","M","T","M","R","M","?","M","R","B",null,"M","M","$","M","?","R","E","M","T","?","R","?","E","?","R","B"],"character_chosen":"IRONCLAD","items_purchased":["Barricade","Anger"],"campfire_rested":4,"item_purchase_floors":[20,20],"current_hp_per_floor":[80,80,80,80,80,50,74,72,72,73,73,74,58,64,64,14,80,54,41,41,47,47,71,59,55,55,55,79,79,61,55,79,0],"gold":456,"neow_bonus":"","is_prod":false,"is_daily":false,"chose_seed":false,"campfire_upgraded":2,"win_rate":0.0,"timestamp":1561575704,"path_taken":["M","M","M","?","?","E","R","M","T","M","R","M","?","M","R","BOSS","M","M","$","M","?","R","E","M","T","?","R","?","E","?","R","BOSS"],"build_version":"2019-01-23","purchased_purges":0,"victory":false,"max_hp_per_floor":[80,80,80,80,80,80,80,80,80,80,80,80,80,80,80,80,80,80,80,80,80,80,80,80,80,80,80,80,80,80,80,80,80],"card_choices":[{"not_picked":["Clash","Shockwave"],"picked":"Cleave","floor":1},{"not_picked":["Iron Wave","Dual Wield"],"picked":"Anger","floor":2},{"not_picked":["Corruption","Clothesline"],"picked":"Warcry","floor":3},{"not_picked":["Disarm","Cleave"],"picked":"Impervious","floor":6},{"not_picked":["Sever Soul","Fire Breathing"],"picked":"Shrug It Off","floor":8},{"not_picked":["Thunderclap","True Grit"],"picked":"Carnage","floor":10},{"not_picked":["Armaments","Rampage"],"picked":"Warcry","floor":12},{"not_picked":["Thunderclap","Carnage"],"picked":"Cleave","floor":14},{"not_picked":["Bludgeon","Feed"],"picked":"Double Tap","floor":16},{"not_picked":["Pommel Strike","Sword Boomerang"],"picked":"Rage+1","floor":18},{"not_picked":["Clash+1","Twin Strike"],"picked":"Blood for Blood+1","floor":19},{"not_picked":["Flex","Thunderclap"],"picked":"Rage","floor":21},{"not_picked":["Shockwave","Combust"],"picked":"Cleave","floor":24},{"not_picked":["Rupture","Headbutt+1"],"picked":"Armaments","floor":25},{"not_picked":["Metallicize","Impervious"],"picked":"Shrug It Off+1","floor":30}],"player_experience":0,"relics_obtained":[{"floor":6,"key":"Juzu Bracelet"},{"floor":9,"key":"Bag of Preparation"},{"floor":24,"key":"Potion Belt"},{"floor":26,"key":"MawBank"},{"floor":30,"key":"Girya"}],"event_choices":[{"damage_healed":0,"gold_gain":0,"player_choice":"Leave","damage_taken":0,"max_hp_gain":0,"max_hp_loss":0,"event_name":"The Cleric","floor":4,"gold_loss":0},{"damage_healed":0,"gold_gain":100,"player_choice":"Pray","damage_taken":0,"max_hp_gain":0,"max_hp_loss":0,"event_name":"Golden Shrine","floor":5,"gold_loss":0},{"damage_healed":0,"gold_gain":0,"player_choice":"Entered Light","damage_taken":16,"max_hp_gain":0,"max_hp_loss":0,"event_name":"Shining Light","floor":13,"gold_loss":0,"cards_upgraded":["Bash","Strike_R"]},{"damage_healed":0,"gold_gain":0,"player_choice":"Inject Mutagens","damage_taken":0,"relics_obtained":["MutagenicStrength"],"max_hp_gain":0,"max_hp_loss":0,"event_name":"Drug Dealer","floor":22,"gold_loss":0},{"cards_removed":["Warcry"],"damage_healed":0,"gold_gain":0,"player_choice":"Gave Gold","damage_taken":0,"max_hp_gain":0,"max_hp_loss":0,"event_name":"Beggar","floor":27,"gold_loss":75},{"cards_removed":["Warcry"],"damage_healed":0,"gold_gain":0,"player_choice":"Purged","damage_taken":0,"max_hp_gain":0,"max_hp_loss":0,"event_name":"Purifier","floor":29,"gold_loss":0},{"damage_healed":0,"gold_gain":0,"player_choice":"Joined the Cult","damage_taken":6,"max_hp_gain":0,"max_hp_loss":0,"event_name":"Nest","floor":31,"gold_loss":0,"cards_obtained":["RitualDagger"]}],"is_beta":false,"boss_relics":[{"not_picked":["Runic Cube","Calling Bell"],"picked":"Runic Pyramid"}],"items_purged_floors":[],"is_endless":false,"potions_floor_spawned":[2,3,8,12,14,18,19,24],"killed_by":"Champ","ascension_level":0}