{"gold_per_floor":[11,161,236,71,91,91,120,140,208,208,49,82,82,93,93,167,167,182,182,182,197,213,213,243,261,261,279,296,316,316,343,343,417,417,434,434,434,451,401,435,435,445,445,480,534,534,212,231,231,231],"floor_reached":51,"playtime":2259,"items_purged":["Doubt","Writhe","Injury"],"score":1451,"play_id":"0f0e2ce1-b57f-4fdf-aec5-458e4e8ff5c4","local_time":"20190402215223","is_ascension_mode":true,"campfire_choices":[{"floor":6,"key":"REST"},{"floor":10,"key":"REST"},{"floor":15,"key":"REST"},{"floor":23,"key":"REST"},{"floor":30,"key":"REST"},{"data":"Demon Form","floor":32,"key":"SMITH"},{"data":"Reaper","floor":41,"key":"SMITH"},{"data":"Heavy Blade","floor":49,"key":"SMITH"}],"neow_cost":"NO_GOLD","seed_source_timestamp":1112607792863060,"circlet_count":0,"master_deck":["AscendersBane","Strike_R","Strike_R","Strike_R","Strike_R","Strike_R","Defend_R","Defend_R","Defend_R+1","Defend_R+1","Bash","Reaper+1","Clothesline","Anger","Demon Form+1","Twin Strike","Immolate","Double Tap","Heavy Blade+1","Shrug It Off","Uppercut","Injury","Battle Trance","Sword Boomerang+1","Sword Boomerang","Feed","Shrug It Off+1","Shame","Bloodletting+1","Warcry+1","Clumsy"],"relics":["Burning Blood","Lantern","War Paint","Bottled Tornado","Darkstone Periapt","Cursed Key","Smiling Mask","Self Forming Clay","Oddly Smooth Stone","Turnip","Mango","Runic Pyramid","Paper Frog","Boot","Pear","Bag of Marbles","Dream Catcher","Bottled Lightning"],"potions_floor_usage":[16,16,24,27,28,50,50,50],"damage_taken":[{"damage":24,"enemies":"Jaw Worm","floor":1,"turns":4},{"damage":3,"enemies":"2 Louse","floor":5,"turns":4},{"damage":62,"enemies":"3 Sentries","floor":7,"turns":11},{"damage":20,"enemies":"Small Slimes","floor":8,"turns":5},{"damage":27,"enemies":"Lagavulin","floor":12,"turns":7},{"damage":9,"enemies":"Blue Slaver","floor":14,"turns":2},{"damage":36,"enemies":"The Guardian","floor":16,"turns":9},{"damage":25,"enemies":"2 Thieves","floor":18,"turns":3},{"damage":22,"enemies":"3 Byrds","floor":21,"turns":5},{"damage":27,"enemies":"Snecko","floor":22,"turns":5},{"damage":42,"enemies":"Book of Stabbing","floor":24,"turns":5},{"damage":17,"enemies":"Cultist and Chosen","floor":25,"turns":7},{"damage":12,"enemies":"Centurion and Healer","floor":27,"turns":5},{"damage":16,"enemies":"Shelled Parasite and Fungi","floor":28,"turns":8},{"damage":5,"enemies":"3 Cultists","floor":29,"turns":5},{"damage":23,"enemies":"Gremlin Leader","floor":31,"turns":5},{"damage":85,"enemies":"Automaton","floor":33,"turns":7},{"damage":22,"enemies":"Orb Walker","floor":35,"turns":5},{"damage":48,"enemies":"3 Darklings","floor":38,"turns":4},{"damage":46,"enemies":"Giant Head","floor":40,"turns":7},{"damage":77,"enemies":"Sphere and 2 Shapes","floor":42,"turns":5},{"damage":24,"enemies":"Nemesis","floor":44,"turns":5},{"damage":23,"enemies":"Maw","floor":48,"turns":7},{"damage":87,"enemies":"Awakened One","floor":50,"turns":8}],"seed_played":"-1179783178427610026","potions_obtained":[{"floor":8,"key":"Weak Potion"},{"floor":12,"key":"Poison Potion"},{"floor":21,"key":"Poison Potion"},{"floor":25,"key":"SpeedPotion"},{"floor":27,"key":"SkillPotion"},{"floor":33,"key":"EssenceOfSteel"},{"floor":38,"key":"Explosive Potion"},{"floor":40,"key":"EntropicBrew"}],"is_trial":false,"path_per_floor":["M","?","?","$","M","R","E","M","T","R","$","E","?","M","R","B",null,"M","?","?","M","M","R","E","M","T","M","M","M","R","E","R","B",null,"M","T","?","M","$","E","R","M","T","E","T","?","$","M","R","B",null],"character_chosen":"IRONCLAD","items_purchased":["Lantern","Immolate","Bottled Lightning"],"campfire_rested":5,"item_purchase_floors":[4,11,47],"current_hp_per_floor":[54,54,43,43,49,71,23,16,16,38,38,17,17,14,36,26,63,44,50,50,52,31,55,19,18,24,33,40,51,77,97,97,18,80,83,89,89,107,107,92,92,80,96,112,118,118,118,138,138,75],"gold":231,"neow_bonus":"THREE_RARE_CARDS","is_prod":false,"is_daily":false,"chose_seed":false,"campfire_upgraded":3,"win_rate":0,"timestamp":1554256343,"path_taken":["M","?","?","$","M","R","E","M","T","R","$","E","?","?","R","BOSS","M","?","?","M","M","R","E","M","T","?","M","M","R","E","R","BOSS","M","?","?","?","$","E","R","M","T","E","?","?","$","M","R","BOSS"],"build_version":"2019-01-23","purchased_purges":3,"victory":true,"max_hp_per_floor":[75,75,75,75,75,75,75,75,75,75,75,75,75,75,75,75,75,75,81,81,81,81,81,81,81,87,87,87,87,87,101,101,101,101,104,110,104,107,107,110,110,113,129,129,135,135,135,138,138,141],"card_choices":[{"not_picked":["Juggernaut","Impervious"],"picked":"Reaper","floor":0},{"not_picked":["Clash","Armaments"],"picked":"Clothesline","floor":1},{"not_picked":["True Grit","Pummel"],"picked":"Anger","floor":5},{"not_picked":["Juggernaut","Wild Strike"],"picked":"Demon Form","floor":7},{"not_picked":["Anger","Clash"],"picked":"Twin Strike","floor":8},{"not_picked":["Clash","Anger"],"picked":"Uppercut","floor":12},{"not_picked":["Perfected Strike","Flex","Pummel"],"picked":"SKIP","floor":14},{"not_picked":["Fiend Fire","Bludgeon"],"picked":"Double Tap","floor":16},{"not_picked":["Pommel Strike","Perfected Strike+1"],"picked":"Heavy Blade","floor":18},{"not_picked":["Warcry","Flex","Clothesline"],"picked":"SKIP","floor":21},{"not_picked":["Wild Strike+1","Ghostly Armor"],"picked":"Shrug It Off","floor":22},{"not_picked":["Reckless Charge","Fire Breathing"],"picked":"Uppercut","floor":24},{"not_picked":["Combust","Perfected Strike","Blood for Blood+1"],"picked":"SKIP","floor":25},{"not_picked":["Disarm","Cleave","Perfected Strike"],"picked":"SKIP","floor":27},{"not_picked":["Iron Wave+1","Perfected Strike"],"picked":"Battle Trance","floor":28},{"not_picked":["Hemokinesis","Combust"],"picked":"Sword Boomerang+1","floor":29},{"not_picked":["Dual Wield","Bloodletting"],"picked":"Sword Boomerang","floor":31},{"not_picked":["Demon Form","Bludgeon"],"picked":"Feed","floor":33},{"not_picked":["Headbutt","Wild Strike"],"picked":"Shrug It Off+1","floor":35},{"not_picked":["Intimidate","Entrench+1","Blood for Blood"],"picked":"SKIP","floor":38},{"not_picked":["Perfected Strike","Twin Strike","Juggernaut"],"picked":"SKIP","floor":40},{"not_picked":["Warcry+1","Reckless Charge"],"picked":"Bloodletting+1","floor":42},{"not_picked":["Combust","Bludgeon"],"picked":"Warcry+1","floor":44},{"not_picked":["Carnage","Sword Boomerang","Rupture"],"picked":"SKIP","floor":48}],"player_experience":352195,"relics_obtained":[{"floor":7,"key":"War Paint"},{"floor":9,"key":"Bottled Tornado"},{"floor":12,"key":"Darkstone Periapt"},{"floor":24,"key":"Oddly Smooth Stone"},{"floor":26,"key":"Turnip"},{"floor":31,"key":"Mango"},{"floor":36,"key":"Paper Frog"},{"floor":40,"key":"Boot"},{"floor":43,"key":"Pear"},{"floor":44,"key":"Bag of Marbles"},{"floor":45,"key":"Dream Catcher"}],"event_choices":[{"damage_healed":0,"gold_gain":150,"player_choice":"AGREE","damage_taken":0,"max_hp_gain":0,"max_hp_loss":0,"event_name":"Liars Game","floor":2,"gold_loss":0,"cards_obtained":["Doubt"]},{"damage_healed":0,"gold_gain":75,"player_choice":"Gather Gold","damage_taken":11,"max_hp_gain":0,"max_hp_loss":0,"event_name":"World of Goop","floor":3,"gold_loss":0},{"damage_healed":0,"gold_gain":0,"player_choice":"Ignored","damage_taken":0,"max_hp_gain":0,"max_hp_loss":0,"event_name":"Shining Light","floor":13,"gold_loss":0},{"damage_healed":0,"gold_gain":0,"player_choice":"Opened","damage_taken":0,"relics_obtained":["Smiling Mask"],"max_hp_gain":0,"max_hp_loss":0,"event_name":"The Mausoleum","floor":19,"gold_loss":0,"cards_obtained":["Writhe"]},{"cards_removed":["Uppercut"],"damage_healed":0,"gold_gain":0,"player_choice":"Gave Card","damage_taken":0,"relics_obtained":["Self Forming Clay"],"max_hp_gain":0,"max_hp_loss":0,"event_name":"WeMeetAgain","floor":20,"gold_loss":0},{"damage_healed":0,"gold_gain":0,"player_choice":"Max HP","damage_taken":0,"max_hp_gain":0,"max_hp_loss":6,"event_name":"Winding Halls","floor":37,"gold_loss":0},{"damage_healed":0,"gold_gain":0,"player_choice":"Ignored","damage_taken":0,"max_hp_gain":0,"max_hp_loss":0,"event_name":"Mysterious Sphere","floor":46,"gold_loss":0}],"is_beta":false,"boss_relics":[{"not_picked":["Snecko Eye","Mark of Pain"],"picked":"Cursed Key"},{"not_picked":["Empty Cage","Calling Bell"],"picked":"Runic Pyramid"}],"items_purged_floors":[11,39,47],"is_endless":false,"potions_floor_spawned":[8,12,14,21,25,27,33,38,40,44],"ascension_level":17}