{"gold_per_floor":[216,235,249,107,107,147,165,165,165,165,8,28,28,47,47,166,166,180,180,194,215,24,24,39,39,39,77,97,47,65,80,80,211,211,231,231,70,70,85,85,85],"floor_reached":41,"playtime":2958,"items_purged":[],"score":436,"play_id":"44e65d2d-c9b1-49fa-a02a-a5fe6fde7a4f","local_time":"20181225222014","is_ascension_mode":true,"campfire_choices":[{"floor":8,"key":"DIG"},{"data":"Demon Form","floor":10,"key":"SMITH"},{"floor":15,"key":"REST"},{"floor":23,"key":"DIG"},{"floor":25,"key":"DIG"},{"floor":32,"key":"REST"},{"data":"1","floor":40,"key":"LIFT"}],"neow_cost":"NONE","seed_source_timestamp":83640885620150,"circlet_count":0,"master_deck":["Defend_R","Defend_R","Defend_R","Defend_R","Bash","Warcry+1","Twin Strike","Armaments","Offering","Demon Form+1","Shockwave","Pummel","Feel No Pain","Infernal Blade","Reaper","Infernal Blade+1","Shockwave+1","Thunderclap+1","Battle Trance","Intimidate+1","Seeing Red","Whirlwind+1","Warcry","Limit Break","Flex","Headbutt+1","Armaments","Barricade","Heavy Blade","Limit Break","Inflame","Dropkick+1"],"relics":["Burning Blood","Golden Idol","Shovel","Bottled Tornado","Nunchaku","Astrolabe","Smiling Mask","Strange Spoon","Red Skull","Ornamental Fan","Girya","Champion Belt","Empty Cage"],"potions_floor_usage":[12,14,16,28,30,33,41],"damage_taken":[{"damage":5,"enemies":"Cultist","floor":1,"turns":4},{"damage":6,"enemies":"Jaw Worm","floor":2,"turns":3},{"damage":0,"enemies":"2 Louse","floor":3,"turns":3},{"damage":31,"enemies":"3 Sentries","floor":6,"turns":10},{"damage":13,"enemies":"Exordium Thugs","floor":7,"turns":5},{"damage":15,"enemies":"Large Slime","floor":12,"turns":5},{"damage":10,"enemies":"2 Fungi Beasts","floor":14,"turns":4},{"damage":29,"enemies":"The Guardian","floor":16,"turns":6},{"damage":14,"enemies":"Shell Parasite","floor":18,"turns":7},{"damage":6,"enemies":"Chosen","floor":20,"turns":4},{"damage":21,"enemies":"Shelled Parasite and Fungi","floor":21,"turns":4},{"damage":11,"enemies":"Cultist and Chosen","floor":24,"turns":6},{"damage":31,"enemies":"Slavers","floor":27,"turns":5},{"damage":21,"enemies":"Snake Plant","floor":28,"turns":2},{"damage":17,"enemies":"Snecko","floor":30,"turns":6},{"damage":30,"enemies":"Cultist and Chosen","floor":31,"turns":7},{"damage":31,"enemies":"Automaton","floor":33,"turns":5},{"damage":54,"enemies":"3 Darklings","floor":35,"turns":5},{"damage":39,"enemies":"3 Shapes","floor":39,"turns":3},{"damage":45,"enemies":"Jaw Worm Horde","floor":41,"turns":3}],"seed_played":"-2157893721807798264","potions_obtained":[{"floor":6,"key":"EntropicBrew"},{"floor":12,"key":"FearPotion"},{"floor":21,"key":"Strength Potion"},{"floor":27,"key":"Strength Potion"},{"floor":28,"key":"SkillPotion"},{"floor":33,"key":"Energy Potion"},{"floor":35,"key":"Ancient Potion"}],"is_trial":false,"path_per_floor":["M","M","M","$","?","E","M","R","T","R","$","M","?","M","R","B",null,"M","?","M","M","$","R","M","R","T","E","M","$","M","M","R","B",null,"M","?","$","$","M","R","M"],"character_chosen":"IRONCLAD","items_purchased":["Offering","Pummel","Feel No Pain","Strange Spoon","Flex","Limit Break","Inflame"],"campfire_rested":2,"item_purchase_floors":[4,11,11,22,29,37,37],"current_hp_per_floor":[80,80,80,80,60,35,28,28,28,28,28,19,19,15,39,16,80,78,78,78,80,80,80,80,80,80,61,46,46,50,33,57,32,80,73,73,73,73,40,40,0],"gold":85,"neow_bonus":"HUNDRED_GOLD","is_prod":false,"is_daily":false,"chose_seed":false,"campfire_upgraded":1,"win_rate":0,"timestamp":1545805214,"path_taken":["M","M","M","$","?","E","M","R","T","R","$","M","?","M","R","BOSS","M","?","M","M","?","R","M","R","T","E","M","$","M","M","R","BOSS","M","?","?","$","M","R","M"],"build_version":"2018-12-20","purchased_purges":0,"victory":false,"max_hp_per_floor":[80,80,80,80,80,80,80,80,80,80,80,80,80,80,80,80,80,80,80,80,80,80,80,80,80,80,80,80,80,80,80,80,80,80,80,80,80,80,80,80,80],"card_choices":[{"not_picked":["Clothesline","Cleave"],"picked":"Warcry","floor":1},{"not_picked":["Body Slam","Iron Wave"],"picked":"Twin Strike","floor":2},{"not_picked":["Headbutt","Sever Soul"],"picked":"Armaments","floor":3},{"not_picked":["Twin Strike","Hemokinesis"],"picked":"Demon Form","floor":6},{"not_picked":["Searing Blow","Body Slam"],"picked":"Shockwave","floor":7},{"not_picked":["Sword Boomerang","Perfected Strike"],"picked":"Infernal Blade","floor":12},{"not_picked":["Cleave","Pommel Strike"],"picked":"Thunderclap","floor":14},{"not_picked":["Feed","Barricade"],"picked":"Reaper","floor":16},{"not_picked":["Iron Wave+1","Infernal Blade"],"picked":"Battle Trance","floor":18},{"not_picked":["Sword Boomerang","Blood for Blood"],"picked":"Intimidate+1","floor":20},{"not_picked":["Sword Boomerang+1","Dual Wield"],"picked":"Seeing Red","floor":21},{"not_picked":["Clash","Searing Blow"],"picked":"Whirlwind+1","floor":24},{"not_picked":["Armaments","Pommel Strike"],"picked":"Warcry","floor":27},{"not_picked":["Heavy Blade","Whirlwind"],"picked":"Limit Break","floor":28},{"not_picked":["Reckless Charge+1","Iron Wave"],"picked":"Headbutt+1","floor":30},{"not_picked":["Clash","Iron Wave"],"picked":"Armaments","floor":31},{"not_picked":["Limit Break","Fiend Fire"],"picked":"Barricade","floor":33},{"not_picked":["Armaments","Pommel Strike"],"picked":"Heavy Blade","floor":35},{"not_picked":["Anger","Body Slam+1"],"picked":"Dropkick+1","floor":39}],"player_experience":107000,"relics_obtained":[{"floor":6,"key":"Shovel"},{"floor":8,"key":"Bottled Tornado"},{"floor":9,"key":"Nunchaku"},{"floor":23,"key":"Red Skull"},{"floor":25,"key":"Ornamental Fan"},{"floor":26,"key":"Girya"},{"floor":27,"key":"Champion Belt"}],"event_choices":[{"damage_healed":0,"gold_gain":0,"player_choice":"Take Damage","damage_taken":20,"relics_obtained":["Golden Idol"],"max_hp_gain":0,"max_hp_loss":0,"event_name":"Golden Idol","floor":5,"gold_loss":0},{"damage_healed":0,"gold_gain":0,"player_choice":"Grow","damage_taken":0,"max_hp_gain":0,"max_hp_loss":0,"event_name":"Living Wall","floor":13,"gold_loss":0,"cards_upgraded":["Warcry"]},{"damage_healed":0,"gold_gain":0,"player_choice":"Gave Potion","damage_taken":0,"relics_obtained":["Smiling Mask"],"max_hp_gain":0,"max_hp_loss":0,"event_name":"WeMeetAgain","floor":19,"gold_loss":0},{"cards_removed":["Thunderclap"],"damage_healed":0,"gold_gain":0,"player_choice":"Purged","damage_taken":0,"max_hp_gain":0,"max_hp_loss":0,"event_name":"Purifier","floor":36,"gold_loss":0}],"is_beta":false,"boss_relics":[{"not_picked":["Fusion Hammer","Mark of Pain"],"picked":"Astrolabe"},{"not_picked":["Philosopher\u0027s Stone","Coffee Dripper"],"picked":"Empty Cage"}],"items_purged_floors":[],"is_endless":false,"potions_floor_spawned":[6,12,21,27,28,33,35],"killed_by":"Jaw Worm Horde","ascension_level":1}