{"gold_per_floor":[111,111,111,136,161,202,202,271,301,337,352,383,413,434,434,434],"floor_reached":16,"playtime":561,"items_purged":[],"score":240,"play_id":"edbfa60d-5640-4a80-819f-beb0c3a20cca","local_time":"20190125231843","is_ascension_mode":true,"campfire_choices":[{"data":"Carnage","floor":7,"key":"SMITH"},{"data":"Seeing Red","floor":15,"key":"SMITH"}],"neow_cost":"NONE","seed_source_timestamp":154498842086100,"circlet_count":0,"master_deck":["AscendersBane","Strike_R","Strike_R","Strike_R","Strike_R","Strike_R","Defend_R","Defend_R","Defend_R","Defend_R","Bash","Cleave+1","Seeing Red+1","Carnage+1","Pommel Strike","True Grit","Pommel Strike","Armaments","Clothesline"],"relics":["Burning Blood","Regal Pillow","Golden Idol","Darkstone Periapt","Tiny Chest","Anchor","Bag of Marbles","Odd Mushroom"],"potions_floor_usage":[6,10,12,12],"damage_taken":[{"damage":14,"enemies":"Jaw Worm","floor":1,"turns":4},{"damage":8,"enemies":"2 Louse","floor":4,"turns":2},{"damage":11,"enemies":"Small Slimes","floor":5,"turns":3},{"damage":8,"enemies":"Gremlin Nob","floor":6,"turns":3},{"damage":25,"enemies":"Lagavulin","floor":10,"turns":4},{"damage":1,"enemies":"Looter","floor":11,"turns":2},{"damage":10,"enemies":"3 Sentries","floor":12,"turns":4},{"damage":0,"enemies":"The Mushroom Lair","floor":13,"turns":3},{"damage":3,"enemies":"Blue Slaver","floor":14,"turns":2},{"damage":43,"enemies":"Hexaghost","floor":16,"turns":9}],"seed_played":"-1811430394635241314","potions_obtained":[{"floor":1,"key":"GamblersBrew"},{"floor":5,"key":"FearPotion"},{"floor":6,"key":"SpeedPotion"},{"floor":11,"key":"Energy Potion"},{"floor":14,"key":"Explosive Potion"}],"is_trial":false,"path_per_floor":["M","?","?","M","M","E","R","?","T","E","M","E","?","M","R","B"],"character_chosen":"IRONCLAD","items_purchased":[],"campfire_rested":0,"item_purchase_floors":[],"current_hp_per_floor":[60,60,60,58,53,51,51,51,51,32,37,33,39,42,42,0],"gold":434,"neow_bonus":"RANDOM_COMMON_RELIC","is_prod":false,"is_daily":false,"chose_seed":false,"campfire_upgraded":2,"win_rate":0,"timestamp":1548458323,"path_taken":["M","?","?","M","M","E","R","?","T","E","M","E","?","M","R","BOSS"],"build_version":"2019-01-23","purchased_purges":0,"victory":false,"max_hp_per_floor":[75,75,68,68,68,68,68,68,68,68,68,68,68,68,68,68],"card_choices":[{"not_picked":["Perfected Strike","Combust"],"picked":"Cleave","floor":1},{"not_picked":["Sentinel","Power Through"],"picked":"Seeing Red","floor":4},{"not_picked":["Perfected Strike","Iron Wave"],"picked":"Carnage","floor":5},{"not_picked":["Reckless Charge","Armaments"],"picked":"Pommel Strike","floor":6},{"not_picked":["Clash","Fire Breathing","Warcry"],"picked":"SKIP","floor":10},{"not_picked":["Flex","Dual Wield"],"picked":"True Grit","floor":11},{"not_picked":["True Grit","Fiend Fire"],"picked":"Pommel Strike","floor":12},{"not_picked":["Anger","Pummel"],"picked":"Armaments","floor":13},{"not_picked":["Sword Boomerang","Flex"],"picked":"Clothesline","floor":14}],"player_experience":1218105,"relics_obtained":[{"floor":6,"key":"Darkstone Periapt"},{"floor":9,"key":"Tiny Chest"},{"floor":10,"key":"Anchor"},{"floor":12,"key":"Bag of Marbles"},{"floor":13,"key":"Odd Mushroom"}],"event_choices":[{"damage_healed":0,"gold_gain":0,"player_choice":"Grow","damage_taken":0,"max_hp_gain":0,"max_hp_loss":0,"event_name":"Living Wall","floor":2,"gold_loss":0,"cards_upgraded":["Cleave"]},{"damage_healed":0,"gold_gain":0,"player_choice":"Lose Max HP","damage_taken":0,"relics_obtained":["Golden Idol"],"max_hp_gain":0,"max_hp_loss":7,"event_name":"Golden Idol","floor":3,"gold_loss":0},{"damage_healed":0,"gold_gain":69,"player_choice":"Gained Gold","damage_taken":0,"max_hp_gain":0,"max_hp_loss":0,"event_name":"Golden Wing","floor":8,"gold_loss":0},{"damage_healed":0,"gold_gain":0,"player_choice":"Fought Mushrooms","damage_taken":0,"max_hp_gain":0,"max_hp_loss":0,"event_name":"Mushrooms","floor":13,"gold_loss":0}],"is_beta":false,"boss_relics":[],"items_purged_floors":[],"is_endless":false,"potions_floor_spawned":[1,5,6,11,14],"killed_by":"Hexaghost","ascension_level":20}