{"gold_per_floor":[116,116,134,151,151,151,151,151,226,226,226,237,270,288,288,288],"floor_reached":16,"playtime":473,"items_purged":[],"score":200,"play_id":"4da5501e-f9bf-4258-b7b2-25860ccad459","local_time":"20190128213008","is_ascension_mode":true,"campfire_choices":[{"data":"Zap","floor":6,"key":"SMITH"},{"data":"Dualcast","floor":8,"key":"SMITH"},{"data":"Cold Snap","floor":10,"key":"SMITH"},{"data":"Ball Lightning","floor":15,"key":"SMITH"}],"neow_cost":"NONE","seed_source_timestamp":407273452645900,"circlet_count":0,"master_deck":["AscendersBane","Strike_B","Strike_B","Strike_B","Strike_B","Defend_B","Defend_B","Defend_B","Defend_B","Zap+1","Dualcast+1","Cold Snap+1","Ball Lightning+1","Conserve Battery","Glacier","Steam"],"relics":["Cracked Core","Nunchaku","Bottled Flame","Thread and Needle"],"potions_floor_usage":[],"damage_taken":[{"damage":12,"enemies":"2 Louse","floor":1,"turns":3},{"damage":2,"enemies":"Jaw Worm","floor":3,"turns":3},{"damage":5,"enemies":"Small Slimes","floor":4,"turns":3},{"damage":7,"enemies":"Red Slaver","floor":12,"turns":2},{"damage":23,"enemies":"Lagavulin","floor":13,"turns":6},{"damage":0,"enemies":"Exordium Thugs","floor":14,"turns":4},{"damage":47,"enemies":"Hexaghost","floor":16,"turns":14}],"seed_played":"-468748414547324604","potions_obtained":[{"floor":3,"key":"Ancient Potion"}],"is_trial":false,"path_per_floor":["M","?","M","M","T","R","$","R","T","R","?","M","E","M","R","B"],"character_chosen":"DEFECT","items_purchased":[],"campfire_rested":0,"item_purchase_floors":[],"current_hp_per_floor":[52,52,50,45,45,45,45,45,45,45,71,64,41,41,41,0],"gold":288,"neow_bonus":"RANDOM_COLORLESS","is_prod":false,"is_daily":false,"chose_seed":false,"campfire_upgraded":4,"win_rate":0,"timestamp":1548711008,"path_taken":["M","?","M","M","?","R","$","R","T","R","?","M","E","?","R","BOSS"],"build_version":"2019-01-23","purchased_purges":0,"victory":false,"max_hp_per_floor":[71,71,71,71,71,71,71,71,71,71,71,71,71,71,71,71],"card_choices":[{"not_picked":["Darkness","Rebound","Turbo"],"picked":"SKIP","floor":1},{"not_picked":["Chaos","Hologram"],"picked":"Cold Snap","floor":3},{"not_picked":["Reinforced Body","Static Discharge"],"picked":"Ball Lightning","floor":4},{"not_picked":["Blizzard","Biased Cognition"],"picked":"Conserve Battery","floor":12},{"not_picked":["Coolheaded","Creative AI"],"picked":"Glacier","floor":13},{"not_picked":["Barrage","Gash"],"picked":"Steam","floor":14}],"player_experience":1254345,"relics_obtained":[{"floor":5,"key":"Nunchaku"},{"floor":9,"key":"Bottled Flame"},{"floor":13,"key":"Thread and Needle"}],"event_choices":[{"damage_healed":0,"gold_gain":0,"player_choice":"Ignored","damage_taken":0,"max_hp_gain":0,"max_hp_loss":0,"event_name":"Liars Game","floor":2,"gold_loss":0},{"cards_removed":["Deep Breath"],"damage_healed":26,"gold_gain":0,"player_choice":"Offered Uncommon","damage_taken":0,"max_hp_gain":0,"max_hp_loss":0,"event_name":"Bonfire Elementals","floor":11,"gold_loss":0}],"is_beta":false,"boss_relics":[],"items_purged_floors":[],"is_endless":false,"potions_floor_spawned":[3],"killed_by":"Hexaghost","ascension_level":20}