{"gold_per_floor":[110,110,60,73,92,92,125,125,125,142,142,152,82,93,93,195,195,205,205,120,38,137,137,170,190,190,209,226,226],"floor_reached":29,"playtime":1153,"items_purged":[],"score":245,"play_id":"a62fa0d4-7421-4309-b10a-cba7327bbc9f","local_time":"20190704105325","is_ascension_mode":false,"campfire_choices":[{"data":"Defragment","floor":6,"key":"SMITH"},{"data":"Zap","floor":11,"key":"SMITH"},{"floor":15,"key":"REST"},{"data":"Defragment","floor":23,"key":"SMITH"}],"neow_cost":"NONE","seed_source_timestamp":1090734171804614,"circlet_count":0,"master_deck":["Strike_B","Strike_B","Strike_B","Defend_B","Defend_B","Defend_B","Defend_B","Zap+1","Dualcast","Cold Snap","Barrage+1","Defragment+1","Gash","Conserve Battery","Defragment+1","Coolheaded","Cold Snap","Leap","Seek","Storm+1","Doom and Gloom","Reinforced Body+1","Gash","Gash"],"relics":["Cracked Core","Emotion Chip","Calipers","Runic Pyramid","Strawberry","Potion Belt","Sundial"],"potions_floor_usage":[7,16,24],"damage_taken":[{"damage":11,"enemies":"Jaw Worm","floor":1,"turns":3},{"damage":0,"enemies":"2 Louse","floor":4,"turns":2},{"damage":5,"enemies":"Small Slimes","floor":5,"turns":3},{"damage":2,"enemies":"Gremlin Nob","floor":7,"turns":3},{"damage":4,"enemies":"Exordium Thugs","floor":10,"turns":3},{"damage":10,"enemies":"Looter","floor":12,"turns":3},{"damage":7,"enemies":"Large Slime","floor":14,"turns":5},{"damage":24,"enemies":"Hexaghost","floor":16,"turns":9},{"damage":9,"enemies":"Spheric Guardian","floor":18,"turns":4},{"damage":37,"enemies":"Slavers","floor":24,"turns":5},{"damage":5,"enemies":"Shell Parasite","floor":25,"turns":4},{"damage":16,"enemies":"Shelled Parasite and Fungi","floor":27,"turns":3},{"damage":5,"enemies":"Sentry and Sphere","floor":28,"turns":6},{"damage":0,"enemies":"Snake Plant","floor":29,"turns":1}],"seed_played":"-6659531597836419545","potions_obtained":[{"floor":1,"key":"GamblersBrew"},{"floor":5,"key":"Strength Potion"},{"floor":14,"key":"FearPotion"},{"floor":16,"key":"AttackPotion"},{"floor":28,"key":"FocusPotion"}],"is_trial":false,"path_per_floor":["M","?","?","M","M","R","E","?","T","M","R","M","$","M","R","B",null,"M","?","?","$","?","R","E","M","T","M","M","M"],"character_chosen":"DEFECT","items_purchased":["Coolheaded","Cold Snap","Doom and Gloom"],"campfire_rested":1,"item_purchase_floors":[13,13,21],"current_hp_per_floor":[71,71,71,71,66,66,64,64,64,60,60,50,50,43,67,43,82,73,73,80,80,80,80,43,38,38,22,17,17],"gold":226,"neow_bonus":"TEN_PERCENT_HP_BONUS","is_prod":false,"is_daily":false,"chose_seed":false,"campfire_upgraded":3,"win_rate":0,"timestamp":1562262805,"path_taken":["M","?","?","M","M","R","E","?","T","?","R","M","$","M","R","BOSS","M","?","?","$","?","R","E","M","T","?","M","M"],"build_version":"2019-07-01","purchased_purges":0,"victory":false,"max_hp_per_floor":[82,82,82,82,82,82,82,82,82,82,82,82,82,82,82,82,82,82,82,89,89,89,89,89,89,89,89,89,89],"card_choices":[{"not_picked":["Fusion","Sweeping Beam"],"picked":"Cold Snap","floor":1},{"not_picked":["Go for the Eyes","Beam Cell"],"picked":"Barrage","floor":4},{"not_picked":["Chaos","Auto Shields"],"picked":"Defragment","floor":5},{"not_picked":["FTL","Turbo"],"picked":"Gash","floor":7},{"not_picked":["Thunder Strike","Steam"],"picked":"Conserve Battery","floor":10},{"not_picked":["Stack","Ball Lightning"],"picked":"Defragment","floor":12},{"not_picked":["Sweeping Beam","Beam Cell"],"picked":"Leap","floor":14},{"not_picked":["Multi-Cast","Creative AI"],"picked":"Seek","floor":16},{"not_picked":["Reprogram","Stack"],"picked":"Storm+1","floor":18},{"not_picked":["Redo+1","Rebound"],"picked":"Reinforced Body+1","floor":24},{"not_picked":["Rebound+1","Turbo"],"picked":"Gash","floor":25},{"not_picked":["Ball Lightning+1","Turbo","Force Field+1"],"picked":"SKIP","floor":27},{"not_picked":["Cold Snap","Ball Lightning"],"picked":"Gash","floor":28}],"player_experience":626378,"relics_obtained":[{"floor":7,"key":"Emotion Chip"},{"floor":9,"key":"Calipers"},{"floor":24,"key":"Potion Belt"},{"floor":26,"key":"Sundial"}],"event_choices":[{"damage_healed":0,"gold_gain":0,"player_choice":"Ignored","damage_taken":0,"max_hp_gain":0,"max_hp_loss":0,"event_name":"Liars Game","floor":2,"gold_loss":0},{"cards_removed":["Strike_B"],"damage_healed":0,"gold_gain":0,"player_choice":"Card Removal","damage_taken":0,"max_hp_gain":0,"max_hp_loss":0,"event_name":"The Cleric","floor":3,"gold_loss":50},{"damage_healed":0,"gold_gain":0,"player_choice":"Forge","damage_taken":0,"max_hp_gain":0,"max_hp_loss":0,"event_name":"Accursed Blacksmith","floor":8,"gold_loss":0,"cards_upgraded":["Barrage"]},{"damage_healed":0,"gold_gain":0,"player_choice":"Ignored","damage_taken":0,"max_hp_gain":0,"max_hp_loss":0,"event_name":"Vampires","floor":19,"gold_loss":0},{"damage_healed":0,"gold_gain":0,"player_choice":"Obtained Relic","damage_taken":0,"relics_obtained":["Strawberry"],"max_hp_gain":0,"max_hp_loss":0,"event_name":"Addict","floor":20,"gold_loss":85},{"damage_healed":0,"gold_gain":99,"player_choice":"Stole From Cult","damage_taken":0,"max_hp_gain":0,"max_hp_loss":0,"event_name":"Nest","floor":22,"gold_loss":0}],"is_beta":false,"boss_relics":[{"not_picked":["Snecko Eye","Orrery"],"picked":"Runic Pyramid"}],"items_purged_floors":[],"is_endless":false,"potions_floor_spawned":[1,5,14,16,28],"killed_by":"Snake Plant","ascension_level":0}