{"gold_per_floor":[112,132,147,161,86,117,130,165,189,189,201],"floor_reached":11,"playtime":1715,"items_purged":["Strike_R"],"score":91,"play_id":"61159fde-3700-43d3-93c9-c7b933efee6a","local_time":"20190701101042","is_ascension_mode":true,"campfire_choices":[{"floor":10,"key":"REST"}],"neow_cost":"NONE","seed_source_timestamp":0,"circlet_count":0,"master_deck":["Strike_R","Strike_R","Strike_R","Strike_R","Defend_R","Defend_R","Defend_R","Defend_R","Bash","Armaments","Feel No Pain","Armaments","Double Tap","Shrug It Off","Battle Trance","Whirlwind"],"special_seed":0,"relics":["Burning Blood","Smiling Mask","Omamori","Ancient Tea Set"],"potions_floor_usage":[],"damage_taken":[{"damage":2.0,"enemies":"2 Louse","floor":1.0,"turns":3.0},{"damage":1,"enemies":"Cultist","floor":2,"turns":4},{"damage":3,"enemies":"Small Slimes","floor":3,"turns":3},{"damage":5,"enemies":"Looter","floor":4,"turns":4},{"damage":29,"enemies":"3 Sentries","floor":6,"turns":20},{"damage":12,"enemies":"3 Louse","floor":7,"turns":7},{"damage":39,"enemies":"Lagavulin","floor":8,"turns":11},{"damage":5,"enemies":"Red Slaver","floor":11,"turns":4}],"seed_played":"-4859474751454796453","potions_obtained":[{"floor":1,"key":"EssenceOfSteel"},{"floor":3,"key":"AttackPotion"},{"floor":6,"key":"Weak Potion"}],"is_trial":false,"path_per_floor":["M","M","M","M","$","E","M","E","T","R","M"],"character_chosen":"IRONCLAD","items_purchased":[],"campfire_rested":1,"item_purchase_floors":[],"current_hp_per_floor":[88,88,88,88,88,65,59,26,26,52,53],"gold":201,"neow_bonus":"TEN_PERCENT_HP_BONUS","is_prod":false,"is_daily":false,"chose_seed":false,"campfire_upgraded":0,"win_rate":0,"timestamp":1561947042,"path_taken":["M","M","M","M","$","E","M","E","T","R","M"],"build_version":"2019-01-23","purchased_purges":1,"victory":false,"max_hp_per_floor":[88,88,88,88,88,88,88,88,88,88,88],"card_choices":[{"not_picked":["Intimidate","Warcry"],"picked":"Armaments","floor":1},{"not_picked":["Heavy Blade","Clash"],"picked":"Feel No Pain","floor":2},{"not_picked":["Carnage","Twin Strike"],"picked":"Armaments","floor":3},{"not_picked":["Blood for Blood","Twin Strike","Iron Wave"],"picked":"SKIP","floor":4},{"not_picked":["Metallicize","Hemokinesis"],"picked":"Double Tap","floor":6},{"not_picked":["Perfected Strike","Heavy Blade"],"picked":"Shrug It Off","floor":7},{"not_picked":["True Grit","Burning Pact"],"picked":"Battle Trance","floor":8},{"not_picked":["Clash","True Grit"],"picked":"Whirlwind","floor":11}],"player_experience":80156,"relics_obtained":[{"floor":6,"key":"Smiling Mask"},{"floor":8,"key":"Omamori"},{"floor":9,"key":"Ancient Tea Set"}],"event_choices":[],"is_beta":false,"boss_relics":[],"items_purged_floors":[5],"is_endless":false,"potions_floor_spawned":[1,3,6],"killed_by":"Red Slaver","ascension_level":1}