{"gold_per_floor":[117,135,135,158,132,132,167,167,221,221,239,239,268,278,278,357,357,375,269,269,279,293,293,293],"floor_reached":24,"playtime":883,"items_purged":[],"score":458,"play_id":"6d982a44-9182-4a9f-98e5-f247184950da","local_time":"20190117222549","is_ascension_mode":true,"campfire_choices":[{"data":"Infernal Blade","floor":6,"key":"SMITH"},{"data":"Infernal Blade","floor":8,"key":"SMITH"},{"data":"Dual Wield","floor":12,"key":"SMITH"},{"data":"Clothesline","floor":15,"key":"SMITH"},{"floor":23,"key":"RECALL"}],"neow_cost":"NONE","seed_source_timestamp":128728119136923,"circlet_count":0,"master_deck":["AscendersBane","Strike_R+1","Strike_R","Strike_R","Strike_R","Strike_R","Defend_R","Defend_R","Defend_R","Defend_R","Bash+1","Metallicize","Infernal Blade+1","Shrug It Off","Infernal Blade+1","Carnage","Decay","Dual Wield+1","Clothesline+1","Iron Wave","Limit Break","Bandage Up","Battle Trance"],"relics":["Burning Blood","NeowsBlessing","Sundial","Lantern","Dream Catcher","Whetstone","Turnip","Fusion Hammer"],"potions_floor_usage":[13,16,16,21,24],"damage_taken":[{"damage":0,"enemies":"Cultist","floor":1,"turns":1},{"damage":0,"enemies":"Jaw Worm","floor":2,"turns":1},{"damage":0,"enemies":"3 Sentries","floor":7,"turns":1},{"damage":1,"enemies":"Small Slimes","floor":11,"turns":3},{"damage":10,"enemies":"Gremlin Nob","floor":13,"turns":3},{"damage":24,"enemies":"Gremlin Gang","floor":14,"turns":4},{"damage":23,"enemies":"The Guardian","floor":16,"turns":10},{"damage":25,"enemies":"Shell Parasite","floor":18,"turns":4},{"damage":2,"enemies":"3 Byrds","floor":21,"turns":4},{"damage":8,"enemies":"Centurion and Healer","floor":22,"turns":7},{"damage":79,"enemies":"Gremlin Leader","floor":24,"turns":6}],"seed_played":"-5690549961636618921","potions_obtained":[{"floor":2,"key":"FearPotion"},{"floor":13,"key":"EssenceOfSteel"},{"floor":14,"key":"Explosive Potion"},{"floor":20,"key":"Strength Potion"},{"floor":20,"key":"Block Potion"}],"is_trial":false,"path_per_floor":["M","M","T","T","$","R","E","R","T","?","M","R","E","M","R","B",null,"M","$","?","M","M","R","E"],"character_chosen":"IRONCLAD","items_purchased":["Shrug It Off","Bandage Up"],"campfire_rested":0,"item_purchase_floors":[5,19],"current_hp_per_floor":[74,75,75,75,75,75,75,75,75,75,75,75,71,53,53,36,65,46,46,46,54,56,56,0],"gold":293,"neow_bonus":"THREE_ENEMY_KILL","is_prod":false,"is_daily":false,"chose_seed":false,"campfire_upgraded":4,"win_rate":0,"timestamp":1547763949,"path_taken":["M","M","?","?","?","R","E","R","T","?","?","R","E","M","R","BOSS","M","$","?","?","M","R","E"],"build_version":"2019-01-10","purchased_purges":0,"victory":false,"max_hp_per_floor":[75,75,75,75,75,75,75,75,75,75,75,75,75,75,75,75,75,75,75,75,75,75,75,75],"card_choices":[{"not_picked":["Warcry","Anger"],"picked":"Metallicize","floor":1},{"not_picked":["Dual Wield","Spot Weakness"],"picked":"Infernal Blade","floor":2},{"not_picked":["Intimidate","Bludgeon"],"picked":"Infernal Blade","floor":7},{"not_picked":["Sentinel","Wild Strike","Dual Wield"],"picked":"SKIP","floor":11},{"not_picked":["Sentinel","Wild Strike"],"picked":"Dual Wield","floor":11},{"not_picked":["Sever Soul","Intimidate"],"picked":"Clothesline","floor":13},{"not_picked":["Wild Strike","Bloodletting"],"picked":"Iron Wave","floor":14},{"not_picked":["Berserk","Juggernaut"],"picked":"Limit Break","floor":16},{"not_picked":["Sever Soul","Twin Strike","Burning Pact"],"picked":"SKIP","floor":18},{"not_picked":["Headbutt","Armaments","Sword Boomerang"],"picked":"SKIP","floor":21},{"not_picked":["Wild Strike+1","Perfected Strike"],"picked":"Battle Trance","floor":22}],"player_experience":1174174,"relics_obtained":[{"floor":3,"key":"Sundial"},{"floor":4,"key":"Lantern"},{"floor":7,"key":"Dream Catcher"},{"floor":9,"key":"Whetstone"},{"floor":13,"key":"Turnip"}],"event_choices":[{"damage_healed":0,"gold_gain":0,"player_choice":"2 cards matched","damage_taken":0,"max_hp_gain":0,"max_hp_loss":0,"event_name":"Match and Keep!","floor":10,"gold_loss":0,"cards_obtained":["Carnage","Decay"]},{"damage_healed":0,"gold_gain":0,"player_choice":"Got Potions","damage_taken":0,"max_hp_gain":0,"max_hp_loss":0,"event_name":"Lab","floor":20,"gold_loss":0}],"is_beta":false,"boss_relics":[{"not_picked":["Lizard Tail","Empty Cage"],"picked":"Fusion Hammer"}],"items_purged_floors":[],"is_endless":false,"potions_floor_spawned":[2,13,14],"killed_by":"Gremlin Leader","ascension_level":20}