{"gold_per_floor":[113,113,113,0,0,0,32,32,85,101,101,101,101,134,134,205,205,218,218,172,172,172,172,19,19,64,81,81,81,81,94,94,94],"floor_reached":33,"playtime":1019,"items_purged":["Writhe"],"score":494,"play_id":"2817d1b5-16e9-4fb5-a8eb-732c80aa7b20","local_time":"20190127211746","is_ascension_mode":true,"campfire_choices":[{"data":"Defragment","floor":6,"key":"SMITH"},{"floor":8,"key":"REST"},{"floor":13,"key":"REST"},{"floor":15,"key":"REST"},{"data":"Buffer","floor":23,"key":"SMITH"},{"floor":25,"key":"REST"},{"data":"Defragment","floor":28,"key":"SMITH"},{"data":"Go for the Eyes","floor":30,"key":"SMITH"},{"floor":32,"key":"REST"}],"neow_cost":"NONE","seed_source_timestamp":319582583796100,"circlet_count":0,"master_deck":["AscendersBane","Strike_B+1","Strike_B+1","Strike_B","Strike_B","Defend_B","Defend_B","Defend_B","Defend_B","Zap+1","Dualcast+1","Self Repair","Defragment+1","Leap","Gash","Conserve Battery","Buffer+1","Capacitor","Go for the Eyes+1","Defragment+1","Parasite","Gash","BootSequence"],"relics":["Cracked Core","Shuriken","Potion Belt","Oddly Smooth Stone","Cursed Key","Dead Branch","Bronze Scales"],"potions_floor_usage":[16,27,33,33],"damage_taken":[{"damage":7,"enemies":"Small Slimes","floor":1,"turns":3},{"damage":31,"enemies":"Gremlin Nob","floor":7,"turns":4},{"damage":2,"enemies":"Jaw Worm","floor":10,"turns":3},{"damage":25,"enemies":"Lagavulin","floor":14,"turns":6},{"damage":34,"enemies":"The Guardian","floor":16,"turns":11},{"damage":25,"enemies":"Chosen","floor":18,"turns":7},{"damage":41,"enemies":"2 Thieves","floor":20,"turns":5},{"damage":18,"enemies":"Shelled Parasite and Fungi","floor":27,"turns":8},{"damage":24,"enemies":"Centurion and Healer","floor":31,"turns":10},{"damage":64,"enemies":"Automaton","floor":33,"turns":8}],"seed_played":"1953660423346235679","potions_obtained":[{"floor":1,"key":"Explosive Potion"},{"floor":10,"key":"SpeedPotion"},{"floor":18,"key":"Strength Potion"},{"floor":27,"key":"Fire Potion"},{"floor":31,"key":"AttackPotion"}],"is_trial":false,"path_per_floor":["M","?","?","$","?","R","E","R","T","M","$","?","R","E","R","B",null,"M","?","M","?","?","R","$","R","T","M","R","$","R","M","R","B"],"character_chosen":"DEFECT","items_purchased":["Defragment","Leap","Defragment"],"campfire_rested":5,"item_purchase_floors":[4,4,24],"current_hp_per_floor":[57,36,36,36,36,36,12,33,33,38,38,43,65,47,69,42,68,50,50,16,31,31,31,31,53,53,42,42,42,42,25,47,0],"gold":94,"neow_bonus":"UPGRADE_CARD","is_prod":false,"is_daily":false,"chose_seed":false,"campfire_upgraded":4,"win_rate":0,"timestamp":1548623866,"path_taken":["M","?","?","$","?","R","E","R","T","M","?","?","R","E","R","BOSS","M","?","M","?","?","R","$","R","T","M","R","?","R","?","R","BOSS"],"build_version":"2019-01-23","purchased_purges":1,"victory":false,"max_hp_per_floor":[71,71,71,71,71,71,71,71,71,71,71,76,76,76,76,76,76,76,76,76,76,76,76,76,76,76,76,76,76,76,76,76,76],"card_choices":[{"not_picked":["Compile Driver","Turbo"],"picked":"Self Repair","floor":1},{"not_picked":["Rebound","Compile Driver"],"picked":"Gash","floor":7},{"not_picked":["Aggregate","Chill"],"picked":"Conserve Battery","floor":10},{"not_picked":["Chaos","Genetic Algorithm","Consume"],"picked":"SKIP","floor":14},{"not_picked":["Fission","Meteor Strike"],"picked":"Buffer","floor":16},{"not_picked":["Leap+1","Tempest"],"picked":"Capacitor","floor":18},{"not_picked":["Barrage+1","Stack+1"],"picked":"Go for the Eyes","floor":20},{"not_picked":["Cold Snap","Double Energy"],"picked":"Gash","floor":27},{"not_picked":["Steam","Self Repair+1"],"picked":"BootSequence","floor":31}],"player_experience":1242010,"relics_obtained":[{"floor":7,"key":"Shuriken"},{"floor":9,"key":"Potion Belt"},{"floor":14,"key":"Oddly Smooth Stone"},{"floor":26,"key":"Bronze Scales"}],"event_choices":[{"damage_healed":0,"gold_gain":0,"player_choice":"Entered Light","damage_taken":21,"max_hp_gain":0,"max_hp_loss":0,"event_name":"Shining Light","floor":2,"gold_loss":0,"cards_upgraded":["Strike_B","Strike_B"]},{"damage_healed":0,"gold_gain":0,"player_choice":"Grow","damage_taken":0,"max_hp_gain":0,"max_hp_loss":0,"event_name":"Living Wall","floor":3,"gold_loss":0,"cards_upgraded":["Dualcast"]},{"damage_healed":0,"gold_gain":0,"player_choice":"Ignored","damage_taken":0,"max_hp_gain":0,"max_hp_loss":0,"event_name":"Liars Game","floor":5,"gold_loss":0},{"damage_healed":0,"gold_gain":0,"player_choice":"Donut","damage_taken":0,"max_hp_gain":5,"max_hp_loss":0,"event_name":"Big Fish","floor":12,"gold_loss":0},{"damage_healed":0,"gold_gain":0,"player_choice":"Ignored","damage_taken":0,"max_hp_gain":0,"max_hp_loss":0,"event_name":"Ghosts","floor":19,"gold_loss":0},{"damage_healed":15,"gold_gain":0,"player_choice":"Heal","damage_taken":0,"max_hp_gain":0,"max_hp_loss":0,"event_name":"The Library","floor":21,"gold_loss":0},{"damage_healed":0,"gold_gain":0,"player_choice":"Opened","damage_taken":0,"relics_obtained":["Dead Branch"],"max_hp_gain":0,"max_hp_loss":0,"event_name":"The Mausoleum","floor":22,"gold_loss":0,"cards_obtained":["Writhe"]}],"is_beta":false,"boss_relics":[{"not_picked":["Eternal Feather","Lizard Tail"],"picked":"Cursed Key"}],"items_purged_floors":[24],"is_endless":false,"potions_floor_spawned":[1,10,18,27,31],"killed_by":"Automaton","ascension_level":20}