{"gold_per_floor":[114,132,132,0,0,30,205,205,277,277,306,326,326,146,146,242,242,259,259,14,34,54,89,102,102,102,102,102,114,114,129,129,226,226,241,341,361,103,103,130,130,142,142,142,170,170,170,183,183,183],"floor_reached":50,"playtime":4292,"items_purged":["Regret"],"score":593,"play_id":"ae970a5b-d5c3-419a-92c6-6c2870c45ce6","local_time":"20190630222024","is_ascension_mode":true,"campfire_choices":[{"data":"Blade Dance","floor":10,"key":"SMITH"},{"floor":13,"key":"REST"},{"floor":15,"key":"REST"},{"floor":25,"key":"REST"},{"floor":27,"key":"REST"},{"data":"Noxious Fumes","floor":30,"key":"SMITH"},{"floor":32,"key":"REST"},{"floor":44,"key":"REST"},{"floor":46,"key":"REST"},{"data":"Accuracy","floor":49,"key":"SMITH"}],"neow_cost":"NONE","seed_source_timestamp":69047637176267,"circlet_count":0,"master_deck":["Defend_G","Defend_G","Defend_G","Defend_G","Strike_G","Strike_G","Strike_G","Survivor","Neutralize","PiercingWail","Quick Slash","Well Laid Plans","Blade Dance+1","Accuracy+1","Noxious Fumes+1","Dodge and Roll","Footwork","Dash","After Image","Caltrops+1","Flechettes+1","Calculated Gamble","Dark Shackles","Catalyst","Escape Plan","Bouncing Flask+1","Blade Dance","Writhe","Bane","Sucker Punch","After Image","Cloak And Dagger+1","Cloak And Dagger+1","Slice+1","Crippling Poison","Glass Knife","Footwork","Madness","Madness","Blur+1","Secret Technique","PanicButton","Sucker Punch+1","Infinite Blades+1","Backflip"],"relics":["Lizard Tail","Paper Crane","Lantern","Bottled Lightning","Odd Mushroom","Astrolabe","Incense Burner","Membership Card","Snake Skull","Letter Opener","Eternal Feather","Thread and Needle","Kunai","Torii","Sundial","Blood Vial"],"potions_floor_usage":[6,24,24,31,37,37,45,45,50],"damage_taken":[{"damage":9,"enemies":"Small Slimes","floor":1,"turns":5},{"damage":5,"enemies":"Jaw Worm","floor":2,"turns":7},{"damage":28,"enemies":"Lagavulin","floor":6,"turns":11},{"damage":17,"enemies":"The Mushroom Lair","floor":11,"turns":5},{"damage":4,"enemies":"2 Louse","floor":12,"turns":4},{"damage":36,"enemies":"Hexaghost","floor":16,"turns":15},{"damage":2,"enemies":"3 Byrds","floor":18,"turns":6},{"damage":17,"enemies":"2 Thieves","floor":21,"turns":4},{"damage":20,"enemies":"Chosen and Byrds","floor":22,"turns":7},{"damage":24,"enemies":"Gremlin Leader","floor":23,"turns":11},{"damage":5,"enemies":"Centurion and Healer","floor":24,"turns":6},{"damage":12,"enemies":"Snake Plant","floor":29,"turns":5},{"damage":26,"enemies":"Cultist and Chosen","floor":31,"turns":8},{"damage":53,"enemies":"Champ","floor":33,"turns":12},{"damage":1,"enemies":"3 Shapes","floor":35,"turns":5},{"damage":3,"enemies":"Mind Bloom Boss Battle","floor":36,"turns":9},{"damage":11,"enemies":"3 Darklings","floor":37,"turns":6},{"damage":30,"enemies":"Nemesis","floor":40,"turns":9},{"damage":0,"enemies":"Sphere and 2 Shapes","floor":42,"turns":8},{"damage":47,"enemies":"Giant Head","floor":45,"turns":13},{"damage":33,"enemies":"Jaw Worm Horde","floor":48,"turns":6},{"damage":67,"enemies":"Donu and Deca","floor":50,"turns":7}],"seed_played":"-1269974631142992896","potions_obtained":[{"floor":2,"key":"Ancient Potion"},{"floor":16,"key":"Swift Potion"},{"floor":18,"key":"SpeedPotion"},{"floor":22,"key":"SpeedPotion"},{"floor":23,"key":"AttackPotion"},{"floor":33,"key":"Weak Potion"},{"floor":35,"key":"Block Potion"},{"floor":37,"key":"Poison Potion"},{"floor":42,"key":"Weak Potion"},{"floor":48,"key":"Strength Potion"}],"is_trial":false,"path_per_floor":["M","M","?","$","?","E","?","?","T","R","?","M","R","$","R","B",null,"M","?","$","M","M","E","M","R","T","R","?","M","R","M","R","B",null,"M","?","M","$","?","E","?","M","T","R","E","R","?","M","R","B"],"character_chosen":"THE_SILENT","items_purchased":["Well Laid Plans","Blade Dance","Footwork","Dash","Membership Card","Dark Shackles","Kunai","Crippling Poison","Glass Knife","Footwork"],"campfire_rested":7,"item_purchase_floors":[4,4,14,14,20,20,38,38,38,38],"current_hp_per_floor":[61,56,56,56,56,28,28,28,28,28,11,7,28,28,49,13,70,68,68,68,51,31,7,2,23,23,44,44,32,32,6,27,13,70,69,66,55,55,46,16,11,11,11,56,9,57,57,26,53,0],"gold":183,"neow_bonus":"BOSS_RELIC","is_prod":false,"is_daily":false,"chose_seed":false,"campfire_upgraded":3,"win_rate":0,"timestamp":1561958424,"path_taken":["M","M","?","$","?","E","?","?","T","R","?","?","R","$","R","BOSS","M","?","$","M","M","E","M","R","T","R","?","M","R","?","R","BOSS","M","?","M","$","?","E","?","?","T","R","E","R","?","M","R","BOSS"],"build_version":"2019-01-23","purchased_purges":1,"victory":false,"max_hp_per_floor":[70,70,70,70,70,70,70,70,70,70,70,70,70,70,70,70,70,70,70,70,70,70,70,70,70,70,70,70,70,70,70,70,70,70,70,70,70,70,70,70,70,70,70,70,70,70,70,70,70,70],"card_choices":[{"not_picked":["Outmaneuver","Sucker Punch"],"picked":"PiercingWail","floor":1},{"not_picked":["Concentrate","Dagger Spray"],"picked":"Quick Slash","floor":2},{"not_picked":["Flechettes","Sucker Punch"],"picked":"Accuracy","floor":6},{"not_picked":["Distraction","Concentrate"],"picked":"Noxious Fumes","floor":11},{"not_picked":["Escape Plan","Poisoned Stab"],"picked":"Dodge and Roll","floor":12},{"not_picked":["Night Terror","Grand Finale"],"picked":"After Image","floor":16},{"not_picked":["Caltrops+1","Flying Knee"],"picked":"Calculated Gamble","floor":18},{"not_picked":["PiercingWail+1","Dagger Spray"],"picked":"Catalyst","floor":21},{"not_picked":["Deadly Poison","Bane"],"picked":"Escape Plan","floor":22},{"not_picked":["Setup+1","Dash"],"picked":"Bouncing Flask+1","floor":23},{"not_picked":["Well Laid Plans","Flying Knee+1"],"picked":"Blade Dance","floor":24},{"not_picked":["PiercingWail","Underhanded Strike"],"picked":"Bane","floor":29},{"not_picked":["Blade Dance","Flying Knee+1"],"picked":"Sucker Punch","floor":31},{"not_picked":["Wraith Form v2","Corpse Explosion"],"picked":"After Image","floor":33},{"not_picked":["Flying Knee+1","Bouncing Flask"],"picked":"Cloak And Dagger+1","floor":35},{"not_picked":["Acrobatics","Reflex"],"picked":"Cloak And Dagger+1","floor":36},{"not_picked":["Acrobatics","Quick Slash"],"picked":"Slice+1","floor":37},{"not_picked":["Phantasmal Killer","All Out Attack"],"picked":"Blur+1","floor":40},{"not_picked":["Enlightenment","Forethought"],"picked":"Secret Technique","floor":41},{"not_picked":["Dramatic Entrance","Chrysalis"],"picked":"PanicButton","floor":41},{"not_picked":["Tactician","Acrobatics"],"picked":"Sucker Punch+1","floor":42},{"not_picked":["Expertise","Dagger Spray+1"],"picked":"Infinite Blades+1","floor":45},{"not_picked":["Deadly Poison+1","Poisoned Stab"],"picked":"Backflip","floor":48}],"player_experience":410265,"relics_obtained":[{"floor":6,"key":"Paper Crane"},{"floor":9,"key":"Bottled Lightning"},{"floor":11,"key":"Odd Mushroom"},{"floor":23,"key":"Snake Skull"},{"floor":26,"key":"Letter Opener"},{"floor":36,"key":"Thread and Needle"},{"floor":40,"key":"Torii"},{"floor":43,"key":"Sundial"},{"floor":45,"key":"Blood Vial"}],"event_choices":[{"damage_healed":0,"gold_gain":0,"player_choice":"Ignored","damage_taken":0,"max_hp_gain":0,"max_hp_loss":0,"event_name":"Golden Wing","floor":3,"gold_loss":0},{"damage_healed":0,"gold_gain":0,"player_choice":"Leave","damage_taken":0,"max_hp_gain":0,"max_hp_loss":0,"event_name":"The Cleric","floor":5,"gold_loss":0},{"damage_healed":0,"gold_gain":175,"player_choice":"AGREE","damage_taken":0,"max_hp_gain":0,"max_hp_loss":0,"event_name":"Liars Game","floor":7,"gold_loss":0,"cards_obtained":["Doubt"]},{"damage_healed":0,"gold_gain":0,"player_choice":"Box","damage_taken":0,"relics_obtained":["Lantern"],"max_hp_gain":0,"max_hp_loss":0,"event_name":"Big Fish","floor":8,"gold_loss":0,"cards_obtained":["Regret"]},{"damage_healed":0,"gold_gain":0,"player_choice":"Fought Mushrooms","damage_taken":0,"max_hp_gain":0,"max_hp_loss":0,"event_name":"Mushrooms","floor":11,"gold_loss":0},{"damage_healed":0,"gold_gain":0,"player_choice":"Opened","damage_taken":0,"relics_obtained":["Incense Burner"],"max_hp_gain":0,"max_hp_loss":0,"event_name":"The Mausoleum","floor":19,"gold_loss":0},{"damage_healed":0,"gold_gain":0,"cards_transformed":["Doubt"],"player_choice":"Transformed","damage_taken":0,"max_hp_gain":0,"max_hp_loss":0,"event_name":"Transmorgrifier","floor":28,"gold_loss":0,"cards_obtained":["Writhe"]},{"damage_healed":0,"gold_gain":0,"player_choice":"Fight","damage_taken":0,"max_hp_gain":0,"max_hp_loss":0,"event_name":"MindBloom","floor":36,"gold_loss":0},{"damage_healed":0,"gold_gain":0,"player_choice":"Embrace Madness","damage_taken":9,"max_hp_gain":0,"max_hp_loss":0,"event_name":"Winding Halls","floor":39,"gold_loss":0,"cards_obtained":["Madness","Madness"]},{"damage_healed":0,"gold_gain":0,"player_choice":"Memory 2","damage_taken":5,"max_hp_gain":0,"max_hp_loss":0,"event_name":"SensoryStone","floor":41,"gold_loss":0},{"cards_removed":["Flechettes"],"damage_healed":0,"gold_gain":0,"player_choice":"Removed Attack","damage_taken":0,"max_hp_gain":0,"max_hp_loss":0,"event_name":"Falling","floor":47,"gold_loss":0}],"is_beta":false,"boss_relics":[{"not_picked":["Runic Pyramid","Fusion Hammer"],"picked":"Astrolabe"},{"not_picked":["HoveringKite","Runic Dome"],"picked":"Eternal Feather"}],"items_purged_floors":[14],"is_endless":false,"potions_floor_spawned":[2,16,18,22,23,33,35,37,42,48],"killed_by":"Donu and Deca","ascension_level":2}