{"gold_per_floor":[119,132,132,132,147,147,178,143,143,164,164,177,66,102,102,102],"floor_reached":16,"playtime":560,"items_purged":[],"score":220,"play_id":"cb1d05af-37b7-429a-a09a-9ab3375c1b40","local_time":"20190120205229","is_ascension_mode":true,"campfire_choices":[{"data":"Infernal Blade","floor":6,"key":"SMITH"},{"data":"Pummel","floor":11,"key":"SMITH"},{"data":"Metallicize","floor":15,"key":"SMITH"}],"neow_cost":"NONE","seed_source_timestamp":59002344272100,"circlet_count":0,"master_deck":["AscendersBane","Strike_R","Strike_R","Strike_R","Strike_R+1","Strike_R","Defend_R","Defend_R","Defend_R","Bash+1","Pummel+1","Ghostly Armor","Infernal Blade+1","Metallicize+1","Impervious","Pommel Strike","Iron Wave","Battle Trance"],"relics":["Burning Blood","Golden Idol","Paper Frog","Frozen Egg 2","Bag of Preparation"],"potions_floor_usage":[7,16],"damage_taken":[{"damage":7,"enemies":"Jaw Worm","floor":1,"turns":3},{"damage":9,"enemies":"2 Louse","floor":2,"turns":3},{"damage":0,"enemies":"Cultist","floor":5,"turns":2},{"damage":33,"enemies":"Lagavulin","floor":7,"turns":7},{"damage":10,"enemies":"2 Fungi Beasts","floor":10,"turns":3},{"damage":6,"enemies":"Blue Slaver","floor":12,"turns":4},{"damage":3,"enemies":"Gremlin Nob","floor":14,"turns":3},{"damage":42,"enemies":"Hexaghost","floor":16,"turns":11}],"seed_played":"-8848661655184601642","potions_obtained":[{"floor":1,"key":"FearPotion"},{"floor":10,"key":"Explosive Potion"},{"floor":12,"key":"SkillPotion"}],"is_trial":false,"path_per_floor":["M","M","?","?","M","R","E","?","T","M","R","M","$","E","R","B"],"character_chosen":"IRONCLAD","items_purchased":["Iron Wave","Battle Trance"],"campfire_rested":0,"item_purchase_floors":[13,13],"current_hp_per_floor":[67,64,64,44,50,50,23,40,40,36,36,36,36,39,39,0],"gold":102,"neow_bonus":"TRANSFORM_CARD","is_prod":false,"is_daily":false,"chose_seed":false,"campfire_upgraded":3,"win_rate":0,"timestamp":1548017549,"path_taken":["M","M","?","?","M","R","E","?","T","M","R","M","?","E","R","BOSS"],"build_version":"2019-01-17v2","purchased_purges":0,"victory":false,"max_hp_per_floor":[75,75,68,68,68,68,68,68,68,68,68,68,68,68,68,68],"card_choices":[{"not_picked":["Dropkick","Thunderclap"],"picked":"Ghostly Armor","floor":1},{"not_picked":["Reckless Charge","Clash"],"picked":"Infernal Blade","floor":2},{"not_picked":["Hemokinesis","Clash"],"picked":"Metallicize","floor":5},{"not_picked":["Rampage","Body Slam","Clash"],"picked":"SKIP","floor":7},{"not_picked":["Reckless Charge","Entrench"],"picked":"Impervious","floor":10},{"not_picked":["Sword Boomerang","Flex"],"picked":"Pommel Strike","floor":12},{"not_picked":["Wild Strike","Heavy Blade","Thunderclap"],"picked":"SKIP","floor":14}],"player_experience":1211246,"relics_obtained":[{"floor":7,"key":"Paper Frog"},{"floor":9,"key":"Frozen Egg 2"},{"floor":14,"key":"Bag of Preparation"}],"event_choices":[{"damage_healed":0,"gold_gain":0,"player_choice":"Lose Max HP","damage_taken":0,"relics_obtained":["Golden Idol"],"max_hp_gain":0,"max_hp_loss":7,"event_name":"Golden Idol","floor":3,"gold_loss":0},{"damage_healed":0,"gold_gain":0,"player_choice":"Entered Light","damage_taken":20,"max_hp_gain":0,"max_hp_loss":0,"event_name":"Shining Light","floor":4,"gold_loss":0,"cards_upgraded":["Strike_R","Bash"]},{"damage_healed":17,"gold_gain":0,"player_choice":"Healed","damage_taken":0,"max_hp_gain":0,"max_hp_loss":0,"event_name":"The Cleric","floor":8,"gold_loss":35}],"is_beta":false,"boss_relics":[],"items_purged_floors":[],"is_endless":false,"potions_floor_spawned":[1,10,12],"killed_by":"Hexaghost","ascension_level":20}