{"path_per_floor":["M","?","M","M","M","R","E","M","T","?","M","R","E","M","R"],"character_chosen":"THE_SILENT","items_purchased":[],"gold_per_floor":[114,114,132,142,158,158,192,203,203,203,220,220,255,268,268],"floor_reached":16,"campfire_rested":1,"playtime":1733,"current_hp_per_floor":[63,63,63,63,59,59,28,26,26,26,25,25,8,8,26],"items_purged":[],"gold":268,"play_id":"83700637-56e2-4216-8dd0-a35cc92c9858","is_prod":false,"is_daily":false,"campfire_rituals":0,"campfire_upgraded":2,"is_hardmode":false,"path_taken":["M","?","?","M","M","R","E","M","T","?","M","R","E","M","R","BOSS"],"build_version":"2018-01-11-PROD2","purchased_purges":0,"victory":false,"master_deck":["Defend_G","Defend_G","Defend_G","Defend_G","Defend_G","Strike_G","Strike_G","Strike_G","Strike_G","Strike_G","Survivor","Neutralize","Blade Dance","Acrobatics","Dagger Throw","Reflex","Prepared","Storm of Steel","Underhanded Strike","Reflex"],"max_hp_per_floor":[63,63,63,63,63,63,63,63,63,63,63,63,63,63,63],"relics":["Ring of the Snake","Peace Pipe","Oddly Smooth Stone","Thread and Needle","Mercury Hourglass"],"campfire_meditates":0,"card_choices":[{"not_picked":["Masterful Stab","Quick Slash"],"picked":"Blade Dance"},{"not_picked":["Bane","Poisoned Stab"],"picked":"Acrobatics"},{"not_picked":["Outmaneuver","Prepared"],"picked":"Dagger Throw"},{"not_picked":["Malaise","Masterful Stab"],"picked":"Reflex"},{"not_picked":["PiercingWail","Leg Sweep"],"picked":"Prepared"},{"not_picked":["Heel Hook","Escape Plan"],"picked":"Storm of Steel"},{"not_picked":["Outmaneuver","Sucker Punch"],"picked":"Underhanded Strike"},{"not_picked":["Bane","Dodge and Roll"],"picked":"Reflex"}],"player_experience":101962,"potions_floor_usage":[11,13,16],"damage_taken":[{"damage":0,"enemies":"2 Louse","floor":1,"turns":3},{"damage":0,"enemies":"Jaw Worm","floor":3,"turns":3},{"damage":0,"enemies":"Cultist","floor":4,"turns":4},{"damage":4,"enemies":"Red Slaver","floor":5,"turns":6},{"damage":31,"enemies":"Lagavulin","floor":7,"turns":8},{"damage":2,"enemies":"Large Slime","floor":8,"turns":7},{"damage":1,"enemies":"Gremlin Gang","floor":11,"turns":7},{"damage":17,"enemies":"Gremlin Nob","floor":13,"turns":4},{"damage":0,"enemies":"Looter","floor":14,"turns":2},{"damage":31,"enemies":"Slime Boss","floor":16,"turns":8}],"event_choices":[{"event_name":"Living Wall","player_choice":"Grow","floor":2,"damage_taken":0},{"event_name":"The Woman in Blue","player_choice":"Bought 0 Potions","floor":10,"damage_taken":0}],"boss_relics":[],"potions_floor_spawned":[1,5,11,13],"seed_played":"-2462996165916255122","killed_by":"Slime Boss","is_trial":false}