{"gold_per_floor":[112,112,124,124,124,124,153,153,153,153,169,203,214,224,224,224],"floor_reached":16,"playtime":676,"items_purged":[],"score":215,"play_id":"8afcf40a-64fa-4489-8beb-7c9d99adc4e4","local_time":"20190116124158","is_ascension_mode":true,"campfire_choices":[{"data":"Bash","floor":6,"key":"SMITH"},{"floor":10,"key":"REST"},{"data":"Rampage","floor":15,"key":"SMITH"}],"neow_cost":"NONE","seed_source_timestamp":7505686011660,"circlet_count":0,"master_deck":["AscendersBane","Strike_R","Strike_R","Strike_R","Strike_R","Strike_R","Defend_R","Defend_R","Defend_R","Defend_R","Bash+1","Impatience","Headbutt+1","Pommel Strike","True Grit","Rampage+1"],"relics":["Burning Blood","Omamori","Vajra","Bottled Lightning","Turnip"],"potions_floor_usage":[14,16],"damage_taken":[{"damage":9,"enemies":"2 Louse","floor":1,"turns":4},{"damage":12,"enemies":"Jaw Worm","floor":3,"turns":3},{"damage":60,"enemies":"3 Sentries","floor":7,"turns":14},{"damage":0,"enemies":"Cultist","floor":11,"turns":2},{"damage":8,"enemies":"Gremlin Nob","floor":12,"turns":3},{"damage":1,"enemies":"Exordium Thugs","floor":13,"turns":3},{"damage":9,"enemies":"Lots of Slimes","floor":14,"turns":4},{"damage":50,"enemies":"Slime Boss","floor":16,"turns":10}],"seed_played":"4055427526201723976","potions_obtained":[{"floor":7,"key":"BloodPotion"},{"floor":12,"key":"Strength Potion"}],"is_trial":false,"path_per_floor":["M","$","M","?","T","R","E","?","T","R","M","E","M","M","R","B"],"character_chosen":"IRONCLAD","items_purchased":[],"campfire_rested":1,"item_purchase_floors":[],"current_hp_per_floor":[65,65,59,64,64,64,10,10,10,34,40,38,43,40,40,0],"gold":224,"neow_bonus":"RANDOM_COLORLESS","is_prod":false,"is_daily":false,"chose_seed":false,"campfire_upgraded":2,"win_rate":0,"timestamp":1547642518,"path_taken":["M","$","M","?","?","R","E","?","T","R","?","E","M","M","R","BOSS"],"build_version":"2019-01-10","purchased_purges":0,"victory":false,"max_hp_per_floor":[75,75,75,80,80,80,80,80,80,80,80,80,80,80,80,80],"card_choices":[{"not_picked":["Second Wind","Wild Strike","Body Slam"],"picked":"SKIP","floor":1},{"not_picked":["Heavy Blade","Havoc","Sentinel"],"picked":"SKIP","floor":3},{"not_picked":["True Grit","Offering"],"picked":"Headbutt","floor":7},{"not_picked":["Warcry","Thunderclap"],"picked":"Pommel Strike","floor":11},{"not_picked":["Body Slam","Pommel Strike","Headbutt"],"picked":"SKIP","floor":12},{"not_picked":["Reckless Charge","Anger"],"picked":"True Grit","floor":13},{"not_picked":["Twin Strike","Fiend Fire"],"picked":"Rampage","floor":14}],"player_experience":1149183,"relics_obtained":[{"floor":5,"key":"Omamori"},{"floor":7,"key":"Vajra"},{"floor":9,"key":"Bottled Lightning"},{"floor":12,"key":"Turnip"}],"event_choices":[{"damage_healed":0,"gold_gain":0,"player_choice":"Donut","damage_taken":0,"max_hp_gain":5,"max_hp_loss":0,"event_name":"Big Fish","floor":4,"gold_loss":0},{"damage_healed":0,"gold_gain":0,"player_choice":"Upgraded","damage_taken":0,"max_hp_gain":0,"max_hp_loss":0,"event_name":"Upgrade Shrine","floor":8,"gold_loss":0,"cards_upgraded":["Headbutt"]}],"is_beta":false,"boss_relics":[],"items_purged_floors":[],"is_endless":false,"potions_floor_spawned":[7,12],"killed_by":"Slime Boss","ascension_level":19}