{"path_per_floor":["M","M","M","?","M","R","M","E","T","R","?","?","R","?","R","B",null,"M"],"character_chosen":"DEFECT","items_purchased":[],"gold_per_floor":[115,134,153,153,168,168,184,218,244,244,244,244,244,244,244,375,375,388,388],"floor_reached":19,"campfire_rested":0,"playtime":623,"item_purchase_floors":[],"current_hp_per_floor":[73,69,66,59,59,59,54,54,54,54,54,59,59,59,59,52,74,26,0],"items_purged":[],"gold":388,"score":211,"play_id":"29f88b13-55d6-455f-8a7f-09f607852094","local_time":"20180604081649","is_prod":false,"is_daily":false,"chose_seed":false,"is_ascension_mode":true,"campfire_upgraded":4,"win_rate":0,"timestamp":1528096609,"campfire_choices":[{"data":"Zap","floor":6,"key":"SMITH"},{"data":"Defragment","floor":10,"key":"SMITH"},{"data":"Auto Shields","floor":13,"key":"SMITH"},{"data":"Rebound","floor":15,"key":"SMITH"}],"path_taken":["M","M","M","?","M","R","M","E","T","R","?","?","R","?","R","BOSS","M","M"],"build_version":"2018-05-31","seed_source_timestamp":66001403752731,"purchased_purges":0,"victory":false,"master_deck":["Strike_B","Strike_B","Strike_B","Defend_B","Defend_B","Defend_B","Defend_B","Zap+1","Dualcast+1","Fission","Rebound+1","Leap","Auto Shields+1","Steam","Defragment+1","Skim","Hologram"],"max_hp_per_floor":[75,75,75,75,75,75,75,75,75,75,69,74,74,74,74,74,74,74,74],"relics":["Cracked Core","Prayer Wheel","Juzu Bracelet","Golden Idol","Philosopher\u0027s Stone"],"card_choices":[{"not_picked":["Stack","Ball Lightning"],"picked":"Rebound","floor":1},{"not_picked":["Turbo","Cold Snap"],"picked":"Leap","floor":2},{"not_picked":["Conserve Battery","Sweeping Beam"],"picked":"Auto Shields","floor":3},{"not_picked":["Beam Cell","Thunder Strike"],"picked":"Steam","floor":5},{"not_picked":["Steam","Fusion"],"picked":"Defragment","floor":7},{"not_picked":["Double Energy","Rebound"],"picked":"Skim","floor":8},{"not_picked":["Gash","Redo"],"picked":"Hologram","floor":18},{"not_picked":["Conserve Battery","Stack","Lockon"],"picked":"SKIP","floor":18}],"player_experience":627589,"potions_floor_usage":[8,8,16],"damage_taken":[{"damage":2,"enemies":"Jaw Worm","floor":1,"turns":3},{"damage":4,"enemies":"Small Slimes","floor":2,"turns":3},{"damage":3,"enemies":"2 Louse","floor":3,"turns":4},{"damage":0,"enemies":"Blue Slaver","floor":5,"turns":5},{"damage":5,"enemies":"2 Fungi Beasts","floor":7,"turns":3},{"damage":0,"enemies":"Lagavulin","floor":8,"turns":6},{"damage":7,"enemies":"Slime Boss","floor":16,"turns":9},{"damage":48,"enemies":"2 Thieves","floor":18,"turns":4},{"damage":26,"enemies":"3 Byrds","floor":19,"turns":2}],"relics_obtained":[{"floor":8,"key":"Prayer Wheel"},{"floor":9,"key":"Juzu Bracelet"}],"event_choices":[{"event_name":"Golden Wing","player_choice":"Card Removal","floor":4,"damage_taken":0},{"event_name":"Golden Idol","player_choice":"Lose Max HP","floor":11,"damage_taken":0},{"event_name":"Big Fish","player_choice":"Donut","floor":12,"damage_taken":0},{"event_name":"Living Wall","player_choice":"Grow","floor":14,"damage_taken":0}],"boss_relics":[{"not_picked":["Tiny House","Pandora\u0027s Box"],"picked":"Philosopher\u0027s Stone"}],"items_purged_floors":[],"potions_floor_spawned":[2,7,8,16],"seed_played":"6099725688551554393","killed_by":"3 Byrds","ascension_level":2,"potions_obtained":[{"floor":2,"key":"SkillPotion"},{"floor":7,"key":"Strength Potion"},{"floor":8,"key":"EssenceOfSteel"},{"floor":16,"key":"LiquidBronze"}],"is_trial":false}