{"gold_per_floor":[117,128,143,68,83,83,158,158,240,240,240,256,270,280,280,354,354,354,354,226,226,226,226,226,226,226,226],"floor_reached":27,"playtime":1079,"items_purged":["Defend_R"],"score":383,"play_id":"d61c46f9-8162-4179-b17a-1be277c12139","local_time":"20190114191739","is_ascension_mode":true,"campfire_choices":[{"data":"Bash","floor":6,"key":"SMITH"},{"data":"Inflame","floor":8,"key":"SMITH"},{"data":"Pommel Strike","floor":11,"key":"SMITH"},{"data":"Ghostly Armor","floor":15,"key":"SMITH"},{"data":"True Grit","floor":23,"key":"SMITH"},{"data":"Armaments","floor":25,"key":"SMITH"}],"neow_cost":"NONE","seed_source_timestamp":315840440658279,"circlet_count":0,"master_deck":["AscendersBane","Strike_R","Strike_R","Strike_R","Strike_R","Strike_R","Defend_R","Defend_R","Defend_R","Bash+1","Thunderclap","Pommel Strike+1","Inflame+1","Dropkick","Ghostly Armor+1","Dropkick","Reaper","Cleave","True Grit+1","Writhe","Armaments+1"],"relics":["Burning Blood","Dream Catcher","The Courier","Ectoplasm","Vajra","Lantern","Letter Opener"],"potions_floor_usage":[16,16,21,24,27],"damage_taken":[{"damage":4,"enemies":"Jaw Worm","floor":1,"turns":5},{"damage":7,"enemies":"Small Slimes","floor":2,"turns":4},{"damage":1,"enemies":"2 Louse","floor":3,"turns":3},{"damage":13,"enemies":"Exordium Wildlife","floor":5,"turns":4},{"damage":7,"enemies":"2 Fungi Beasts","floor":12,"turns":3},{"damage":11,"enemies":"Blue Slaver","floor":13,"turns":3},{"damage":1,"enemies":"Looter","floor":14,"turns":2},{"damage":20,"enemies":"The Guardian","floor":16,"turns":9},{"damage":27,"enemies":"Shell Parasite","floor":18,"turns":4},{"damage":22,"enemies":"Spheric Guardian","floor":19,"turns":4},{"damage":15,"enemies":"Shelled Parasite and Fungi","floor":21,"turns":3},{"damage":16,"enemies":"3 Cultists","floor":24,"turns":4},{"damage":60,"enemies":"Book of Stabbing","floor":27,"turns":6}],"seed_played":"-7930177418812207284","potions_obtained":[{"floor":2,"key":"SteroidPotion"},{"floor":5,"key":"GamblersBrew"},{"floor":13,"key":"Energy Potion"},{"floor":19,"key":"AttackPotion"},{"floor":21,"key":"Swift Potion"},{"floor":24,"key":"SkillPotion"}],"is_trial":false,"path_per_floor":["M","M","M","$","M","R","?","R","T","?","R","M","M","M","R","B",null,"M","M","$","M","?","R","M","R","T","E"],"character_chosen":"IRONCLAD","items_purchased":["Vajra"],"campfire_rested":0,"item_purchase_floors":[20],"current_hp_per_floor":[70,69,74,74,67,67,56,56,56,61,61,60,55,60,60,46,72,51,35,35,40,40,40,45,45,45,0],"gold":226,"neow_bonus":"RANDOM_COMMON_RELIC","is_prod":false,"is_daily":false,"chose_seed":false,"campfire_upgraded":6,"win_rate":0,"timestamp":1547493459,"path_taken":["M","M","M","$","M","R","?","R","T","?","R","M","M","?","R","BOSS","M","M","$","M","?","R","M","R","T","E"],"build_version":"2019-01-10","purchased_purges":1,"victory":false,"max_hp_per_floor":[75,75,75,75,75,75,75,75,75,80,80,80,80,80,80,80,80,80,80,80,80,80,80,80,80,80,80],"card_choices":[{"not_picked":["Wild Strike","Anger"],"picked":"Thunderclap","floor":1},{"not_picked":["Seeing Red","Blood for Blood"],"picked":"Pommel Strike","floor":2},{"not_picked":["True Grit","Headbutt"],"picked":"Inflame","floor":3},{"not_picked":["Bloodletting","Headbutt"],"picked":"Dropkick","floor":5},{"not_picked":["True Grit","Rampage"],"picked":"Ghostly Armor","floor":12},{"not_picked":["Searing Blow","Headbutt","Heavy Blade"],"picked":"SKIP","floor":13},{"not_picked":["Clash","Flex"],"picked":"Dropkick","floor":14},{"not_picked":["Bludgeon","Demon Form"],"picked":"Reaper","floor":16},{"not_picked":["Corruption","Body Slam"],"picked":"Cleave","floor":18},{"not_picked":["Havoc","Clothesline"],"picked":"True Grit","floor":19},{"not_picked":["Hemokinesis","Anger","Rampage"],"picked":"SKIP","floor":21},{"not_picked":["Feel No Pain","Pommel Strike"],"picked":"Armaments","floor":24}],"player_experience":1104669,"relics_obtained":[{"floor":9,"key":"The Courier"},{"floor":26,"key":"Letter Opener"}],"event_choices":[{"damage_healed":0,"gold_gain":75,"player_choice":"Gather Gold","damage_taken":11,"max_hp_gain":0,"max_hp_loss":0,"event_name":"World of Goop","floor":7,"gold_loss":0},{"damage_healed":0,"gold_gain":0,"player_choice":"Donut","damage_taken":0,"max_hp_gain":5,"max_hp_loss":0,"event_name":"Big Fish","floor":10,"gold_loss":0},{"damage_healed":0,"gold_gain":0,"player_choice":"Opened","damage_taken":0,"relics_obtained":["Lantern"],"max_hp_gain":0,"max_hp_loss":0,"event_name":"The Mausoleum","floor":22,"gold_loss":0,"cards_obtained":["Writhe"]}],"is_beta":false,"boss_relics":[{"not_picked":["Eternal Feather","Snecko Eye"],"picked":"Ectoplasm"}],"items_purged_floors":[4],"is_endless":false,"potions_floor_spawned":[2,5,13,19,21,24],"killed_by":"Book of Stabbing","ascension_level":17}