{"gold_per_floor":[110,110,122,133,143,168,61,61,113,140,178,208,246,14,14,85,85,97,97,97,97,21,21,121,139,219,254,179,212,229,239,239,311,311,326,326,339,339,339],"floor_reached":39,"playtime":4794,"items_purged":["Strike_G"],"score":835,"play_id":"0da7dc66-0ac8-4c7d-97fd-b8a232cfb3cb","local_time":"20190524194939","is_ascension_mode":true,"campfire_choices":[{"floor":8,"key":"REST"},{"floor":15,"key":"REST"},{"data":"Wraith Form v2","floor":23,"key":"SMITH"},{"data":"Panacea","floor":32,"key":"SMITH"}],"neow_cost":"NONE","seed_source_timestamp":300748402936023,"circlet_count":0,"master_deck":["AscendersBane","Defend_G+1","Defend_G+1","Defend_G+1","Defend_G+1","Defend_G+1","Strike_G+1","Strike_G+1","Strike_G+1","Survivor","Neutralize","Bouncing Flask","Deadly Poison","Dash","Wraith Form v2+1","Panacea+1","Endless Agony","Flying Knee","Blur","Noxious Fumes","Cloak And Dagger","Catalyst","After Image","PiercingWail","Ghostly","Ghostly","Ghostly","Calculated Gamble","Slice","Leg Sweep","Backflip","PiercingWail","A Thousand Cuts","Underhanded Strike"],"relics":["Ring of the Snake","Strawberry","Shuriken","MawBank","PreservedInsect","Gremlin Horn","Busted Crown","Gambling Chip","Letter Opener","Paper Crane","The Courier","Juzu Bracelet","HoveringKite"],"potions_floor_usage":[11,33,33,37],"damage_taken":[{"damage":0,"enemies":"2 Louse","floor":1,"turns":4},{"damage":1,"enemies":"Cultist","floor":3,"turns":4},{"damage":6,"enemies":"Jaw Worm","floor":4,"turns":4},{"damage":4,"enemies":"2 Fungi Beasts","floor":5,"turns":6},{"damage":27,"enemies":"Gremlin Nob","floor":6,"turns":4},{"damage":1,"enemies":"Blue Slaver","floor":10,"turns":5},{"damage":11,"enemies":"Lagavulin","floor":11,"turns":8},{"damage":10,"enemies":"Large Slime","floor":12,"turns":6},{"damage":10,"enemies":"3 Sentries","floor":13,"turns":11},{"damage":22,"enemies":"Hexaghost","floor":16,"turns":10},{"damage":15,"enemies":"3 Byrds","floor":18,"turns":7},{"damage":0,"enemies":"Colosseum Slavers","floor":24,"turns":5},{"damage":4,"enemies":"Colosseum Nobs","floor":24,"turns":5},{"damage":0,"enemies":"Spheric Guardian","floor":25,"turns":6},{"damage":3,"enemies":"Slavers","floor":27,"turns":9},{"damage":0,"enemies":"Gremlin Leader","floor":29,"turns":8},{"damage":0,"enemies":"Centurion and Healer","floor":30,"turns":8},{"damage":20,"enemies":"Cultist and Chosen","floor":31,"turns":10},{"damage":1,"enemies":"Champ","floor":33,"turns":14},{"damage":1,"enemies":"3 Darklings","floor":35,"turns":7},{"damage":25,"enemies":"Orb Walker","floor":37,"turns":6},{"damage":6,"enemies":"Jaw Worm Horde","floor":39,"turns":7}],"seed_played":"3098109089703113869","potions_obtained":[{"floor":1,"key":"EssenceOfSteel"},{"floor":5,"key":"Dexterity Potion"},{"floor":6,"key":"GhostInAJar"},{"floor":29,"key":"AttackPotion"},{"floor":33,"key":"EssenceOfSteel"}],"is_trial":false,"path_per_floor":["M","?","M","M","M","E","$","R","T","M","E","M","E","$","R","B",null,"M","?","?","?","$","R","?","M","T","E","?","E","M","M","R","B",null,"M","?","M","?","M"],"character_chosen":"THE_SILENT","items_purchased":["Panacea","Noxious Fumes","Cloak And Dagger","Catalyst","Calculated Gamble"],"campfire_rested":2,"item_purchase_floors":[7,14,14,14,22],"current_hp_per_floor":[66,56,55,49,45,18,18,39,39,38,27,17,7,7,28,6,56,41,41,41,36,36,36,32,32,32,29,29,29,29,9,9,8,29,28,28,3,3,0],"gold":339,"neow_bonus":"RANDOM_COMMON_RELIC","is_prod":false,"is_daily":false,"chose_seed":false,"campfire_upgraded":2,"win_rate":0,"timestamp":1558741779,"path_taken":["M","?","?","M","M","E","$","R","T","M","E","M","E","?","R","BOSS","M","?","?","?","?","R","?","?","T","E","?","E","M","M","R","BOSS","M","?","M","?","M"],"build_version":"2019-01-23","purchased_purges":1,"victory":false,"max_hp_per_floor":[73,73,73,73,73,73,73,73,73,73,73,73,73,73,73,73,73,73,73,73,36,36,36,36,36,36,36,36,36,36,36,36,36,36,36,36,36,36,36],"card_choices":[{"not_picked":["Dagger Throw","Outmaneuver"],"picked":"Bouncing Flask","floor":1},{"not_picked":["Distraction","Skewer"],"picked":"Deadly Poison","floor":3},{"not_picked":["Quick Slash","Masterful Stab"],"picked":"Sucker Punch","floor":4},{"not_picked":["Sucker Punch","Calculated Gamble"],"picked":"Dash","floor":5},{"not_picked":["Deflect","Venomology"],"picked":"Wraith Form v2","floor":6},{"not_picked":["Acrobatics","Quick Slash"],"picked":"Endless Agony","floor":10},{"not_picked":["Outmaneuver","Underhanded Strike"],"picked":"Flying Knee","floor":11},{"not_picked":["Distraction","Tactician","Outmaneuver"],"picked":"SKIP","floor":12},{"not_picked":["Outmaneuver","Dagger Spray"],"picked":"Blur","floor":13},{"not_picked":["Grand Finale","Glass Knife"],"picked":"After Image","floor":16},{"not_picked":["Quick Slash"],"picked":"SKIP","floor":18},{"not_picked":[],"picked":"Slice","floor":24},{"not_picked":["Bane"],"picked":"SKIP","floor":25},{"not_picked":[],"picked":"Leg Sweep","floor":27},{"not_picked":[],"picked":"Backflip","floor":29},{"not_picked":[],"picked":"PiercingWail","floor":30},{"not_picked":["Sucker Punch"],"picked":"SKIP","floor":31},{"not_picked":[],"picked":"A Thousand Cuts","floor":33},{"not_picked":["Outmaneuver"],"picked":"SKIP","floor":35},{"not_picked":[],"picked":"Underhanded Strike","floor":37}],"player_experience":2184385,"relics_obtained":[{"floor":6,"key":"Shuriken"},{"floor":9,"key":"MawBank"},{"floor":11,"key":"PreservedInsect"},{"floor":13,"key":"Gremlin Horn"},{"floor":24,"key":"Gambling Chip"},{"floor":24,"key":"Letter Opener"},{"floor":26,"key":"Paper Crane"},{"floor":27,"key":"The Courier"},{"floor":29,"key":"Juzu Bracelet"}],"event_choices":[{"damage_healed":0,"gold_gain":0,"player_choice":"Damaged","damage_taken":10,"max_hp_gain":0,"max_hp_loss":0,"event_name":"Wheel of Change","floor":2,"gold_loss":0},{"damage_healed":0,"gold_gain":0,"player_choice":"Read","damage_taken":0,"max_hp_gain":0,"max_hp_loss":0,"event_name":"The Library","floor":19,"gold_loss":0,"cards_obtained":["PiercingWail"]},{"damage_healed":0,"gold_gain":0,"player_choice":"Simplicity","damage_taken":0,"max_hp_gain":0,"max_hp_loss":0,"event_name":"Back to Basics","floor":20,"gold_loss":0,"cards_upgraded":["Defend_G","Defend_G","Defend_G","Defend_G","Defend_G","Strike_G","Strike_G","Strike_G","Strike_G"]},{"damage_healed":0,"gold_gain":0,"player_choice":"Became a Ghost","damage_taken":0,"max_hp_gain":0,"max_hp_loss":37,"event_name":"Ghosts","floor":21,"gold_loss":0,"cards_obtained":["Ghostly","Ghostly","Ghostly"]},{"damage_healed":0,"gold_gain":0,"player_choice":"Fight","damage_taken":0,"max_hp_gain":0,"max_hp_loss":0,"event_name":"Colosseum","floor":24,"gold_loss":0},{"damage_healed":0,"gold_gain":0,"player_choice":"Fought Nobs","damage_taken":0,"max_hp_gain":0,"max_hp_loss":0,"event_name":"Colosseum","floor":24,"gold_loss":0},{"cards_removed":["Strike_G"],"damage_healed":0,"gold_gain":0,"player_choice":"Gave Gold","damage_taken":0,"max_hp_gain":0,"max_hp_loss":0,"event_name":"Beggar","floor":28,"gold_loss":75},{"cards_removed":["Sucker Punch"],"damage_healed":0,"gold_gain":0,"player_choice":"Removed Attack","damage_taken":0,"max_hp_gain":0,"max_hp_loss":0,"event_name":"Falling","floor":36,"gold_loss":0},{"damage_healed":0,"gold_gain":0,"player_choice":"Memory 1","damage_taken":0,"max_hp_gain":0,"max_hp_loss":0,"event_name":"SensoryStone","floor":38,"gold_loss":0}],"is_beta":false,"boss_relics":[{"not_picked":["Ring of the Serpent","Astrolabe"],"picked":"Busted Crown"},{"not_picked":["White Beast Statue","Sozu"],"picked":"HoveringKite"}],"items_purged_floors":[14],"is_endless":false,"potions_floor_spawned":[1,5,6,24,29,30,31,33],"killed_by":"Jaw Worm Horde","ascension_level":16}