{"gold_per_floor":[111,186,206,222,222,222,298,310,380,400,411,206,206,220,220,316,316,335,345,372,372,392,418,517,533,556,588,588,601,601],"floor_reached":30,"playtime":706,"items_purged":[],"score":289,"play_id":"803f925c-deb2-4dbd-8613-ad9f132a5a63","local_time":"20190608151728","is_ascension_mode":false,"campfire_choices":[{"data":"Perfected Strike","floor":6,"key":"SMITH"},{"data":"Pommel Strike","floor":13,"key":"SMITH"},{"data":"Bash","floor":15,"key":"SMITH"},{"data":"Perfected Strike","floor":28,"key":"SMITH"}],"neow_cost":"NONE","seed_source_timestamp":4043051309847,"circlet_count":0,"master_deck":["Strike_R","Strike_R","Strike_R","Strike_R","Strike_R","Defend_R","Defend_R","Defend_R","Defend_R","Bash+1","Wild Strike","Perfected Strike+1","Twin Strike","Shrug It Off","Pommel Strike+1","Battle Trance","Wild Strike+1","Impervious","Double Tap","Perfected Strike+1","Feed","Perfected Strike+1"],"relics":["Burning Blood","Art of War","Singing Bowl","Orichalcum","Coffee Dripper","Red Mask","Strawberry","Whetstone","Shovel"],"potions_floor_usage":[23],"damage_taken":[{"damage":11,"enemies":"Small Slimes","floor":1,"turns":3},{"damage":12,"enemies":"Jaw Worm","floor":3,"turns":4},{"damage":6,"enemies":"Cultist","floor":4,"turns":3},{"damage":14,"enemies":"Large Slime","floor":8,"turns":4},{"damage":0,"enemies":"2 Fungi Beasts","floor":10,"turns":3},{"damage":5,"enemies":"Red Slaver","floor":11,"turns":2},{"damage":11,"enemies":"Large Slime","floor":14,"turns":3},{"damage":29,"enemies":"Hexaghost","floor":16,"turns":9},{"damage":5,"enemies":"Shell Parasite","floor":18,"turns":4},{"damage":16,"enemies":"3 Byrds","floor":19,"turns":4},{"damage":15,"enemies":"Masked Bandits","floor":20,"turns":5},{"damage":16,"enemies":"3 Cultists","floor":22,"turns":5},{"damage":23,"enemies":"Book of Stabbing","floor":23,"turns":4},{"damage":2,"enemies":"Chosen and Byrds","floor":25,"turns":4},{"damage":26,"enemies":"Gremlin Leader","floor":27,"turns":5},{"damage":3,"enemies":"Centurion and Healer","floor":29,"turns":3},{"damage":0,"enemies":"Shelled Parasite and Fungi","floor":30,"turns":1}],"seed_played":"4614527833614878656","potions_obtained":[{"floor":8,"key":"Ancient Potion"},{"floor":10,"key":"FairyPotion"},{"floor":11,"key":"Block Potion"},{"floor":23,"key":"PowerPotion"}],"is_trial":false,"path_per_floor":["M","?","M","M","?","R","?","M","T","M","M","$","R","M","R","B",null,"M","M","?","?","M","E","?","M","T","E","R","M","M"],"character_chosen":"IRONCLAD","items_purchased":["Wild Strike","Orichalcum"],"campfire_rested":0,"item_purchase_floors":[12,12],"current_hp_per_floor":[75,64,58,58,80,80,80,72,72,78,79,79,79,74,74,51,80,80,72,65,84,74,64,64,70,70,52,52,60,60],"gold":601,"neow_bonus":"RANDOM_COMMON_RELIC","is_prod":false,"is_daily":false,"chose_seed":false,"campfire_upgraded":4,"win_rate":0,"timestamp":1560021448,"path_taken":["M","?","M","M","?","R","?","M","T","?","M","$","R","M","R","BOSS","M","M","?","?","?","E","?","M","T","E","R","M","M"],"build_version":"2019-01-23","purchased_purges":0,"victory":false,"max_hp_per_floor":[80,80,80,80,80,80,80,80,80,80,80,80,80,80,80,80,80,80,82,84,84,84,91,91,93,93,95,95,100,100],"card_choices":[{"not_picked":["Clash","Shrug It Off"],"picked":"Wild Strike","floor":1},{"not_picked":["Body Slam","Headbutt"],"picked":"Perfected Strike","floor":3},{"not_picked":["Headbutt","Demon Form"],"picked":"Twin Strike","floor":4},{"not_picked":["Body Slam","Cleave"],"picked":"Shrug It Off","floor":8},{"not_picked":["Flex","Iron Wave"],"picked":"Pommel Strike","floor":10},{"not_picked":["Infernal Blade","Heavy Blade"],"picked":"Battle Trance","floor":11},{"not_picked":["Cleave","Searing Blow"],"picked":"Impervious","floor":14},{"not_picked":["Berserk","Dark Embrace"],"picked":"Double Tap","floor":16},{"not_picked":["Inflame","Second Wind+1"],"picked":"Perfected Strike","floor":18},{"not_picked":["Evolve","Wild Strike","Pummel+1"],"picked":"Singing Bowl","floor":19},{"not_picked":["Heavy Blade","Carnage","Warcry"],"picked":"Singing Bowl","floor":20},{"not_picked":["Flex","Shrug It Off"],"picked":"Feed","floor":22},{"not_picked":["True Grit","Flex"],"picked":"Perfected Strike","floor":23},{"not_picked":["Shrug It Off","Blood for Blood","Clash"],"picked":"Singing Bowl","floor":25},{"not_picked":["Clothesline","True Grit","Body Slam"],"picked":"Singing Bowl","floor":27},{"not_picked":["Wild Strike","Sever Soul","Hemokinesis"],"picked":"Singing Bowl","floor":29}],"player_experience":405460,"relics_obtained":[{"floor":9,"key":"Singing Bowl"},{"floor":20,"key":"Red Mask"},{"floor":23,"key":"Strawberry"},{"floor":26,"key":"Whetstone"},{"floor":27,"key":"Shovel"}],"event_choices":[{"damage_healed":0,"gold_gain":75,"player_choice":"Gather Gold","damage_taken":11,"max_hp_gain":0,"max_hp_loss":0,"event_name":"World of Goop","floor":2,"gold_loss":0},{"damage_healed":26,"gold_gain":0,"player_choice":"Banana","damage_taken":0,"max_hp_gain":0,"max_hp_loss":0,"event_name":"Big Fish","floor":5,"gold_loss":0},{"damage_healed":0,"gold_gain":76,"player_choice":"Gained Gold","damage_taken":0,"max_hp_gain":0,"max_hp_loss":0,"event_name":"Golden Wing","floor":7,"gold_loss":0},{"damage_healed":0,"gold_gain":0,"player_choice":"Fought Bandits","damage_taken":0,"max_hp_gain":0,"max_hp_loss":0,"event_name":"Masked Bandits","floor":20,"gold_loss":0},{"damage_healed":19,"gold_gain":0,"player_choice":"Full Heal","damage_taken":0,"max_hp_gain":0,"max_hp_loss":0,"event_name":"Wheel of Change","floor":21,"gold_loss":0},{"damage_healed":0,"gold_gain":99,"player_choice":"Stole From Cult","damage_taken":0,"max_hp_gain":0,"max_hp_loss":0,"event_name":"Nest","floor":24,"gold_loss":0}],"is_beta":false,"boss_relics":[{"not_picked":["Lizard Tail","White Beast Statue"],"picked":"Coffee Dripper"}],"items_purged_floors":[],"is_endless":false,"potions_floor_spawned":[8,10,11,16,22,23,29],"killed_by":"Shelled Parasite and Fungi","ascension_level":0}