{"gold_per_floor":[117,292,303,303,320,320,270,595,595,612,612,647,657,668,668,773,773,790,808,828,425,425,425,454,466,552,575,587,613,675,698,710,820,832,854,866,934,957,929,941,972,1002,1014,198,212,89,103,117,117,117],"floor_reached":51,"playtime":5274,"items_purged":[],"score":733,"play_id":"69c4fc64-b7a4-4746-b35d-f5827dac680d","local_time":"20181220142631","is_ascension_mode":false,"campfire_choices":[{"floor":6,"key":"REST"},{"floor":11,"key":"REST"},{"floor":15,"key":"REST"},{"floor":23,"key":"REST"},{"floor":25,"key":"REST"},{"data":"Metallicize","floor":28,"key":"SMITH"},{"floor":32,"key":"REST"},{"floor":40,"key":"REST"},{"floor":49,"key":"REST"}],"neow_cost":"NONE","seed_source_timestamp":77529616457386,"circlet_count":0,"master_deck":["Bash","Anger","Bloodletting","Iron Wave","Cleave","Armaments+1","Flame Barrier+1","Dual Wield+1","Feed","Seeing Red+1","Battle Trance+1","Reckless Charge","Anger","Anger","Twin Strike","Limit Break+1","Flex+1","Feel No Pain","Twin Strike+1","Metallicize+1","Feed","Rage+1","Flex+1","Shrug It Off+1","Berserk+1","Sever Soul+1","Flex+1","Armaments+1","Shockwave+1","True Grit+1","Shrug It Off+1","Clothesline+1","Deep Breath+1","Thinking Ahead+1","Shrug It Off+1","Spot Weakness+1","Twin Strike+1","Double Tap+1"],"relics":["Runic Pyramid","Old Coin","Toxic Egg 2","Mercury Hourglass","Pandora\u0027s Box","MealTicket","MawBank","Dodecahedron","Lantern","Astrolabe","Tiny Chest","Calipers","Frozen Eye","Self Forming Clay"],"potions_floor_usage":[12,12,16,16,20,20,29,38,41,42,45,50,50,50],"damage_taken":[{"damage":12,"enemies":"Cultist","floor":1,"turns":6},{"damage":5,"enemies":"2 Louse","floor":3,"turns":2},{"damage":6,"enemies":"Small Slimes","floor":5,"turns":2},{"damage":33,"enemies":"Lagavulin","floor":8,"turns":5},{"damage":14,"enemies":"Blue Slaver","floor":10,"turns":4},{"damage":26,"enemies":"3 Sentries","floor":12,"turns":5},{"damage":1,"enemies":"Exordium Wildlife","floor":13,"turns":2},{"damage":15,"enemies":"Exordium Thugs","floor":14,"turns":4},{"damage":13,"enemies":"Hexaghost","floor":16,"turns":8},{"damage":10,"enemies":"Chosen","floor":18,"turns":2},{"damage":10,"enemies":"Shell Parasite","floor":19,"turns":3},{"damage":20,"enemies":"Snake Plant","floor":20,"turns":3},{"damage":35,"enemies":"Book of Stabbing","floor":24,"turns":4},{"damage":8,"enemies":"Snecko","floor":27,"turns":3},{"damage":0,"enemies":"Sentry and Sphere","floor":29,"turns":4},{"damage":13,"enemies":"Cultist and Chosen","floor":31,"turns":5},{"damage":44,"enemies":"Automaton","floor":33,"turns":9},{"damage":32,"enemies":"3 Shapes","floor":35,"turns":6},{"damage":36,"enemies":"3 Darklings","floor":38,"turns":3},{"damage":21,"enemies":"Jaw Worm Horde","floor":41,"turns":4},{"damage":27,"enemies":"Spire Growth","floor":42,"turns":4},{"damage":36,"enemies":"4 Shapes","floor":45,"turns":3},{"damage":8,"enemies":"Maw","floor":47,"turns":7},{"damage":5,"enemies":"3 Darklings","floor":48,"turns":3},{"damage":17,"enemies":"Time Eater","floor":50,"turns":5}],"seed_played":"-2237256142260696758","potions_obtained":[{"floor":3,"key":"Swift Potion"},{"floor":10,"key":"AttackPotion"},{"floor":12,"key":"Strength Potion"},{"floor":13,"key":"Swift Potion"},{"floor":18,"key":"Weak Potion"},{"floor":19,"key":"PowerPotion"},{"floor":24,"key":"Regen Potion"},{"floor":31,"key":"LiquidBronze"},{"floor":35,"key":"Poison Potion"},{"floor":38,"key":"Regen Potion"},{"floor":47,"key":"Block Potion"}],"is_trial":false,"path_per_floor":["M","?","M","?","M","R","?","E","T","M","R","E","M","M","R","B",null,"M","M","M","$","?","R","E","R","T","M","R","M","T","M","R","B",null,"M","?","T","M","?","R","M","M","T","$","M","$","M","M","R","B",null],"character_chosen":"IRONCLAD","items_purchased":["Metallicize","Feed","MealTicket","Frozen Eye","Self Forming Clay","Strength Potion","BloodPotion","Deep Breath+1","Thinking Ahead+1","Spot Weakness+1","Strength Potion"],"campfire_rested":8,"item_purchase_floors":[21,21,21,44,44,44,44,44,44,46,46],"current_hp_per_floor":[68,68,63,63,57,80,80,47,47,33,57,31,30,15,39,26,80,70,60,44,44,44,69,38,64,64,59,59,75,75,69,99,59,106,77,77,77,41,41,73,64,41,41,51,38,48,44,39,78,61],"gold":117,"neow_bonus":"BOSS_RELIC","is_prod":false,"is_daily":false,"chose_seed":false,"campfire_upgraded":1,"win_rate":0.0,"timestamp":1545344791,"path_taken":["M","?","M","?","M","R","?","E","T","M","R","E","?","M","R","BOSS","M","M","M","$","?","R","E","R","T","M","R","M","?","?","R","BOSS","M","?","?","M","?","R","?","M","T","$","M","$","M","M","R","BOSS"],"build_version":"2018-12-13","purchased_purges":0,"victory":true,"max_hp_per_floor":[80,80,80,80,80,80,80,80,80,80,80,80,80,80,80,80,80,80,80,84,84,84,84,88,88,88,91,91,95,95,102,102,106,106,109,109,109,109,109,109,112,116,116,116,128,128,132,132,132,132],"card_choices":[{"not_picked":["Heavy Blade","Burning Pact"],"picked":"Anger","floor":1},{"not_picked":["Clash","True Grit"],"picked":"Combust","floor":3},{"not_picked":["Clothesline","True Grit"],"picked":"Bloodletting","floor":5},{"not_picked":["True Grit","Flex"],"picked":"Iron Wave","floor":8},{"not_picked":["Carnage","Sword Boomerang"],"picked":"Cleave","floor":10},{"not_picked":["Body Slam","Cleave"],"picked":"Armaments+1","floor":12},{"not_picked":["Blood for Blood","Juggernaut"],"picked":"Flame Barrier+1","floor":13},{"not_picked":["Power Through+1","Blood for Blood"],"picked":"Dual Wield+1","floor":14},{"not_picked":["Fiend Fire","Bludgeon"],"picked":"Feed","floor":16},{"not_picked":["Combust+1","Twin Strike+1"],"picked":"Flex+1","floor":18},{"not_picked":["Clothesline","Perfected Strike"],"picked":"Feel No Pain","floor":19},{"not_picked":["Carnage","Clash"],"picked":"Twin Strike+1","floor":20},{"not_picked":["Twin Strike","Clash"],"picked":"Rage+1","floor":24},{"not_picked":["Battle Trance+1","Body Slam"],"picked":"Flex+1","floor":27},{"not_picked":["Anger","Body Slam"],"picked":"Fire Breathing","floor":29},{"not_picked":["Combust","Infernal Blade+1"],"picked":"Shrug It Off+1","floor":31},{"not_picked":["Bludgeon","Dark Embrace"],"picked":"Berserk","floor":33},{"not_picked":["Iron Wave","Whirlwind"],"picked":"Shockwave+1","floor":35},{"not_picked":["Dropkick","Pommel Strike"],"picked":"True Grit+1","floor":38},{"not_picked":["Clash+1","Headbutt"],"picked":"Shrug It Off+1","floor":41},{"not_picked":["Anger","Entrench+1"],"picked":"Clothesline+1","floor":42},{"not_picked":["Iron Wave+1","Clothesline+1"],"picked":"Shrug It Off+1","floor":45},{"not_picked":["Carnage","Body Slam"],"picked":"Twin Strike+1","floor":47},{"not_picked":["Inflame+1","Blood for Blood+1"],"picked":"Double Tap+1","floor":48}],"player_experience":70890,"relics_obtained":[{"floor":8,"key":"Old Coin"},{"floor":9,"key":"Toxic Egg 2"},{"floor":12,"key":"Mercury Hourglass"},{"floor":24,"key":"MawBank"},{"floor":26,"key":"Dodecahedron"},{"floor":30,"key":"Lantern"},{"floor":37,"key":"Tiny Chest"},{"floor":43,"key":"Calipers"}],"event_choices":[{"damage_healed":0,"gold_gain":175,"player_choice":"AGREE","damage_taken":0,"max_hp_gain":0,"max_hp_loss":0,"event_name":"Liars Game","floor":2,"gold_loss":0,"cards_obtained":["Doubt"]},{"damage_healed":0,"gold_gain":0,"player_choice":"Ignored","damage_taken":0,"max_hp_gain":0,"max_hp_loss":0,"event_name":"Shining Light","floor":4,"gold_loss":0},{"cards_removed":["Doubt"],"damage_healed":0,"gold_gain":0,"player_choice":"Card Removal","damage_taken":0,"max_hp_gain":0,"max_hp_loss":0,"event_name":"The Cleric","floor":7,"gold_loss":50},{"cards_removed":["Uppercut"],"damage_healed":0,"gold_gain":0,"player_choice":"Elegance","damage_taken":0,"max_hp_gain":0,"max_hp_loss":0,"event_name":"Back to Basics","floor":22,"gold_loss":0},{"damage_healed":0,"gold_gain":0,"player_choice":"Ignored","damage_taken":0,"max_hp_gain":0,"max_hp_loss":0,"event_name":"Tomb of Lord Red Mask","floor":36,"gold_loss":0},{"damage_healed":0,"gold_gain":0,"player_choice":"Upgrade","damage_taken":0,"max_hp_gain":0,"max_hp_loss":0,"event_name":"Designer","floor":39,"gold_loss":40,"cards_upgraded":["Berserk"]}],"is_beta":false,"boss_relics":[{"not_picked":["White Beast Statue","Lizard Tail"],"picked":"Pandora\u0027s Box"},{"not_picked":["Eternal Feather","Runic Cube"],"picked":"Astrolabe"}],"items_purged_floors":[],"is_endless":false,"potions_floor_spawned":[3,10,12,13,18,19,24,31,35,38,47],"ascension_level":0}