{"path_per_floor":["M","?","M","M","M","R","E","M","T","R","E","M","R","?","R"],"character_chosen":"DEFECT","items_purchased":[],"gold_per_floor":[117,117,129,141,160,160,187,197,197,197,222,238,238,313,313,313],"floor_reached":16,"campfire_rested":0,"playtime":780,"item_purchase_floors":[],"current_hp_per_floor":[70,58,57,64,49,49,36,42,42,42,51,57,57,46,46,0],"items_purged":[],"gold":313,"score":151,"play_id":"b6e23ffa-2eb4-48dc-bb16-2fec03b3dd96","local_time":"20180604012725","is_prod":false,"is_daily":false,"chose_seed":false,"is_ascension_mode":true,"campfire_upgraded":4,"win_rate":0,"timestamp":1528072045,"campfire_choices":[{"data":"Dualcast","floor":6,"key":"SMITH"},{"data":"Redo","floor":10,"key":"SMITH"},{"data":"Chill","floor":13,"key":"SMITH"},{"data":"Glacier","floor":15,"key":"SMITH"}],"path_taken":["M","?","M","M","M","R","E","M","T","R","E","M","R","?","R","BOSS"],"build_version":"2018-05-31","seed_source_timestamp":41279392893451,"purchased_purges":0,"victory":false,"master_deck":["Strike_B","Strike_B","Strike_B","Strike_B","Defend_B","Defend_B","Defend_B","Defend_B","Zap+1","Dualcast+1","Self Repair","Glacier+1","Chill+1","Redo+1","Coolheaded","Hologram"],"max_hp_per_floor":[75,75,75,75,75,75,75,75,75,75,75,75,75,75,75,75],"relics":["Cracked Core","Meat on the Bone","Ginger","Bird Faced Urn","Centennial Puzzle"],"card_choices":[{"not_picked":["Turbo","Steam"],"picked":"Self Repair","floor":1},{"not_picked":["Barrage","BootSequence"],"picked":"Glacier","floor":3},{"not_picked":["Beam Cell","Steam","Fusion"],"picked":"SKIP","floor":4},{"not_picked":["Aggregate","Beam Cell"],"picked":"Chill","floor":5},{"not_picked":["Melter","Rebound"],"picked":"Redo","floor":7},{"not_picked":["Buffer","Steam","Loop"],"picked":"SKIP","floor":8},{"not_picked":["Sweeping Beam","Rip and Tear"],"picked":"Coolheaded","floor":11},{"not_picked":["Doom and Gloom","Leap"],"picked":"Hologram","floor":12}],"player_experience":626809,"potions_floor_usage":[7,16,16],"damage_taken":[{"damage":5,"enemies":"2 Louse","floor":1,"turns":3},{"damage":8,"enemies":"Jaw Worm","floor":3,"turns":4},{"damage":0,"enemies":"Small Slimes","floor":4,"turns":2},{"damage":15,"enemies":"3 Louse","floor":5,"turns":3},{"damage":32,"enemies":"Gremlin Nob","floor":7,"turns":5},{"damage":13,"enemies":"Exordium Wildlife","floor":8,"turns":4},{"damage":0,"enemies":"Lagavulin","floor":11,"turns":8},{"damage":3,"enemies":"Large Slime","floor":12,"turns":7},{"damage":52,"enemies":"Slime Boss","floor":16,"turns":15}],"relics_obtained":[{"floor":7,"key":"Ginger"},{"floor":9,"key":"Bird Faced Urn"},{"floor":11,"key":"Centennial Puzzle"}],"event_choices":[{"event_name":"Scrap Ooze","player_choice":"success","floor":2,"damage_taken":12},{"event_name":"World of Goop","player_choice":"Gather Gold","floor":14,"damage_taken":0}],"boss_relics":[],"items_purged_floors":[],"potions_floor_spawned":[3,11,12],"seed_played":"8954796383149074588","killed_by":"Slime Boss","ascension_level":2,"potions_obtained":[{"floor":3,"key":"AttackPotion"},{"floor":11,"key":"Swift Potion"},{"floor":12,"key":"EssenceOfSteel"}],"is_trial":false}