{"gold_per_floor":[113,124,199,199,224,224,238,279,302,315,330,345,345],"floor_reached":13,"playtime":497,"items_purged":[],"score":116,"play_id":"8ccb77db-433d-4378-8d92-baf7e1894a84","local_time":"20190704161817","is_ascension_mode":true,"campfire_choices":[{"floor":6,"key":"REST"}],"neow_cost":"NONE","seed_source_timestamp":194937206855758,"circlet_count":0,"master_deck":["Strike_R","Strike_R+1","Strike_R","Strike_R","Defend_R","Defend_R","Defend_R","Defend_R","Bash","Pommel Strike+1","Armaments","True Grit","Clothesline"],"relics":["Burning Blood","Golden Idol","Whetstone","Bag of Marbles"],"potions_floor_usage":[11],"damage_taken":[{"damage":5,"enemies":"Small Slimes","floor":1,"turns":4},{"damage":4,"enemies":"Jaw Worm","floor":2,"turns":4},{"damage":2,"enemies":"2 Louse","floor":5,"turns":3},{"damage":29,"enemies":"Exordium Wildlife","floor":7,"turns":7},{"damage":40,"enemies":"3 Sentries","floor":8,"turns":10},{"damage":2,"enemies":"Looter","floor":10,"turns":4},{"damage":0,"enemies":"Large Slime","floor":11,"turns":3},{"damage":11,"enemies":"Gremlin Gang","floor":12,"turns":5},{"damage":25,"enemies":"Gremlin Nob","floor":13,"turns":3}],"seed_played":"4425938614239431543","potions_obtained":[{"floor":7,"key":"Swift Potion"},{"floor":8,"key":"Fire Potion"},{"floor":11,"key":"Strength Potion"}],"is_trial":false,"path_per_floor":["M","M","?","?","M","R","M","E","T","M","M","M","E"],"character_chosen":"IRONCLAD","items_purchased":[],"campfire_rested":1,"item_purchase_floors":[],"current_hp_per_floor":[73,75,64,44,48,72,49,15,15,19,25,20,0],"gold":345,"neow_bonus":"REMOVE_CARD","is_prod":false,"is_daily":false,"chose_seed":false,"campfire_upgraded":0,"win_rate":0,"timestamp":1562249897,"path_taken":["M","M","?","?","M","R","M","E","T","M","M","M","E"],"build_version":"2019-07-01","purchased_purges":0,"victory":false,"max_hp_per_floor":[80,80,80,80,80,80,80,80,80,80,80,80,80],"card_choices":[{"not_picked":["Thunderclap","Shrug It Off"],"picked":"Pommel Strike","floor":1},{"not_picked":["Anger","Shockwave"],"picked":"Armaments","floor":2},{"not_picked":["Second Wind","Armaments","Anger"],"picked":"SKIP","floor":5},{"not_picked":["Heavy Blade","True Grit","Warcry"],"picked":"SKIP","floor":7},{"not_picked":["Hemokinesis","Shockwave","Dual Wield"],"picked":"SKIP","floor":8},{"not_picked":["Shockwave","Dark Embrace","Intimidate"],"picked":"SKIP","floor":10},{"not_picked":["Corruption","Hemokinesis"],"picked":"True Grit","floor":11},{"not_picked":["Combust","Anger"],"picked":"Clothesline","floor":12}],"player_experience":152806,"relics_obtained":[{"floor":8,"key":"Whetstone"},{"floor":9,"key":"Bag of Marbles"}],"event_choices":[{"damage_healed":0,"gold_gain":75,"player_choice":"Gather Gold","damage_taken":11,"max_hp_gain":0,"max_hp_loss":0,"event_name":"World of Goop","floor":3,"gold_loss":0},{"damage_healed":0,"gold_gain":0,"player_choice":"Take Damage","damage_taken":20,"relics_obtained":["Golden Idol"],"max_hp_gain":0,"max_hp_loss":0,"event_name":"Golden Idol","floor":4,"gold_loss":0}],"is_beta":false,"boss_relics":[],"items_purged_floors":[],"is_endless":false,"potions_floor_spawned":[7,8,11],"killed_by":"Gremlin Nob","ascension_level":6}