{"gold_per_floor":[369,369,71,91,110,143,162,195,251,251,265,297,297,39,39,138,138,154,154,18,18,118,118,151,151,151,178,5,19,53,66,66,163,163,182,26,26,38,38,38,71,84,84,84,117,117,4,16,16,16],"floor_reached":51,"playtime":2759,"items_purged":["Doubt","Strike_B"],"score":1041,"play_id":"50a94059-fdce-4409-a926-1aec88327e83","local_time":"20190617230331","is_ascension_mode":true,"campfire_choices":[{"data":"Streamline","floor":10,"key":"SMITH"},{"data":"Coolheaded","floor":15,"key":"SMITH"},{"data":"Hyperbeam","floor":23,"key":"SMITH"},{"data":"Self Repair","floor":25,"key":"SMITH"},{"data":"Creative AI","floor":32,"key":"SMITH"},{"data":"Self Repair","floor":40,"key":"SMITH"},{"data":"Seek","floor":44,"key":"SMITH"},{"data":"Leap","floor":46,"key":"SMITH"},{"data":"Defend_B","floor":49,"key":"SMITH"}],"neow_cost":"CURSE","seed_source_timestamp":511405685162022,"circlet_count":0,"master_deck":["Strike_B","Strike_B","Defend_B+1","Defend_B","Defend_B","Defend_B","Zap","Dualcast","Leap+1","Seek+1","Self Repair+1","Compile Driver","Rebound","Streamline+1","Core Surge","Coolheaded+1","Reinforced Body","Creative AI+1","RitualDagger","Hyperbeam+1","J.A.X.","Leap+1","Conserve Battery+1","Self Repair+1","Auto Shields+1","Hologram+1","Core Surge","RitualDagger","Meteor Strike"],"relics":["Cracked Core","Lantern","Torii","Anchor","Tiny Chest","Happy Flower","Pantograph","Membership Card","Coffee Dripper","Frozen Eye","Incense Burner","Toxic Egg 2","PreservedInsect","Blood Vial","Ancient Tea Set","Kunai","Frozen Egg 2","Runic Pyramid","Thread and Needle","Smiling Mask","The Courier","Bronze Scales","OrangePellets"],"potions_floor_usage":[6,24,24,33,41,50,50,50],"damage_taken":[{"damage":0,"enemies":"Small Slimes","floor":1,"turns":3},{"damage":0,"enemies":"Cultist","floor":4,"turns":3},{"damage":0,"enemies":"2 Louse","floor":5,"turns":3},{"damage":22,"enemies":"Gremlin Nob","floor":6,"turns":4},{"damage":1,"enemies":"2 Fungi Beasts","floor":7,"turns":4},{"damage":4,"enemies":"3 Sentries","floor":8,"turns":8},{"damage":1,"enemies":"Large Slime","floor":11,"turns":3},{"damage":19,"enemies":"Lagavulin","floor":12,"turns":6},{"damage":4,"enemies":"The Guardian","floor":16,"turns":11},{"damage":0,"enemies":"Chosen","floor":18,"turns":3},{"damage":4,"enemies":"Colosseum Slavers","floor":22,"turns":2},{"damage":21,"enemies":"Colosseum Nobs","floor":22,"turns":3},{"damage":7,"enemies":"Gremlin Leader","floor":24,"turns":6},{"damage":0,"enemies":"Spheric Guardian","floor":29,"turns":3},{"damage":3,"enemies":"Book of Stabbing","floor":30,"turns":4},{"damage":18,"enemies":"Centurion and Healer","floor":31,"turns":7},{"damage":58,"enemies":"Collector","floor":33,"turns":9},{"damage":15,"enemies":"Orb Walker","floor":35,"turns":4},{"damage":16,"enemies":"3 Darklings","floor":38,"turns":4},{"damage":18,"enemies":"Reptomancer","floor":41,"turns":5},{"damage":1,"enemies":"Spire Growth","floor":42,"turns":5},{"damage":31,"enemies":"Nemesis","floor":45,"turns":3},{"damage":0,"enemies":"Sphere and 2 Shapes","floor":48,"turns":3},{"damage":39,"enemies":"Time Eater","floor":50,"turns":13}],"seed_played":"2377260100522025321","potions_obtained":[{"floor":1,"key":"GamblersBrew"},{"floor":8,"key":"SpeedPotion"},{"floor":11,"key":"Strength Potion"},{"floor":16,"key":"Energy Potion"},{"floor":24,"key":"Ancient Potion"},{"floor":38,"key":"Poison Potion"},{"floor":42,"key":"FearPotion"}],"is_trial":false,"path_per_floor":["M","?","$","M","M","E","M","E","T","R","M","E","?","$","R","B",null,"M","?","$","?","?","R","E","R","T","T","$","M","E","M","R","B",null,"M","$","?","M","?","R","E","M","T","R","E","R","$","M","R","B",null],"character_chosen":"DEFECT","items_purchased":["Lantern","Self Repair","Membership Card","Hyperbeam","Frozen Eye","Kunai","Conserve Battery+1","Self Repair","Thread and Needle","OrangePellets","EssenceOfSteel"],"campfire_rested":0,"item_purchase_floors":[3,3,14,20,20,28,28,28,36,47,47],"current_hp_per_floor":[68,68,68,75,75,60,66,69,69,69,75,63,51,51,51,75,75,75,69,69,69,44,44,44,44,44,44,44,63,69,70,70,34,65,69,69,69,72,72,72,66,75,75,75,64,64,64,75,75,56],"gold":16,"neow_bonus":"TWO_FIFTY_GOLD","is_prod":false,"is_daily":false,"chose_seed":false,"campfire_upgraded":9,"win_rate":0,"timestamp":1560827011,"path_taken":["M","?","$","M","M","E","?","E","T","R","M","E","?","$","R","BOSS","M","?","$","?","?","R","E","R","T","?","$","M","E","M","R","BOSS","M","$","?","M","?","R","E","M","T","R","E","R","$","?","R","BOSS"],"build_version":"2019-01-23","purchased_purges":2,"victory":true,"max_hp_per_floor":[75,75,75,75,75,75,75,75,75,75,75,75,75,75,75,75,75,75,75,75,75,75,75,75,75,75,75,75,75,75,75,75,75,75,75,75,75,75,75,75,75,75,75,75,75,75,75,75,75,75],"card_choices":[{"not_picked":["Beam Cell","Steam"],"picked":"Leap","floor":1},{"not_picked":["Reinforced Body","Beam Cell"],"picked":"Compile Driver","floor":4},{"not_picked":["Coolheaded","Conserve Battery"],"picked":"Rebound","floor":5},{"not_picked":["Beam Cell","Conserve Battery"],"picked":"Streamline","floor":6},{"not_picked":["Turbo","Streamline","Rebound"],"picked":"SKIP","floor":7},{"not_picked":["Chill","Streamline"],"picked":"Core Surge","floor":8},{"not_picked":["Rebound","Stack"],"picked":"Coolheaded","floor":11},{"not_picked":["Skim","Rebound"],"picked":"Reinforced Body","floor":12},{"not_picked":["Amplify","Biased Cognition"],"picked":"Creative AI","floor":16},{"not_picked":["Lockon+1","BootSequence","Compile Driver"],"picked":"SKIP","floor":18},{"not_picked":["Turbo+1","Streamline"],"picked":"Leap","floor":22},{"not_picked":["Steam Power+1","Streamline","Go for the Eyes"],"picked":"SKIP","floor":24},{"not_picked":["Sweeping Beam","Leap+1","Beam Cell"],"picked":"SKIP","floor":29},{"not_picked":["Leap+1","Recycle+1"],"picked":"Auto Shields+1","floor":30},{"not_picked":["Barrage","Seek+1"],"picked":"Hologram+1","floor":31},{"not_picked":["Seek+1","Machine Learning+1"],"picked":"Core Surge","floor":33},{"not_picked":["Conserve Battery+1","Barrage+1","Scrape"],"picked":"SKIP","floor":35},{"not_picked":["Scrape+1","Leap+1","Force Field+1"],"picked":"SKIP","floor":38},{"not_picked":["Stack+1","Beam Cell"],"picked":"Meteor Strike","floor":41},{"not_picked":["Coolheaded+1","Go for the Eyes+1","Compile Driver+1"],"picked":"SKIP","floor":42},{"not_picked":["Chill+1","Creative AI+1","Leap+1"],"picked":"SKIP","floor":45},{"not_picked":["Cold Snap+1","Stack+1","Redo+1"],"picked":"SKIP","floor":48}],"player_experience":419671,"relics_obtained":[{"floor":6,"key":"Torii"},{"floor":8,"key":"Anchor"},{"floor":9,"key":"Tiny Chest"},{"floor":12,"key":"Happy Flower"},{"floor":22,"key":"Incense Burner"},{"floor":22,"key":"Toxic Egg 2"},{"floor":24,"key":"PreservedInsect"},{"floor":26,"key":"Blood Vial"},{"floor":27,"key":"Ancient Tea Set"},{"floor":30,"key":"Frozen Egg 2"},{"floor":41,"key":"Smiling Mask"},{"floor":43,"key":"The Courier"},{"floor":45,"key":"Bronze Scales"}],"event_choices":[{"damage_healed":0,"gold_gain":0,"cards_transformed":["Strike_B"],"player_choice":"Transformed","damage_taken":0,"max_hp_gain":0,"max_hp_loss":0,"event_name":"Transmorgrifier","floor":2,"gold_loss":0,"cards_obtained":["Seek"]},{"damage_healed":0,"gold_gain":0,"player_choice":"Success","damage_taken":12,"relics_obtained":["Pantograph"],"max_hp_gain":0,"max_hp_loss":0,"event_name":"Scrap Ooze","floor":13,"gold_loss":0},{"damage_healed":0,"gold_gain":0,"player_choice":"Joined the Cult","damage_taken":6,"max_hp_gain":0,"max_hp_loss":0,"event_name":"Nest","floor":19,"gold_loss":0,"cards_obtained":["RitualDagger"]},{"damage_healed":0,"gold_gain":0,"player_choice":"Obtain J.A.X.","damage_taken":0,"max_hp_gain":0,"max_hp_loss":0,"event_name":"Drug Dealer","floor":21,"gold_loss":0,"cards_obtained":["J.A.X."]},{"damage_healed":0,"gold_gain":0,"player_choice":"Fight","damage_taken":0,"max_hp_gain":0,"max_hp_loss":0,"event_name":"Colosseum","floor":22,"gold_loss":0},{"damage_healed":0,"gold_gain":0,"player_choice":"Fought Nobs","damage_taken":0,"max_hp_gain":0,"max_hp_loss":0,"event_name":"Colosseum","floor":22,"gold_loss":0},{"damage_healed":0,"gold_gain":0,"player_choice":"Ignored","damage_taken":0,"max_hp_gain":0,"max_hp_loss":0,"event_name":"Mysterious Sphere","floor":37,"gold_loss":0},{"damage_healed":0,"gold_gain":0,"player_choice":"Copied","damage_taken":0,"max_hp_gain":0,"max_hp_loss":0,"event_name":"Duplicator","floor":39,"gold_loss":0,"cards_obtained":["RitualDagger"]}],"is_beta":false,"boss_relics":[{"not_picked":["Eternal Feather","Fusion Hammer"],"picked":"Coffee Dripper"},{"not_picked":["Empty Cage","Busted Crown"],"picked":"Runic Pyramid"}],"items_purged_floors":[3,14],"is_endless":false,"potions_floor_spawned":[1,8,11,16,22,24,38,42],"ascension_level":7}