{"gold_per_floor":[112,37,37,52,52,80,98,48,48,75,75,94,94,110,110,215,215,226,226,0,99,149,161,208,220,256,282,307,219,233,108,108,206,206,221,0,0,13,31,31,31,45,122,122,155,155,181,201,201,201],"floor_reached":51,"playtime":2916,"items_purged":["Clumsy","Searing Blow","Evolve"],"score":1109,"play_id":"43661936-9984-408f-b49c-1ea4bacb2ae6","local_time":"20190705170147","is_ascension_mode":true,"campfire_choices":[{"data":"Body Slam","floor":13,"key":"SMITH"},{"data":"Body Slam","floor":15,"key":"SMITH"},{"data":"Flame Barrier","floor":23,"key":"SMITH"},{"data":"Barricade","floor":25,"key":"SMITH"},{"data":"Shrug It Off","floor":32,"key":"SMITH"},{"data":"Entrench","floor":40,"key":"SMITH"},{"data":"Offering","floor":44,"key":"SMITH"},{"data":"Battle Trance","floor":46,"key":"SMITH"},{"data":"Defend_R","floor":49,"key":"SMITH"}],"neow_cost":"CURSE","seed_source_timestamp":2529871646732,"circlet_count":0,"master_deck":["Defend_R","Defend_R","Defend_R","Defend_R+1","Flame Barrier+1","Body Slam+1","Body Slam+1","Barricade+1","Flame Barrier+1","Shrug It Off+1","Shrug It Off+1","Offering+1","Entrench+1","Battle Trance+1","Body Slam+1"],"relics":["Burning Blood","Thread and Needle","Blue Candle","Question Card","Mercury Hourglass","Sozu","MawBank","Strawberry","Dream Catcher","Runic Dome","Red Mask","Shuriken","Ancient Tea Set","Blood Vial"],"potions_floor_usage":[6],"damage_taken":[{"damage":0,"enemies":"2 Louse","floor":1,"turns":3},{"damage":0,"enemies":"Jaw Worm","floor":4,"turns":4},{"damage":23,"enemies":"Gremlin Nob","floor":6,"turns":5},{"damage":0,"enemies":"Cultist","floor":7,"turns":6},{"damage":36,"enemies":"Lagavulin","floor":10,"turns":9},{"damage":0,"enemies":"2 Fungi Beasts","floor":12,"turns":3},{"damage":0,"enemies":"Exordium Thugs","floor":14,"turns":5},{"damage":1,"enemies":"The Guardian","floor":16,"turns":12},{"damage":3,"enemies":"Chosen","floor":18,"turns":3},{"damage":17,"enemies":"Slavers","floor":24,"turns":6},{"damage":0,"enemies":"3 Byrds","floor":27,"turns":2},{"damage":6,"enemies":"Centurion and Healer","floor":28,"turns":102},{"damage":6,"enemies":"Snecko","floor":30,"turns":5},{"damage":0,"enemies":"Champ","floor":33,"turns":7},{"damage":6,"enemies":"3 Darklings","floor":35,"turns":21},{"damage":6,"enemies":"3 Shapes","floor":38,"turns":3},{"damage":6,"enemies":"Maw","floor":39,"turns":6},{"damage":6,"enemies":"Spire Growth","floor":42,"turns":3},{"damage":6,"enemies":"Reptomancer","floor":45,"turns":3},{"damage":6,"enemies":"Jaw Worm Horde","floor":48,"turns":3},{"damage":6,"enemies":"Awakened One","floor":50,"turns":4}],"seed_played":"5071443728334370588","potions_obtained":[{"floor":4,"key":"SteroidPotion"},{"floor":6,"key":"Energy Potion"},{"floor":14,"key":"Strength Potion"},{"floor":16,"key":"Swift Potion"}],"is_trial":false,"path_per_floor":["M","$","?","M","?","E","M","?","T","E","?","M","R","M","R","B",null,"M","?","?","?","T","R","E","R","T","M","M","$","M","$","R","B",null,"M","?","?","M","M","R","?","M","T","R","E","R","T","M","R","B",null],"character_chosen":"IRONCLAD","items_purchased":[],"campfire_rested":0,"item_purchase_floors":[],"current_hp_per_floor":[78,78,71,77,77,60,66,66,66,36,36,42,42,48,48,53,73,76,76,76,76,76,76,72,72,72,78,78,78,78,78,78,84,86,86,86,86,86,86,86,83,83,83,83,83,83,83,83,83,83],"gold":201,"neow_bonus":"ONE_RARE_RELIC","is_prod":false,"is_daily":false,"chose_seed":false,"campfire_upgraded":9,"win_rate":0,"timestamp":1562338907,"path_taken":["M","$","?","M","?","E","?","?","T","E","?","M","R","M","R","BOSS","M","?","?","?","?","R","E","R","T","?","M","$","M","$","R","BOSS","M","?","?","M","M","R","?","M","T","R","E","R","?","M","R","BOSS"],"build_version":"2019-07-01","purchased_purges":3,"victory":true,"max_hp_per_floor":[80,80,80,80,80,80,80,80,80,80,80,80,80,80,80,80,80,80,80,80,80,80,80,87,87,87,87,87,87,87,87,87,87,87,87,87,87,87,87,87,83,83,83,83,83,83,83,83,83,83],"card_choices":[{"not_picked":["Carnage","Burning Pact","Anger"],"picked":"SKIP","floor":1},{"not_picked":["Armaments","Perfected Strike"],"picked":"Flame Barrier","floor":4},{"not_picked":["Sword Boomerang","Carnage","Havoc"],"picked":"SKIP","floor":6},{"not_picked":["Heavy Blade","Flex","Carnage"],"picked":"SKIP","floor":7},{"not_picked":["Infernal Blade","Corruption","Seeing Red"],"picked":"Body Slam","floor":10},{"not_picked":["Clash","Juggernaut","Thunderclap","Twin Strike"],"picked":"SKIP","floor":12},{"not_picked":["Combust","Heavy Blade","Perfected Strike"],"picked":"Body Slam","floor":14},{"not_picked":["Bludgeon","Offering","Brutality"],"picked":"Barricade","floor":16},{"not_picked":["Headbutt","Sword Boomerang","Armaments","Rupture"],"picked":"SKIP","floor":18},{"not_picked":["Whirlwind+1","Uppercut","Combust"],"picked":"Shrug It Off","floor":24},{"not_picked":["Intimidate","Perfected Strike","Twin Strike"],"picked":"Shrug It Off+1","floor":27},{"not_picked":["True Grit","Flex","Fire Breathing","Pummel"],"picked":"SKIP","floor":28},{"not_picked":["Warcry","Evolve","Exhume","Perfected Strike"],"picked":"SKIP","floor":30},{"not_picked":["Fiend Fire","Immolate","Dark Embrace"],"picked":"Offering","floor":33},{"not_picked":["Clash+1","Havoc","Feel No Pain","Thunderclap+1"],"picked":"SKIP","floor":35},{"not_picked":["Blood for Blood+1","Dropkick+1","Clash"],"picked":"Entrench","floor":38},{"not_picked":["Sword Boomerang+1","Clash","Second Wind+1","Sever Soul"],"picked":"SKIP","floor":39},{"not_picked":["True Grit","Shrug It Off","Iron Wave+1","Rage"],"picked":"SKIP","floor":42},{"not_picked":["Uppercut","Feel No Pain","Warcry+1"],"picked":"Battle Trance","floor":45},{"not_picked":["Feel No Pain","Wild Strike+1","Heavy Blade+1"],"picked":"Body Slam+1","floor":48}],"player_experience":165424,"relics_obtained":[{"floor":6,"key":"Blue Candle"},{"floor":9,"key":"Question Card"},{"floor":10,"key":"Mercury Hourglass"},{"floor":22,"key":"MawBank"},{"floor":24,"key":"Strawberry"},{"floor":26,"key":"Dream Catcher"},{"floor":43,"key":"Shuriken"},{"floor":45,"key":"Ancient Tea Set"},{"floor":47,"key":"Blood Vial"}],"event_choices":[{"cards_removed":["Strike_R"],"damage_healed":0,"gold_gain":0,"player_choice":"Card Removal","damage_taken":7,"max_hp_gain":0,"max_hp_loss":0,"event_name":"Golden Wing","floor":3,"gold_loss":0},{"damage_healed":0,"gold_gain":0,"player_choice":"Forge","damage_taken":0,"max_hp_gain":0,"max_hp_loss":0,"event_name":"Accursed Blacksmith","floor":5,"gold_loss":0,"cards_upgraded":["Flame Barrier"]},{"cards_removed":["Strike_R"],"damage_healed":0,"gold_gain":0,"player_choice":"Card Removal","damage_taken":0,"max_hp_gain":0,"max_hp_loss":0,"event_name":"The Cleric","floor":8,"gold_loss":50},{"damage_healed":0,"gold_gain":0,"cards_transformed":["Strike_R"],"player_choice":"Transformed","damage_taken":0,"max_hp_gain":0,"max_hp_loss":0,"event_name":"Transmorgrifier","floor":11,"gold_loss":0,"cards_obtained":["Searing Blow"]},{"damage_healed":0,"gold_gain":0,"cards_transformed":["Strike_R","Strike_R"],"player_choice":"Became Test Subject","damage_taken":0,"max_hp_gain":0,"max_hp_loss":0,"event_name":"Drug Dealer","floor":19,"gold_loss":0,"cards_obtained":["Evolve","Flame Barrier"]},{"damage_healed":0,"gold_gain":0,"player_choice":"Paid Fearfully","damage_taken":0,"max_hp_gain":0,"max_hp_loss":0,"event_name":"Masked Bandits","floor":20,"gold_loss":226},{"damage_healed":0,"gold_gain":99,"player_choice":"Stole From Cult","damage_taken":0,"max_hp_gain":0,"max_hp_loss":0,"event_name":"Nest","floor":21,"gold_loss":0},{"damage_healed":0,"gold_gain":0,"player_choice":"Paid","damage_taken":0,"relics_obtained":["Red Mask"],"max_hp_gain":0,"max_hp_loss":0,"event_name":"Tomb of Lord Red Mask","floor":36,"gold_loss":221},{"cards_removed":["Bash"],"damage_healed":0,"gold_gain":0,"player_choice":"Removed Attack","damage_taken":0,"max_hp_gain":0,"max_hp_loss":0,"event_name":"Falling","floor":37,"gold_loss":0},{"damage_healed":0,"gold_gain":0,"player_choice":"Max HP","damage_taken":0,"max_hp_gain":0,"max_hp_loss":4,"event_name":"Winding Halls","floor":41,"gold_loss":0}],"is_beta":false,"boss_relics":[{"not_picked":["Black Blood","Busted Crown"],"picked":"Sozu"},{"not_picked":["Velvet Choker","Astrolabe"],"picked":"Runic Dome"}],"items_purged_floors":[2,29,31],"is_endless":false,"potions_floor_spawned":[4,6,14,16,24,28,30,35],"ascension_level":7}