{"gold_per_floor":[118,43,43,63,74,102,165,130,176,195,214,245,261,289,289,385,385,402,417,417,367,387,414,430,443,494,593,593,611,350,350,350,455,455,465,249,268,284,303,303,333,333,333,353,353,369,381,406,406,406],"floor_reached":50,"playtime":7391,"items_purged":["Writhe"],"score":704,"play_id":"8d73f5c0-a59a-4dab-a3f8-916d738a416c","local_time":"20190612171533","is_ascension_mode":true,"campfire_choices":[{"floor":15,"key":"REST"},{"data":"1","floor":28,"key":"LIFT"},{"floor":32,"key":"REST"},{"data":"Accuracy","floor":40,"key":"SMITH"},{"data":"2","floor":42,"key":"LIFT"},{"floor":49,"key":"REST"}],"neow_cost":"CURSE","seed_source_timestamp":7983926842151,"circlet_count":0,"master_deck":["Survivor","Neutralize","Discovery","Dark Shackles","Bane","Blade Dance","Infinite Blades","Dash","Deadly Poison+1","Prepared+1","Calculated Gamble+1","Tactician+1","Acrobatics+1","Corpse Explosion+1","Prepared+1","Cloak And Dagger+1","Bane+1","Prepared+1","Quick Slash","Blade Dance+1","Catalyst+1","Well Laid Plans","Neutralize","Burst+1","Accuracy+1","Leg Sweep+1","Well Laid Plans","Sucker Punch","Finisher","Burst+1","Flechettes","Poisoned Stab","Choke","Adrenaline+1","Underhanded Strike+1","Backflip+1","Apotheosis+1","Tools of the Trade","Backflip+1","Deflect+1","Eviscerate+1","Underhanded Strike+1","Burst+1","Tactician+1","Quick Slash+1","Flechettes+1"],"relics":["Ring of the Snake","Happy Flower","Toxic Egg 2","Bag of Marbles","Ornamental Fan","Vajra","Sozu","Girya","Smiling Mask","War Paint","ClockworkSouvenir","Pandora\u0027s Box","Bag of Preparation","Orichalcum","Art of War"],"potions_floor_usage":[6,12,13,14,16],"damage_taken":[{"damage":0,"enemies":"Small Slimes","floor":1,"turns":3},{"damage":0,"enemies":"Jaw Worm","floor":4,"turns":5},{"damage":6,"enemies":"Cultist","floor":5,"turns":4},{"damage":2,"enemies":"3 Sentries","floor":6,"turns":8},{"damage":13,"enemies":"3 Sentries","floor":7,"turns":8},{"damage":0,"enemies":"Exordium Wildlife","floor":10,"turns":2},{"damage":0,"enemies":"3 Louse","floor":11,"turns":3},{"damage":8,"enemies":"Gremlin Nob","floor":12,"turns":4},{"damage":12,"enemies":"Gremlin Gang","floor":13,"turns":5},{"damage":10,"enemies":"3 Sentries","floor":14,"turns":8},{"damage":16,"enemies":"Slime Boss","floor":16,"turns":9},{"damage":0,"enemies":"Chosen","floor":18,"turns":3},{"damage":16,"enemies":"2 Thieves","floor":19,"turns":3},{"damage":0,"enemies":"Centurion and Healer","floor":22,"turns":2},{"damage":9,"enemies":"Gremlin Leader","floor":23,"turns":6},{"damage":0,"enemies":"Sentry and Sphere","floor":24,"turns":4},{"damage":0,"enemies":"Cultist and Chosen","floor":25,"turns":3},{"damage":2,"enemies":"Centurion and Healer","floor":29,"turns":3},{"damage":35,"enemies":"Automaton","floor":33,"turns":8},{"damage":0,"enemies":"Orb Walker","floor":35,"turns":2},{"damage":0,"enemies":"3 Shapes","floor":37,"turns":3},{"damage":9,"enemies":"3 Darklings","floor":38,"turns":3},{"damage":1,"enemies":"4 Shapes","floor":39,"turns":1},{"damage":0,"enemies":"Giant Head","floor":41,"turns":4},{"damage":0,"enemies":"Transient","floor":44,"turns":5},{"damage":0,"enemies":"Writhing Mass","floor":46,"turns":1},{"damage":0,"enemies":"Maw","floor":47,"turns":3},{"damage":25,"enemies":"Reptomancer","floor":48,"turns":4},{"damage":56,"enemies":"Awakened One","floor":50,"turns":6}],"seed_played":"-1272921888211283702","potions_obtained":[{"floor":1,"key":"Explosive Potion"},{"floor":5,"key":"Dexterity Potion"},{"floor":7,"key":"SneckoOil"},{"floor":11,"key":"Block Potion"},{"floor":14,"key":"Ancient Potion"},{"floor":16,"key":"Dexterity Potion"}],"is_trial":false,"path_per_floor":["M","$","?","M","M","E","?","?","T","M","M","E","M","E","R","B",null,"M","M","?","?","M","E","M","M","T","?","R","M","$","?","R","B",null,"M","$","M","M","M","R","E","R","T","M","?","M","M","E","R","B"],"character_chosen":"THE_SILENT","items_purchased":["ClockworkSouvenir","Well Laid Plans","Backflip+1","Apotheosis+1"],"campfire_rested":3,"item_purchase_floors":[30,30,36,36],"current_hp_per_floor":[70,70,70,70,64,62,49,66,66,66,66,58,46,36,57,41,70,70,54,54,54,54,45,45,45,45,45,45,43,43,43,64,29,70,70,70,70,61,60,60,60,60,60,60,60,60,60,35,56,0],"gold":406,"neow_bonus":"RANDOM_COLORLESS_2","is_prod":false,"is_daily":false,"chose_seed":false,"campfire_upgraded":1,"win_rate":0,"timestamp":1560384933,"path_taken":["M","$","?","M","M","E","?","?","T","?","M","E","M","E","R","BOSS","M","M","?","?","M","E","?","M","T","?","R","M","$","?","R","BOSS","M","$","M","M","?","R","E","R","T","?","?","M","M","E","R","BOSS"],"build_version":"2019-01-23","purchased_purges":1,"victory":false,"max_hp_per_floor":[70,70,70,70,70,70,70,70,70,70,70,70,70,70,70,70,70,70,70,70,70,70,70,70,70,70,70,70,70,70,70,70,70,70,70,70,70,70,70,70,70,70,70,70,70,70,70,70,70,70],"card_choices":[{"not_picked":["Backstab","Cloak And Dagger"],"picked":"Bane","floor":1},{"not_picked":["Outmaneuver","Doppelganger"],"picked":"Blade Dance","floor":4},{"not_picked":["Crippling Poison","Choke"],"picked":"Infinite Blades","floor":5},{"not_picked":["Prepared","Bane"],"picked":"Dash","floor":6},{"not_picked":["Heel Hook","Infinite Blades"],"picked":"Deadly Poison+1","floor":7},{"not_picked":["Deflect+1","Dagger Spray"],"picked":"Prepared+1","floor":10},{"not_picked":["Die Die Die","PiercingWail+1"],"picked":"Calculated Gamble+1","floor":11},{"not_picked":["Acrobatics+1","Poisoned Stab"],"picked":"Tactician+1","floor":12},{"not_picked":["Slice","Caltrops"],"picked":"Acrobatics+1","floor":13},{"not_picked":["PiercingWail+1","Blade Dance+1"],"picked":"Corpse Explosion+1","floor":14},{"not_picked":["Underhanded Strike","Dodge and Roll+1"],"picked":"Prepared+1","floor":18},{"not_picked":["Accuracy","Sucker Punch"],"picked":"Cloak And Dagger+1","floor":19},{"not_picked":["Expertise+1","Deadly Poison+1"],"picked":"Bane+1","floor":22},{"not_picked":["Dagger Spray","Eviscerate"],"picked":"Prepared+1","floor":23},{"not_picked":["Backflip+1","Flying Knee+1"],"picked":"Quick Slash","floor":24},{"not_picked":["All Out Attack","Prepared+1"],"picked":"Blade Dance+1","floor":25},{"not_picked":["Bane","Acrobatics+1"],"picked":"Catalyst+1","floor":29},{"not_picked":["Unload","Adrenaline+1"],"picked":"Burst+1","floor":33},{"not_picked":["Noxious Fumes","Flying Knee"],"picked":"Underhanded Strike+1","floor":35},{"not_picked":["Quick Slash+1","Dodge and Roll+1"],"picked":"Tools of the Trade","floor":37},{"not_picked":["Flying Knee","Slice"],"picked":"Backflip+1","floor":38},{"not_picked":["Riddle With Holes+1","Calculated Gamble+1"],"picked":"Deflect+1","floor":39},{"not_picked":["Dagger Spray+1","Masterful Stab+1"],"picked":"Eviscerate+1","floor":41},{"not_picked":["Sucker Punch","Calculated Gamble+1"],"picked":"Underhanded Strike+1","floor":44},{"not_picked":["Dash","Prepared+1"],"picked":"Tactician+1","floor":46},{"not_picked":["Calculated Gamble+1","Terror+1"],"picked":"Quick Slash+1","floor":47},{"not_picked":["Dagger Spray","Caltrops"],"picked":"Flechettes+1","floor":48}],"player_experience":190608,"relics_obtained":[{"floor":6,"key":"Happy Flower"},{"floor":9,"key":"Bag of Marbles"},{"floor":12,"key":"Ornamental Fan"},{"floor":14,"key":"Vajra"},{"floor":23,"key":"Smiling Mask"},{"floor":26,"key":"War Paint"},{"floor":41,"key":"Bag of Preparation"},{"floor":43,"key":"Orichalcum"},{"floor":48,"key":"Art of War"}],"event_choices":[{"damage_healed":0,"gold_gain":0,"player_choice":"Ignored","damage_taken":0,"max_hp_gain":0,"max_hp_loss":0,"event_name":"Golden Wing","floor":3,"gold_loss":0},{"damage_healed":0,"gold_gain":0,"player_choice":"Searched \u00273\u0027 times","damage_taken":0,"relics_obtained":["Toxic Egg 2"],"max_hp_gain":0,"max_hp_loss":0,"event_name":"Dead Adventurer","floor":7,"gold_loss":0},{"damage_healed":17,"gold_gain":0,"player_choice":"Healed","damage_taken":0,"max_hp_gain":0,"max_hp_loss":0,"event_name":"The Cleric","floor":8,"gold_loss":35},{"damage_healed":0,"gold_gain":0,"player_choice":"Opened","damage_taken":0,"relics_obtained":["Girya"],"max_hp_gain":0,"max_hp_loss":0,"event_name":"The Mausoleum","floor":20,"gold_loss":0},{"damage_healed":0,"gold_gain":0,"player_choice":"Bet on Murderer","damage_taken":0,"max_hp_gain":0,"max_hp_loss":0,"event_name":"The Joust","floor":21,"gold_loss":50},{"damage_healed":0,"gold_gain":99,"player_choice":"Stole From Cult","damage_taken":0,"max_hp_gain":0,"max_hp_loss":0,"event_name":"Nest","floor":27,"gold_loss":0},{"damage_healed":0,"gold_gain":0,"player_choice":"1 cards matched","damage_taken":0,"max_hp_gain":0,"max_hp_loss":0,"event_name":"Match and Keep!","floor":31,"gold_loss":0,"cards_obtained":["Neutralize"]},{"damage_healed":0,"gold_gain":0,"player_choice":"Copied","damage_taken":0,"max_hp_gain":0,"max_hp_loss":0,"event_name":"Duplicator","floor":45,"gold_loss":0,"cards_obtained":["Burst"]}],"is_beta":false,"boss_relics":[{"not_picked":["Velvet Choker","Coffee Dripper"],"picked":"Sozu"},{"not_picked":["HoveringKite","Fusion Hammer"],"picked":"Pandora\u0027s Box"}],"items_purged_floors":[2],"is_endless":false,"potions_floor_spawned":[1,5,7,11,14,16,23,24,25,38,41,46,47],"killed_by":"Awakened One","ascension_level":1}