{"gold_per_floor":[116,126,138,155,155,181,202,213,213,213,228,262,262,280,280,376,376,392,404,419,128,128,128,155,155,233,233,264,292,292,321,321,426,426,438,454,468,568,581,641,641,667,693,712,712,724,779,795,795,795],"floor_reached":51,"playtime":6699,"items_purged":["Strike_G"],"score":894,"play_id":"f5cdb795-3a4b-413f-a7c2-7f5fbf8abbfb","local_time":"20190629233318","is_ascension_mode":true,"campfire_choices":[{"floor":10,"key":"REST"},{"floor":13,"key":"REST"},{"data":"Noxious Fumes","floor":15,"key":"SMITH"},{"data":"Neutralize","floor":23,"key":"SMITH"},{"data":"Poisoned Stab","floor":25,"key":"SMITH"},{"data":"Venomology","floor":27,"key":"SMITH"},{"floor":30,"key":"REST"},{"data":"Catalyst","floor":32,"key":"SMITH"},{"floor":41,"key":"REST"},{"floor":45,"key":"REST"},{"floor":49,"key":"REST"}],"neow_cost":"NONE","seed_source_timestamp":94483536718284,"circlet_count":0,"master_deck":["Defend_G","Defend_G","Defend_G","Defend_G","Defend_G","Strike_G","Strike_G","Strike_G","Strike_G","Survivor","Neutralize+1","Deadly Poison","Bane+1","Poisoned Stab+1","Well Laid Plans+1","Venomology+1","Backstab","Expertise","Poisoned Stab","Noxious Fumes+1","Poisoned Stab","Malaise","Sucker Punch","Leg Sweep+1","Escape Plan","Footwork+1","Dodge and Roll","Cloak And Dagger","Catalyst+1","Venomology","Catalyst","Bane+1","Parasite","Poisoned Stab+1","Cloak And Dagger+1","Distraction+1"],"relics":["Ring of the Snake","Smiling Mask","Odd Mushroom","Blood Vial","Boot","Busted Crown","Frozen Egg 2","Gremlin Horn","Dodecahedron","Red Mask","Pantograph","Paper Crane","Fusion Hammer","Tiny Chest","PreservedInsect","Regal Pillow","The Specimen"],"potions_floor_usage":[11,12,14,16,16,18,19,20,24,24,28,31,33,36,37,37,39,39,40,40,42,42,47,48,48,48,50,50,50],"damage_taken":[{"damage":0,"enemies":"Small Slimes","floor":1,"turns":4},{"damage":0,"enemies":"Jaw Worm","floor":2,"turns":4},{"damage":3,"enemies":"2 Louse","floor":3,"turns":3},{"damage":2,"enemies":"2 Fungi Beasts","floor":4,"turns":3},{"damage":24,"enemies":"3 Sentries","floor":6,"turns":10},{"damage":18,"enemies":"The Mushroom Lair","floor":7,"turns":6},{"damage":1,"enemies":"Gremlin Gang","floor":8,"turns":5},{"damage":0,"enemies":"3 Louse","floor":11,"turns":5},{"damage":12,"enemies":"Lagavulin","floor":12,"turns":7},{"damage":7,"enemies":"2 Fungi Beasts","floor":14,"turns":4},{"damage":0,"enemies":"Slime Boss","floor":16,"turns":9},{"damage":3,"enemies":"Chosen","floor":18,"turns":5},{"damage":10,"enemies":"3 Byrds","floor":19,"turns":5},{"damage":8,"enemies":"Cultist and Chosen","floor":20,"turns":7},{"damage":10,"enemies":"Book of Stabbing","floor":24,"turns":6},{"damage":29,"enemies":"Masked Bandits","floor":28,"turns":7},{"damage":5,"enemies":"Gremlin Leader","floor":29,"turns":7},{"damage":1,"enemies":"Book of Stabbing","floor":31,"turns":6},{"damage":53,"enemies":"Automaton","floor":33,"turns":11},{"damage":1,"enemies":"Orb Walker","floor":35,"turns":3},{"damage":4,"enemies":"3 Darklings","floor":36,"turns":5},{"damage":4,"enemies":"Sphere and 2 Shapes","floor":37,"turns":4},{"damage":0,"enemies":"Writhing Mass","floor":39,"turns":5},{"damage":9,"enemies":"Nemesis","floor":40,"turns":5},{"damage":47,"enemies":"Giant Head","floor":42,"turns":9},{"damage":3,"enemies":"Transient","floor":44,"turns":5},{"damage":23,"enemies":"3 Darklings","floor":46,"turns":4},{"damage":44,"enemies":"2 Orb Walkers","floor":47,"turns":6},{"damage":1,"enemies":"Jaw Worm Horde","floor":48,"turns":5},{"damage":33,"enemies":"Time Eater","floor":50,"turns":16}],"seed_played":"-8344289273863128299","potions_obtained":[{"floor":1,"key":"EssenceOfSteel"},{"floor":3,"key":"Strength Potion"},{"floor":7,"key":"Regen Potion"},{"floor":16,"key":"Weak Potion"},{"floor":24,"key":"SmokeBomb"},{"floor":29,"key":"SkillPotion"},{"floor":35,"key":"Regen Potion"},{"floor":42,"key":"GhostInAJar"},{"floor":48,"key":"Regen Potion"}],"is_trial":false,"path_per_floor":["M","M","M","M","?","E","?","M","T","R","M","E","R","M","R","B",null,"M","M","M","$","?","R","E","R","T","R","?","E","R","E","R","B",null,"M","M","M","?","M","E","R","E","T","M","R","M","?","M","R","B",null],"character_chosen":"THE_SILENT","items_purchased":["Frozen Egg 2"],"campfire_rested":6,"item_purchase_floors":[21],"current_hp_per_floor":[77,77,74,72,57,33,15,14,14,37,51,41,64,71,71,73,77,74,66,60,60,60,60,52,52,52,52,40,37,60,61,61,24,77,76,77,73,73,75,68,77,30,30,29,67,46,4,5,43,52],"gold":795,"neow_bonus":"TEN_PERCENT_HP_BONUS","is_prod":false,"is_daily":false,"chose_seed":false,"campfire_upgraded":5,"win_rate":0,"timestamp":1561822398,"path_taken":["M","M","M","M","?","E","?","M","T","R","M","E","R","M","R","BOSS","M","M","M","$","?","R","E","R","T","R","?","E","R","E","R","BOSS","M","M","M","?","M","E","R","E","T","M","R","?","?","M","R","BOSS"],"build_version":"2019-01-23","purchased_purges":1,"victory":true,"max_hp_per_floor":[77,77,77,77,77,77,77,77,77,77,77,77,77,77,77,77,77,77,77,77,77,77,77,77,77,77,77,77,77,77,77,77,77,77,77,77,77,77,77,77,77,77,77,77,77,77,77,77,77,77],"card_choices":[{"not_picked":["Escape Plan","Cloak And Dagger"],"picked":"Deadly Poison","floor":1},{"not_picked":["Distraction","Heel Hook"],"picked":"Bane","floor":2},{"not_picked":["Slice","Skewer"],"picked":"Poisoned Stab","floor":3},{"not_picked":["PiercingWail","Riddle With Holes"],"picked":"Well Laid Plans","floor":4},{"not_picked":["Bane","All Out Attack"],"picked":"Venomology","floor":6},{"not_picked":["Flechettes","Heel Hook"],"picked":"Backstab","floor":7},{"not_picked":["Bouncing Flask","Reflex"],"picked":"Expertise","floor":8},{"not_picked":["Infinite Blades","Distraction"],"picked":"Poisoned Stab","floor":11},{"not_picked":["Caltrops","Endless Agony"],"picked":"Noxious Fumes","floor":12},{"not_picked":["Dash","Bane"],"picked":"Poisoned Stab","floor":14},{"not_picked":["Night Terror","After Image"],"picked":"Malaise","floor":16},{"not_picked":[],"picked":"Sucker Punch","floor":18},{"not_picked":[],"picked":"Leg Sweep+1","floor":19},{"not_picked":[],"picked":"Escape Plan","floor":20},{"not_picked":[],"picked":"Dodge and Roll","floor":24},{"not_picked":[],"picked":"Cloak And Dagger","floor":29},{"not_picked":[],"picked":"Catalyst","floor":31},{"not_picked":[],"picked":"Venomology","floor":33},{"not_picked":[],"picked":"Catalyst","floor":35},{"not_picked":["Accuracy+1"],"picked":"SKIP","floor":36},{"not_picked":[],"picked":"Bane+1","floor":37},{"not_picked":[],"picked":"Poisoned Stab+1","floor":39},{"not_picked":["Flying Knee"],"picked":"SKIP","floor":40},{"not_picked":[],"picked":"Cloak And Dagger+1","floor":42},{"not_picked":["Acrobatics"],"picked":"SKIP","floor":44},{"not_picked":["Flechettes"],"picked":"SKIP","floor":46},{"not_picked":[],"picked":"Distraction+1","floor":48}],"player_experience":46478,"relics_obtained":[{"floor":6,"key":"Smiling Mask"},{"floor":7,"key":"Odd Mushroom"},{"floor":9,"key":"Blood Vial"},{"floor":12,"key":"Boot"},{"floor":24,"key":"Gremlin Horn"},{"floor":26,"key":"Dodecahedron"},{"floor":28,"key":"Red Mask"},{"floor":29,"key":"Pantograph"},{"floor":31,"key":"Paper Crane"},{"floor":40,"key":"Tiny Chest"},{"floor":42,"key":"PreservedInsect"},{"floor":43,"key":"Regal Pillow"},{"floor":47,"key":"The Specimen"}],"event_choices":[{"damage_healed":0,"gold_gain":0,"player_choice":"Entered Light","damage_taken":15,"max_hp_gain":0,"max_hp_loss":0,"event_name":"Shining Light","floor":5,"gold_loss":0,"cards_upgraded":["Well Laid Plans","Bane"]},{"damage_healed":0,"gold_gain":0,"player_choice":"Fought Mushrooms","damage_taken":0,"max_hp_gain":0,"max_hp_loss":0,"event_name":"Mushrooms","floor":7,"gold_loss":0},{"damage_healed":0,"gold_gain":0,"player_choice":"Read","damage_taken":0,"max_hp_gain":0,"max_hp_loss":0,"event_name":"The Library","floor":22,"gold_loss":0,"cards_obtained":["Footwork"]},{"damage_healed":0,"gold_gain":0,"player_choice":"Fought Bandits","damage_taken":0,"max_hp_gain":0,"max_hp_loss":0,"event_name":"Masked Bandits","floor":28,"gold_loss":0},{"damage_healed":0,"gold_gain":100,"player_choice":"Pray","damage_taken":0,"max_hp_gain":0,"max_hp_loss":0,"event_name":"Golden Shrine","floor":38,"gold_loss":0},{"damage_healed":0,"gold_gain":0,"player_choice":"Fight","damage_taken":0,"max_hp_gain":0,"max_hp_loss":0,"event_name":"Mysterious Sphere","floor":47,"gold_loss":0}],"is_beta":false,"boss_relics":[{"not_picked":["Ring of the Serpent","White Beast Statue"],"picked":"Busted Crown"},{"not_picked":["WristBlade","Snecko Eye"],"picked":"Fusion Hammer"}],"items_purged_floors":[21],"is_endless":false,"potions_floor_spawned":[1,3,7,8,16,18,20,24,29,35,36,42,44,48],"ascension_level":1}