{"path_per_floor":["M","?","M","M","?","E","?","E","T"],"character_chosen":"DEFECT","items_purchased":[],"gold_per_floor":[115,65,75,91,91,117,117,149,175,175],"floor_reached":10,"campfire_rested":0,"playtime":540,"item_purchase_floors":[],"current_hp_per_floor":[75,75,75,75,75,54,54,3,3,0],"items_purged":[],"gold":175,"score":76,"play_id":"ea89af1b-aeef-4616-a518-5645734dedb9","local_time":"20180602134543","is_prod":false,"is_daily":false,"chose_seed":false,"is_ascension_mode":false,"campfire_upgraded":0,"win_rate":0.0,"timestamp":1527943543,"campfire_choices":[],"path_taken":["M","?","?","M","?","E","?","E","T","M"],"build_version":"2018-05-31","seed_source_timestamp":0,"purchased_purges":0,"victory":false,"master_deck":["Strike_B","Strike_B","Strike_B","Defend_B","Defend_B","Defend_B","Defend_B","Zap","Dualcast","Blizzard","Sweeping Beam","Reboot","Regret","Leap"],"max_hp_per_floor":[75,75,75,75,75,75,75,75,75,75],"relics":["Cracked Core","NeowsBlessing","Blood Vial","Vajra","Dream Catcher","Potion Belt"],"card_choices":[{"not_picked":["Gash","Storm"],"picked":"Blizzard","floor":1.0},{"not_picked":["Turbo","Gash"],"picked":"Fusion","floor":3.0},{"not_picked":["Leap","Compile Driver"],"picked":"Sweeping Beam","floor":4.0},{"not_picked":["Doom and Gloom","Ball Lightning"],"picked":"Reboot","floor":6},{"not_picked":["Rebound","Sweeping Beam"],"picked":"Leap","floor":8}],"player_experience":595336,"potions_floor_usage":[8,10],"damage_taken":[{"damage":0.0,"enemies":"Small Slimes","floor":1.0,"turns":1.0},{"damage":0.0,"enemies":"Cultist","floor":3.0,"turns":1.0},{"damage":0.0,"enemies":"2 Louse","floor":4.0,"turns":1.0},{"damage":21,"enemies":"3 Sentries","floor":6,"turns":8},{"damage":53,"enemies":"Lagavulin","floor":8,"turns":7},{"damage":7,"enemies":"Large Slime","floor":10,"turns":5}],"relics_obtained":[{"floor":6,"key":"Blood Vial"},{"floor":8,"key":"Dream Catcher"},{"floor":9,"key":"Potion Belt"}],"event_choices":[{"event_name":"The Cleric","player_choice":"Card Removal","floor":2.0,"damage_taken":0.0},{"event_name":"Bonfire Elementals","player_choice":"UNCOMMON","floor":5.0,"damage_taken":0.0},{"event_name":"Big Fish","player_choice":"Box","floor":7,"damage_taken":0}],"boss_relics":[],"items_purged_floors":[],"potions_floor_spawned":[4,6,8],"seed_played":"-5484519236177837812","killed_by":"Large Slime","ascension_level":0,"potions_obtained":[{"floor":4.0,"key":"Dexterity Potion"},{"floor":6,"key":"SkillPotion"},{"floor":8,"key":"Energy Potion"}],"is_trial":false}