{"gold_per_floor":[113,126,126,126,143,143,170,170,195,195,226,115,135,35,35,134,134,148,23,23,298,77,111,122,122],"floor_reached":25,"playtime":2161,"items_purged":["Strike_G","Strike_G","Strike_G","Regret"],"score":260,"play_id":"f970db3f-b218-4641-a91f-3b292d8423e3","local_time":"20190702221739","is_ascension_mode":true,"campfire_choices":[{"floor":6,"key":"REST"},{"data":"Neutralize","floor":8,"key":"SMITH"},{"floor":15,"key":"REST"}],"neow_cost":"NONE","seed_source_timestamp":2004056683950,"circlet_count":0,"master_deck":["Strike_G+1","Strike_G+1","Defend_G","Defend_G","Defend_G","Survivor+1","Neutralize+1","Deadly Poison+1","Deflect","After Image","Blur","Noxious Fumes","Backstab","Glass Knife","Dodge and Roll","Tools of the Trade","Storm of Steel+1","Footwork","Catalyst+1"],"relics":["Ring of the Snake","NeowsBlessing","Odd Mushroom","Potion Belt","Anchor","Dream Catcher","Black Star","War Paint","Meat on the Bone"],"potions_floor_usage":[11,16,18,24],"damage_taken":[{"damage":0,"enemies":"Small Slimes","floor":1,"turns":1},{"damage":0,"enemies":"2 Louse","floor":2,"turns":1},{"damage":0,"enemies":"Cultist","floor":5,"turns":1},{"damage":17,"enemies":"The Mushroom Lair","floor":7,"turns":6},{"damage":11,"enemies":"3 Sentries","floor":11,"turns":10},{"damage":0,"enemies":"Blue Slaver","floor":13,"turns":5},{"damage":52,"enemies":"Slime Boss","floor":16,"turns":13},{"damage":7,"enemies":"2 Thieves","floor":18,"turns":5},{"damage":59,"enemies":"Gremlin Leader","floor":23,"turns":9},{"damage":3,"enemies":"Spheric Guardian","floor":24,"turns":6},{"damage":13,"enemies":"Snecko","floor":25,"turns":2}],"seed_played":"-3686865366604174516","potions_obtained":[{"floor":5,"key":"Weak Potion"},{"floor":7,"key":"Fire Potion"},{"floor":16,"key":"Fire Potion"},{"floor":23,"key":"PowerPotion"},{"floor":24,"key":"Strength Potion"}],"is_trial":false,"path_per_floor":["M","M","?","?","M","R","?","R","T","T","E","$","M","$","R","B",null,"M","$","?","?","$","E","M","M"],"character_chosen":"THE_SILENT","items_purchased":["Noxious Fumes","Footwork"],"campfire_rested":2,"item_purchase_floors":[12,22],"current_hp_per_floor":[70,70,56,56,56,70,53,53,53,53,42,42,42,42,63,11,70,63,63,63,63,63,4,13,0],"gold":122,"neow_bonus":"THREE_ENEMY_KILL","is_prod":false,"is_daily":false,"chose_seed":false,"campfire_upgraded":1,"win_rate":0,"timestamp":1562077059,"path_taken":["M","M","?","?","?","R","?","R","T","?","E","$","M","$","R","BOSS","M","$","?","?","$","E","?","M"],"build_version":"2019-07-01","purchased_purges":4,"victory":false,"max_hp_per_floor":[70,70,70,70,70,70,70,70,70,70,70,70,70,70,70,70,70,70,70,70,70,70,70,70,70],"card_choices":[{"not_picked":["Deflect","Terror"],"picked":"Deadly Poison","floor":1},{"not_picked":["Acrobatics","Deadly Poison"],"picked":"Deflect","floor":2},{"not_picked":["Prepared","Bane","Dagger Spray"],"picked":"SKIP","floor":5},{"not_picked":["Prepared","Blade Dance"],"picked":"After Image","floor":7},{"not_picked":["Blade Dance","Prepared"],"picked":"Blur","floor":11},{"not_picked":["Accuracy","Skewer","Deadly Poison"],"picked":"SKIP","floor":13},{"not_picked":["Skewer","Quick Slash"],"picked":"Backstab","floor":15},{"not_picked":["A Thousand Cuts","Malaise"],"picked":"Glass Knife","floor":16},{"not_picked":["Finisher","Distraction"],"picked":"Dodge and Roll","floor":18},{"not_picked":["Poisoned Stab","Endless Agony","Riddle With Holes+1"],"picked":"SKIP","floor":23},{"not_picked":["Quick Slash","Flying Knee"],"picked":"Catalyst+1","floor":24}],"player_experience":98709,"relics_obtained":[{"floor":7,"key":"Odd Mushroom"},{"floor":9,"key":"Potion Belt"},{"floor":10,"key":"Anchor"},{"floor":11,"key":"Dream Catcher"},{"floor":23,"key":"War Paint"},{"floor":23,"key":"Meat on the Bone"}],"event_choices":[{"damage_healed":0,"gold_gain":0,"player_choice":"Entered Light","damage_taken":14,"max_hp_gain":0,"max_hp_loss":0,"event_name":"Shining Light","floor":3,"gold_loss":0,"cards_upgraded":["Strike_G","Strike_G"]},{"damage_healed":0,"gold_gain":0,"player_choice":"Upgraded","damage_taken":0,"max_hp_gain":0,"max_hp_loss":0,"event_name":"Upgrade Shrine","floor":4,"gold_loss":0,"cards_upgraded":["Deadly Poison"]},{"damage_healed":0,"gold_gain":0,"player_choice":"Fought Mushrooms","damage_taken":0,"max_hp_gain":0,"max_hp_loss":0,"event_name":"Mushrooms","floor":7,"gold_loss":0},{"damage_healed":0,"gold_gain":0,"cards_transformed":["Defend_G","Defend_G"],"player_choice":"Became Test Subject","damage_taken":0,"max_hp_gain":0,"max_hp_loss":0,"event_name":"Drug Dealer","floor":20,"gold_loss":0,"cards_obtained":["Tools of the Trade","Storm of Steel"]},{"damage_healed":0,"gold_gain":275,"player_choice":"Desecrate","damage_taken":0,"max_hp_gain":0,"max_hp_loss":0,"event_name":"Golden Shrine","floor":21,"gold_loss":0,"cards_obtained":["Regret"]}],"is_beta":false,"boss_relics":[{"not_picked":["Coffee Dripper","Astrolabe"],"picked":"Black Star"}],"items_purged_floors":[12,14,19,22],"is_endless":false,"potions_floor_spawned":[5,7,16,23,24],"killed_by":"Snecko","ascension_level":4}