{"gold_per_floor":[111,126,276,43,43,78,97,97,122,122,155,155,167,185,185,264,264,264,264,264,264,264,264,264,225,225,67,67,67,67,67,67,67,67,67,67,67,67,17,17,17,17,17,17,17,17,0,0,0,0,0],"floor_reached":51,"playtime":2385,"items_purged":["Doubt"],"score":1375,"play_id":"bc946e8f-11de-436d-9b80-9b48ee00a6bc","local_time":"20190127135944","is_ascension_mode":true,"campfire_choices":[{"data":"Bash","floor":10,"key":"SMITH"},{"data":"Flame Barrier","floor":12,"key":"SMITH"},{"data":"Body Slam","floor":15,"key":"SMITH"},{"floor":24,"key":"REST"},{"data":"Inflame","floor":29,"key":"SMITH"},{"floor":32,"key":"REST"},{"floor":40,"key":"REST"},{"floor":44,"key":"REST"},{"floor":49,"key":"REST"}],"neow_cost":"NONE","seed_source_timestamp":291933679176300,"circlet_count":0,"master_deck":["AscendersBane","Strike_R","Strike_R","Strike_R","Strike_R","Defend_R","Defend_R","Defend_R","Defend_R","Bash+1","Pommel Strike","Thunderclap","Ghostly Armor","Flame Barrier+1","Shrug It Off","Body Slam+1","Armaments","Limit Break","Sword Boomerang","Necronomicurse","Double Tap","Inflame+1","Metallicize","Body Slam+1","Metallicize+1","Iron Wave","Barricade","Disarm+1","Uppercut+1","Headbutt+1","Uppercut+1","Battle Trance","Entrench","Iron Wave+1","Shockwave+1"],"relics":["Burning Blood","NeowsBlessing","Juzu Bracelet","Vajra","Bag of Marbles","Happy Flower","Ectoplasm","Dream Catcher","Necronomicon","Old Coin","Potion Belt","Strawberry","Snecko Eye","Peace Pipe","Omamori","Nunchaku","Red Mask"],"potions_floor_usage":[11,23,23,23,33,38,42,45],"damage_taken":[{"damage":0,"enemies":"Cultist","floor":1,"turns":1},{"damage":0,"enemies":"Small Slimes","floor":2,"turns":2},{"damage":0,"enemies":"3 Sentries","floor":6,"turns":1},{"damage":4,"enemies":"2 Louse","floor":7,"turns":3},{"damage":34,"enemies":"Lagavulin","floor":11,"turns":9},{"damage":0,"enemies":"Exordium Wildlife","floor":13,"turns":2},{"damage":9,"enemies":"Red Slaver","floor":14,"turns":2},{"damage":10,"enemies":"The Guardian","floor":16,"turns":14},{"damage":14,"enemies":"Shell Parasite","floor":18,"turns":5},{"damage":0,"enemies":"Chosen","floor":21,"turns":3},{"damage":38,"enemies":"Slavers","floor":23,"turns":7},{"damage":29,"enemies":"Shelled Parasite and Fungi","floor":30,"turns":3},{"damage":0,"enemies":"Snecko","floor":31,"turns":2},{"damage":45,"enemies":"Champ","floor":33,"turns":10},{"damage":11,"enemies":"Orb Walker","floor":35,"turns":3},{"damage":24,"enemies":"3 Darklings","floor":36,"turns":3},{"damage":0,"enemies":"Mind Bloom Boss Battle","floor":37,"turns":5},{"damage":38,"enemies":"Maw","floor":38,"turns":7},{"damage":43,"enemies":"Spire Growth","floor":41,"turns":5},{"damage":18,"enemies":"3 Darklings","floor":42,"turns":4},{"damage":0,"enemies":"Transient","floor":45,"turns":6},{"damage":69,"enemies":"Donu and Deca","floor":50,"turns":14},{"damage":18,"enemies":"Awakened One","floor":51,"turns":1}],"seed_played":"7466626770390734349","potions_obtained":[{"floor":2,"key":"SpeedPotion"},{"floor":6,"key":"PowerPotion"},{"floor":7,"key":"Fire Potion"},{"floor":21,"key":"EntropicBrew"},{"floor":36,"key":"Regen Potion"},{"floor":41,"key":"Swift Potion"},{"floor":42,"key":"Block Potion"}],"is_trial":false,"path_per_floor":["M","M","?","$","?","E","M","$","T","R","E","R","M","M","R","B",null,"M","T","?","M","?","E","R","$","T","$","?","R","M","M","R","B",null,"M","M","?","M","?","R","M","M","T","R","M","?","?","?","R","B","B"],"character_chosen":"IRONCLAD","items_purchased":["Juzu Bracelet","Metallicize","Strawberry"],"campfire_rested":5,"item_purchase_floors":[4,25,27],"current_hp_per_floor":[74,75,75,75,75,75,75,75,75,75,47,47,53,50,50,46,68,60,60,39,45,45,13,35,35,35,42,58,58,35,41,65,26,68,63,45,51,33,33,57,20,8,8,32,38,38,38,54,78,15,0],"gold":0,"neow_bonus":"THREE_ENEMY_KILL","is_prod":false,"is_daily":false,"chose_seed":false,"campfire_upgraded":4,"win_rate":0,"timestamp":1548597584,"path_taken":["M","?","?","$","?","E","M","?","T","R","E","R","M","M","R","BOSS","M","?","?","M","?","E","R","$","T","$","?","R","M","M","R","BOSS","M","M","?","M","?","R","M","M","T","R","M","?","?","?","R","BOSS","BOSS"],"build_version":"2019-01-23","purchased_purges":1,"victory":false,"max_hp_per_floor":[75,75,75,75,75,75,75,75,75,75,75,75,75,75,75,75,75,75,75,75,75,75,75,75,75,75,82,82,82,82,82,82,82,82,82,82,82,82,82,82,82,82,82,82,82,82,82,82,82,82,82],"card_choices":[{"not_picked":["Clash","Warcry"],"picked":"Pommel Strike","floor":1},{"not_picked":["Anger","Intimidate"],"picked":"Thunderclap","floor":2},{"not_picked":["Dark Embrace","Clash"],"picked":"Ghostly Armor","floor":6},{"not_picked":["Sentinel","Perfected Strike"],"picked":"Flame Barrier","floor":7},{"not_picked":["Hemokinesis","Wild Strike"],"picked":"Shrug It Off","floor":11},{"not_picked":["Spot Weakness","Warcry"],"picked":"Body Slam","floor":13},{"not_picked":["True Grit","Dual Wield"],"picked":"Armaments","floor":14},{"not_picked":["Fiend Fire","Dark Embrace"],"picked":"Limit Break","floor":16},{"not_picked":["Heavy Blade","Warcry"],"picked":"Sword Boomerang","floor":18},{"not_picked":["Cleave","Pummel","Infernal Blade"],"picked":"SKIP","floor":21},{"not_picked":["Warcry","Sever Soul"],"picked":"Double Tap","floor":23},{"not_picked":["Blood for Blood","Dual Wield"],"picked":"Inflame","floor":24},{"not_picked":["Twin Strike","Flex"],"picked":"Body Slam+1","floor":30},{"not_picked":["Anger","Feel No Pain"],"picked":"Metallicize+1","floor":31},{"not_picked":["Body Slam","Sentinel"],"picked":"Iron Wave","floor":32},{"not_picked":["Berserk","Exhume"],"picked":"Barricade","floor":33},{"not_picked":["Anger","Warcry+1"],"picked":"Disarm+1","floor":35},{"not_picked":["Twin Strike","Searing Blow"],"picked":"Uppercut+1","floor":36},{"not_picked":["Intimidate","Anger"],"picked":"Headbutt+1","floor":37},{"not_picked":["Flex","Combust"],"picked":"Uppercut+1","floor":38},{"not_picked":["Power Through+1","Iron Wave"],"picked":"Battle Trance","floor":40},{"not_picked":["Rampage+1","Clash"],"picked":"Entrench","floor":41},{"not_picked":["Armaments","Power Through+1","Cleave"],"picked":"SKIP","floor":42},{"not_picked":["Reckless Charge","Wild Strike"],"picked":"Iron Wave+1","floor":44},{"not_picked":["Iron Wave","Dropkick"],"picked":"Shockwave+1","floor":45}],"player_experience":1224670,"relics_obtained":[{"floor":6,"key":"Vajra"},{"floor":9,"key":"Bag of Marbles"},{"floor":11,"key":"Happy Flower"},{"floor":19,"key":"Dream Catcher"},{"floor":20,"key":"Necronomicon"},{"floor":23,"key":"Old Coin"},{"floor":26,"key":"Potion Belt"},{"floor":37,"key":"Peace Pipe"},{"floor":43,"key":"Nunchaku"}],"event_choices":[{"damage_healed":0,"gold_gain":150,"player_choice":"AGREE","damage_taken":0,"max_hp_gain":0,"max_hp_loss":0,"event_name":"Liars Game","floor":3,"gold_loss":0,"cards_obtained":["Doubt"]},{"damage_healed":0,"gold_gain":0,"player_choice":"Ignored","damage_taken":0,"max_hp_gain":0,"max_hp_loss":0,"event_name":"Golden Wing","floor":5,"gold_loss":0},{"damage_healed":0,"gold_gain":0,"player_choice":"Obtained Book","damage_taken":21,"max_hp_gain":0,"max_hp_loss":0,"event_name":"Cursed Tome","floor":20,"gold_loss":0},{"damage_healed":0,"gold_gain":0,"player_choice":"Ignored","damage_taken":0,"max_hp_gain":0,"max_hp_loss":0,"event_name":"Ghosts","floor":22,"gold_loss":0},{"damage_healed":16,"gold_gain":0,"player_choice":"Heal","damage_taken":0,"max_hp_gain":0,"max_hp_loss":0,"event_name":"The Library","floor":28,"gold_loss":0},{"damage_healed":0,"gold_gain":0,"player_choice":"Fight","damage_taken":0,"max_hp_gain":0,"max_hp_loss":0,"event_name":"MindBloom","floor":37,"gold_loss":0},{"damage_healed":0,"gold_gain":0,"player_choice":"Paid Gold","damage_taken":0,"relics_obtained":["Omamori"],"max_hp_gain":0,"max_hp_loss":0,"event_name":"WeMeetAgain","floor":39,"gold_loss":50},{"cards_removed":["Strike_R"],"damage_healed":0,"gold_gain":0,"player_choice":"Removed Attack","damage_taken":0,"max_hp_gain":0,"max_hp_loss":0,"event_name":"Falling","floor":46,"gold_loss":0},{"damage_healed":0,"gold_gain":0,"player_choice":"Paid","damage_taken":0,"relics_obtained":["Red Mask"],"max_hp_gain":0,"max_hp_loss":0,"event_name":"Tomb of Lord Red Mask","floor":47,"gold_loss":17},{"damage_healed":16,"gold_gain":0,"player_choice":"Writhe","damage_taken":0,"max_hp_gain":0,"max_hp_loss":0,"event_name":"Winding Halls","floor":48,"gold_loss":0,"cards_obtained":["Writhe"]}],"is_beta":false,"boss_relics":[{"not_picked":["Philosopher\u0027s Stone","Empty Cage"],"picked":"Ectoplasm"},{"not_picked":["Mark of Pain","Eternal Feather"],"picked":"Snecko Eye"}],"items_purged_floors":[4],"is_endless":false,"potions_floor_spawned":[2,6,7,21,36,41,42],"killed_by":"Awakened One","ascension_level":20}