{"gold_per_floor":[114,77,77,92,107,107,137,152,152,167,167,182,197,34,34,134,134,149,119,12,27,27,27,57,57,82,82,97,112,127,127,127,127],"floor_reached":33,"playtime":2631,"items_purged":[],"score":296,"play_id":"fe0c7e7f-1ac6-4aed-be64-49792080761c","local_time":"20190628011256","daily_mods":["Chimera","Colorless Cards","Night Terrors"],"is_ascension_mode":false,"campfire_choices":[{"data":"Enlightenment","floor":6,"key":"SMITH"},{"data":"Loop","floor":11,"key":"SMITH"},{"floor":15,"key":"REST"},{"data":"Reboot","floor":23,"key":"SMITH"},{"data":"Consume","floor":27,"key":"SMITH"},{"data":"Coolheaded","floor":32,"key":"SMITH"}],"neow_cost":"","seed_source_timestamp":0,"circlet_count":0,"master_deck":["Bash","Survivor","Strike_R","Strike_G","Strike_B","Defend_R","Defend_G","Defend_B","Cold Snap","Enlightenment+1","Steam","Cold Snap","Loop+1","Cold Snap","Consume+1","Meteor Strike","Reboot+1","Barrage+1","Coolheaded+1","Self Repair","Blizzard","Ghostly","Ghostly","Ghostly","Ghostly","Ghostly","Coolheaded+1","Sunder","Coolheaded+1","RitualDagger"],"special_seed":18075,"relics":["Cracked Core","Kunai","Letter Opener","Inserter","Darkstone Periapt","MutagenicStrength","Lantern"],"potions_floor_usage":[10,15,24,28],"damage_taken":[{"damage":0,"enemies":"Jaw Worm","floor":1,"turns":4},{"damage":0,"enemies":"Small Slimes","floor":4,"turns":3},{"damage":0,"enemies":"Cultist","floor":5,"turns":4},{"damage":30,"enemies":"Gremlin Nob","floor":7,"turns":4},{"damage":0,"enemies":"Looter","floor":8,"turns":3},{"damage":8,"enemies":"3 Louse","floor":10,"turns":3},{"damage":8,"enemies":"Large Slime","floor":12,"turns":5},{"damage":4,"enemies":"Red Slaver","floor":13,"turns":4},{"damage":32,"enemies":"Hexaghost","floor":16,"turns":10},{"damage":0,"enemies":"3 Byrds","floor":18,"turns":4},{"damage":16,"enemies":"2 Thieves","floor":19,"turns":5},{"damage":26,"enemies":"Snake Plant","floor":21,"turns":7},{"damage":21,"enemies":"Book of Stabbing","floor":24,"turns":8},{"damage":6,"enemies":"Cultist and Chosen","floor":28,"turns":8},{"damage":0,"enemies":"Snecko","floor":29,"turns":3},{"damage":8,"enemies":"Snake Plant","floor":30,"turns":6},{"damage":22,"enemies":"Automaton","floor":33,"turns":8}],"seed_played":"7702872227345050890","potions_obtained":[{"floor":1,"key":"Ancient Potion"},{"floor":8,"key":"Fire Potion"},{"floor":13,"key":"Fruit Juice"},{"floor":16,"key":"Ancient Potion"},{"floor":19,"key":"SkillPotion"},{"floor":21,"key":"FearPotion"},{"floor":24,"key":"AttackPotion"},{"floor":30,"key":"Strength Potion"}],"is_trial":false,"path_per_floor":["M","?","?","M","M","R","E","M","T","M","R","M","M","$","R","B",null,"M","M","$","M","?","R","E","?","T","R","M","M","M","?","R","B"],"character_chosen":"DEFECT","items_purchased":["Meteor Strike","Self Repair","Blizzard"],"campfire_rested":1,"item_purchase_floors":[14,20,20],"current_hp_per_floor":[75,75,75,75,75,75,45,45,45,37,37,29,25,25,75,43,75,75,59,59,40,37,37,23,23,23,23,24,24,23,17,17,0],"gold":127,"neow_bonus":"","is_prod":false,"is_daily":true,"chose_seed":false,"campfire_upgraded":5,"win_rate":0,"timestamp":1561709576,"path_taken":["M","?","?","M","M","R","E","M","T","M","R","M","?","$","R","BOSS","M","M","$","M","?","R","E","?","T","R","M","M","M","?","R","BOSS"],"build_version":"2019-01-23","purchased_purges":0,"victory":false,"max_hp_per_floor":[75,75,75,75,75,75,75,75,75,75,75,75,75,75,75,75,75,75,75,75,75,37,37,37,37,37,37,37,37,37,37,37,37],"card_choices":[{"not_picked":["Lockon","Madness"],"picked":"Cold Snap","floor":1},{"not_picked":["Good Instincts","Hologram"],"picked":"Enlightenment","floor":4},{"not_picked":["Hologram","Panacea"],"picked":"Steam","floor":5},{"not_picked":["BootSequence","Violence"],"picked":"Cold Snap","floor":7},{"not_picked":["Streamline","Rebound"],"picked":"Loop","floor":8},{"not_picked":["Leap","Madness","Gash"],"picked":"SKIP","floor":10},{"not_picked":["Gash","Turbo"],"picked":"Cold Snap","floor":12},{"not_picked":["Steam","Madness"],"picked":"Consume","floor":13},{"not_picked":["Transmutation","Thunder Strike"],"picked":"Reboot","floor":16},{"not_picked":["Stack","Skim"],"picked":"Barrage+1","floor":18},{"not_picked":["Double Energy","Streamline"],"picked":"Coolheaded+1","floor":19},{"not_picked":["Rip and Tear","Streamline","Gash"],"picked":"SKIP","floor":21},{"not_picked":["Streamline","Biased Cognition"],"picked":"Coolheaded","floor":24},{"not_picked":["Rebound","Static Discharge"],"picked":"Sunder","floor":28},{"not_picked":["Stack+1","Coolheaded","Beam Cell"],"picked":"SKIP","floor":29},{"not_picked":["Ball Lightning","Rebound"],"picked":"Coolheaded+1","floor":30}],"player_experience":364411,"relics_obtained":[{"floor":7,"key":"Kunai"},{"floor":9,"key":"Letter Opener"},{"floor":24,"key":"Darkstone Periapt"},{"floor":26,"key":"Lantern"}],"event_choices":[{"damage_healed":0,"gold_gain":0,"player_choice":"Left Gold","damage_taken":0,"max_hp_gain":0,"max_hp_loss":0,"event_name":"World of Goop","floor":2,"gold_loss":37},{"cards_removed":["Zap"],"damage_healed":0,"gold_gain":0,"player_choice":"Offered Basic","damage_taken":0,"max_hp_gain":0,"max_hp_loss":0,"event_name":"Bonfire Elementals","floor":3,"gold_loss":0},{"damage_healed":0,"gold_gain":0,"player_choice":"Became a Ghost","damage_taken":0,"max_hp_gain":0,"max_hp_loss":38,"event_name":"Ghosts","floor":22,"gold_loss":0,"cards_obtained":["Ghostly","Ghostly","Ghostly","Ghostly","Ghostly"]},{"damage_healed":0,"gold_gain":0,"player_choice":"Inject Mutagens","damage_taken":0,"relics_obtained":["MutagenicStrength"],"max_hp_gain":0,"max_hp_loss":0,"event_name":"Drug Dealer","floor":25,"gold_loss":0},{"damage_healed":0,"gold_gain":0,"player_choice":"Joined the Cult","damage_taken":6,"max_hp_gain":0,"max_hp_loss":0,"event_name":"Nest","floor":31,"gold_loss":0,"cards_obtained":["RitualDagger"]}],"is_beta":false,"boss_relics":[{"not_picked":["Busted Crown","Coffee Dripper"],"picked":"Inserter"}],"items_purged_floors":[],"is_endless":false,"potions_floor_spawned":[1,8,13,16,19,21,24,30],"killed_by":"Automaton","ascension_level":0}