{"path_per_floor":["M","M","M","M","$","R","E","M","T","R","?","?","E","?","R"],"character_chosen":"DEFECT","items_purchased":["Bronze Scales"],"gold_per_floor":[113,127,137,154,9,9,41,60,60,60,60,135,169,169,169,169],"floor_reached":16,"campfire_rested":0,"playtime":577,"item_purchase_floors":[5],"current_hp_per_floor":[69,69,65,63,63,63,47,47,47,47,47,36,30,27,27,0],"items_purged":[],"gold":169,"score":110,"play_id":"79bec33f-caf4-4bd6-abfd-05a5a7fd6ac5","local_time":"20180602000616","is_prod":false,"is_daily":false,"chose_seed":false,"is_ascension_mode":false,"campfire_upgraded":3,"win_rate":0.0,"timestamp":1527894376,"campfire_choices":[{"data":"Coolheaded","floor":6,"key":"SMITH"},{"data":"Defragment","floor":10,"key":"SMITH"},{"data":"Rainbow","floor":15,"key":"SMITH"}],"path_taken":["M","M","M","M","$","R","E","M","T","R","?","?","E","?","R","BOSS"],"build_version":"2018-05-31","seed_source_timestamp":119112319315841,"purchased_purges":0,"victory":false,"master_deck":["Strike_B","Strike_B","Strike_B","Strike_B","Defend_B","Defend_B","Defend_B","Defend_B","Zap","Dualcast","Ball Lightning","Coolheaded+1","Reinforced Body","Leap","Defragment+1","Skim","Regret","Rainbow+1"],"max_hp_per_floor":[75,75,75,75,75,75,75,75,75,75,75,75,75,75,75,75],"relics":["Cracked Core","Bronze Scales","Bottled Lightning","Blue Candle","Orichalcum","Sundial","Frozen Egg 2"],"card_choices":[{"not_picked":["Steam","Undo"],"picked":"Ball Lightning","floor":1},{"not_picked":["Beam Cell","Barrage"],"picked":"Coolheaded","floor":2},{"not_picked":["Storm","Leap"],"picked":"Reinforced Body","floor":3},{"not_picked":["Streamline","Beam Cell"],"picked":"Leap","floor":4},{"not_picked":["Capacitor","Gash"],"picked":"Defragment","floor":7},{"not_picked":["Barrage","BootSequence"],"picked":"Skim","floor":8},{"not_picked":["Leap","Stack"],"picked":"Rainbow","floor":13}],"player_experience":588754,"potions_floor_usage":[13],"damage_taken":[{"damage":6,"enemies":"Jaw Worm","floor":1,"turns":3},{"damage":0,"enemies":"Small Slimes","floor":2,"turns":3},{"damage":4,"enemies":"2 Louse","floor":3,"turns":2},{"damage":2,"enemies":"Blue Slaver","floor":4,"turns":3},{"damage":16,"enemies":"Lagavulin","floor":7,"turns":7},{"damage":0,"enemies":"Red Slaver","floor":8,"turns":4},{"damage":6,"enemies":"3 Sentries","floor":13,"turns":4},{"damage":31,"enemies":"Slime Boss","floor":16,"turns":3}],"relics_obtained":[{"floor":7,"key":"Bottled Lightning"},{"floor":9,"key":"Blue Candle"},{"floor":13,"key":"Sundial"}],"event_choices":[{"event_name":"Big Fish","player_choice":"Box","floor":11,"damage_taken":0},{"event_name":"World of Goop","player_choice":"Gather Gold","floor":12,"damage_taken":0},{"event_name":"Scrap Ooze","player_choice":"success","floor":14,"damage_taken":3}],"boss_relics":[],"items_purged_floors":[],"potions_floor_spawned":[4,7,13],"seed_played":"-8260029862337777198","killed_by":"Slime Boss","ascension_level":0,"potions_obtained":[{"floor":4,"key":"Dexterity Potion"},{"floor":7,"key":"FocusPotion"},{"floor":13,"key":"LiquidBronze"}],"is_trial":false}