{"gold_per_floor":[111,111,41,41,66,91,111,126,177,188,188,216,216,144,144,247,247,267,267,192,209,219,246,246,4,4,4,15,33,50,50],"floor_reached":31,"playtime":43630,"items_purged":[],"score":315,"play_id":"bb88ae31-fb20-4ff6-b796-726a4f7f9e54","local_time":"20190614200749","is_ascension_mode":false,"campfire_choices":[{"floor":11.0,"key":"RECALL"},{"data":"Loop","floor":13.0,"key":"SMITH"},{"data":"Buffer","floor":15.0,"key":"SMITH"},{"floor":24,"key":"REST"}],"neow_cost":"NONE","seed_source_timestamp":0,"circlet_count":0,"master_deck":["Strike_B","Strike_B","Strike_B","Defend_B","Defend_B","Defend_B","Zap","Dualcast","Self Repair+1","Hello World","Loop+1","Buffer+1","Genetic Algorithm","Cold Snap","Beam Cell","BootSequence","Static Discharge","All For One","Coolheaded+1","Cold Snap","Electrodynamics","Double Energy","Turbo","Fusion"],"special_seed":0,"relics":["Cracked Core","Happy Flower","DataDisk","Lantern","Inserter","The Courier","Omamori","Calipers","Bottled Lightning"],"potions_floor_usage":[23,30,30],"damage_taken":[{"damage":2.0,"enemies":"Small Slimes","floor":1.0,"turns":3.0},{"damage":35.0,"enemies":"Gremlin Nob","floor":6.0,"turns":5.0},{"damage":3.0,"enemies":"Cultist","floor":7.0,"turns":4.0},{"damage":6.0,"enemies":"2 Louse","floor":8.0,"turns":3.0},{"damage":18.0,"enemies":"Exordium Thugs","floor":10.0,"turns":5.0},{"damage":10.0,"enemies":"3 Sentries","floor":12.0,"turns":6.0},{"damage":0.0,"enemies":"Slime Boss","floor":16.0,"turns":8.0},{"damage":29.0,"enemies":"3 Byrds","floor":18.0,"turns":5.0},{"damage":21.0,"enemies":"Shell Parasite","floor":21.0,"turns":8.0},{"damage":2.0,"enemies":"Snecko","floor":22.0,"turns":7.0},{"damage":42,"enemies":"Slavers","floor":23,"turns":8},{"damage":7,"enemies":"3 Cultists","floor":28,"turns":4},{"damage":23,"enemies":"Snake Plant","floor":29,"turns":3},{"damage":15,"enemies":"Cultist and Chosen","floor":30,"turns":6},{"damage":25,"enemies":"Shelled Parasite and Fungi","floor":31,"turns":3}],"seed_played":"8265971743360011914","potions_obtained":[{"floor":1.0,"key":"Dexterity Potion"},{"floor":10.0,"key":"PowerPotion"},{"floor":18.0,"key":"Swift Potion"},{"floor":23,"key":"EntropicBrew"},{"floor":30,"key":"Energy Potion"}],"is_trial":false,"path_per_floor":["M","?","$","?","T","E","M","M","T","M","R","E","R","$","R","B",null,"M","?","?","M","M","E","R","$","T","?","M","M","M","M"],"character_chosen":"DEFECT","items_purchased":["Hello World","Static Discharge","Calipers"],"campfire_rested":1,"item_purchase_floors":[3,14,25],"current_hp_per_floor":[80,80,80,80,80,52,56,57,57,46,46,43,43,43,43,50,82,60,60,60,46,51,16,40,40,40,40,43,30,25,0],"gold":50,"neow_bonus":"TEN_PERCENT_HP_BONUS","is_prod":false,"is_daily":false,"chose_seed":false,"campfire_upgraded":2,"win_rate":0,"timestamp":1560568069,"path_taken":["M","?","?","?","?","E","M","M","T","?","R","E","R","?","R","BOSS","M","?","?","?","M","E","R","$","T","?","M","?","M","M"],"build_version":"2019-01-23","purchased_purges":0,"victory":false,"max_hp_per_floor":[82,82,82,82,82,82,82,82,82,82,82,82,82,82,82,82,82,82,82,82,82,82,82,82,82,82,82,82,82,82,82],"card_choices":[{"not_picked":["Auto Shields","Rip and Tear"],"picked":"Self Repair","floor":1.0},{"not_picked":["Redo","Undo"],"picked":"Buffer","floor":6.0},{"not_picked":["Gash","Rebound"],"picked":"Genetic Algorithm","floor":7.0},{"not_picked":["Go for the Eyes","Barrage"],"picked":"Cold Snap","floor":8.0},{"not_picked":["Glacier","Undo"],"picked":"Beam Cell","floor":10.0},{"not_picked":["Hologram","Sweeping Beam"],"picked":"BootSequence","floor":12.0},{"not_picked":["Hyperbeam","Multi-Cast"],"picked":"All For One","floor":16.0},{"not_picked":["Gash","Tempest"],"picked":"Coolheaded+1","floor":18.0},{"not_picked":["Gash","Go for the Eyes","Stack"],"picked":"SKIP","floor":21.0},{"not_picked":["Stack","Chill"],"picked":"Cold Snap","floor":22},{"not_picked":["Genetic Algorithm","Melter"],"picked":"Electrodynamics","floor":23},{"not_picked":["Consume+1","Coolheaded+1"],"picked":"Double Energy","floor":28},{"not_picked":["Blizzard","Beam Cell"],"picked":"Turbo","floor":29},{"not_picked":["Static Discharge","Scrape"],"picked":"Fusion","floor":30}],"player_experience":239651,"relics_obtained":[{"floor":6.0,"key":"Happy Flower"},{"floor":9.0,"key":"DataDisk"},{"floor":12.0,"key":"Lantern"},{"floor":23,"key":"Omamori"},{"floor":26,"key":"Bottled Lightning"}],"event_choices":[{"cards_removed":["Defend_B"],"damage_healed":0.0,"max_hp_gain":0.0,"max_hp_loss":0.0,"gold_gain":0.0,"event_name":"Bonfire Elementals","player_choice":"Offered Basic","floor":2.0,"gold_loss":0.0,"damage_taken":0.0},{"damage_healed":0.0,"max_hp_gain":0.0,"max_hp_loss":0.0,"gold_gain":0.0,"cards_transformed":["Strike_B"],"event_name":"Living Wall","player_choice":"Change","floor":4.0,"gold_loss":0.0,"damage_taken":0.0,"cards_obtained":["Loop"]},{"damage_healed":0.0,"max_hp_gain":0.0,"max_hp_loss":0.0,"gold_gain":0.0,"event_name":"The Mausoleum","player_choice":"Opened","floor":19.0,"gold_loss":0.0,"damage_taken":0.0,"relics_obtained":["The Courier"],"cards_obtained":["Writhe"]},{"cards_removed":["Writhe"],"damage_healed":0.0,"max_hp_gain":0.0,"max_hp_loss":0.0,"gold_gain":0.0,"event_name":"Beggar","player_choice":"Gave Gold","floor":20.0,"gold_loss":75.0,"damage_taken":0.0},{"damage_healed":0,"gold_gain":0,"player_choice":"Upgraded","damage_taken":0,"max_hp_gain":0,"max_hp_loss":0,"event_name":"Upgrade Shrine","floor":27,"gold_loss":0,"cards_upgraded":["Self Repair"]}],"is_beta":false,"boss_relics":[{"not_picked":["Tiny House","White Beast Statue"],"picked":"Inserter"}],"items_purged_floors":[],"is_endless":false,"potions_floor_spawned":[1,10,18,23,30],"killed_by":"Shelled Parasite and Fungi","ascension_level":0}