{"gold_per_floor":[119,136,154,154,169,169,187,187,187,187,27,27,41,71,71,71],"floor_reached":16,"playtime":514,"items_purged":["Defend_R"],"score":189,"play_id":"474a51d9-3c27-469e-a457-70a68253e79f","local_time":"20190114183645","is_ascension_mode":true,"campfire_choices":[{"data":"Intimidate","floor":6,"key":"SMITH"},{"data":"Bash","floor":8,"key":"SMITH"},{"data":"Shrug It Off","floor":10,"key":"SMITH"},{"data":"Body Slam","floor":15,"key":"SMITH"}],"neow_cost":"NONE","seed_source_timestamp":313952552681452,"circlet_count":0,"master_deck":["AscendersBane","Strike_R","Strike_R","Strike_R","Strike_R","Strike_R+1","Defend_R","Defend_R+1","Defend_R","Bash+1","Headbutt","Intimidate+1","Shrug It Off+1","Whirlwind","Body Slam+1"],"relics":["Burning Blood","NeowsBlessing","Bag of Marbles","Anchor","Bottled Lightning"],"potions_floor_usage":[14,16],"damage_taken":[{"damage":0,"enemies":"2 Louse","floor":1,"turns":1},{"damage":0,"enemies":"Small Slimes","floor":2,"turns":1},{"damage":0,"enemies":"Cultist","floor":3,"turns":1},{"damage":19,"enemies":"Lots of Slimes","floor":5,"turns":7},{"damage":7,"enemies":"Blue Slaver","floor":7,"turns":6},{"damage":0,"enemies":"Large Slime","floor":13,"turns":4},{"damage":15,"enemies":"Lagavulin","floor":14,"turns":5},{"damage":37,"enemies":"Slime Boss","floor":16,"turns":7}],"seed_played":"6439998230920863653","potions_obtained":[{"floor":3,"key":"SpeedPotion"},{"floor":5,"key":"PowerPotion"},{"floor":7,"key":"AttackPotion"}],"is_trial":false,"path_per_floor":["M","M","M","?","M","R","M","R","T","R","$","?","M","E","R","B"],"character_chosen":"IRONCLAD","items_purchased":["Whirlwind"],"campfire_rested":0,"item_purchase_floors":[11],"current_hp_per_floor":[74,75,75,52,39,39,38,38,38,38,38,38,44,35,35,0],"gold":71,"neow_bonus":"THREE_ENEMY_KILL","is_prod":false,"is_daily":false,"chose_seed":false,"campfire_upgraded":4,"win_rate":0,"timestamp":1547491005,"path_taken":["M","M","M","?","M","R","M","R","T","R","$","?","M","E","R","BOSS"],"build_version":"2019-01-10","purchased_purges":1,"victory":false,"max_hp_per_floor":[75,75,75,75,75,75,75,75,75,75,75,75,75,75,75,75],"card_choices":[{"not_picked":["Burning Pact","Twin Strike"],"picked":"Headbutt","floor":1},{"not_picked":["Anger","True Grit","Wild Strike"],"picked":"SKIP","floor":2},{"not_picked":["Twin Strike","Havoc"],"picked":"Intimidate","floor":3},{"not_picked":["Battle Trance","Twin Strike"],"picked":"Shrug It Off","floor":5},{"not_picked":["Power Through","Anger","Immolate"],"picked":"SKIP","floor":7},{"not_picked":["Armaments","Pommel Strike"],"picked":"Body Slam","floor":13},{"not_picked":["Perfected Strike","Flex","Havoc"],"picked":"SKIP","floor":14}],"player_experience":1102826,"relics_obtained":[{"floor":9,"key":"Bag of Marbles"},{"floor":12,"key":"Anchor"},{"floor":14,"key":"Bottled Lightning"}],"event_choices":[{"damage_healed":0,"gold_gain":0,"player_choice":"Entered Light","damage_taken":23,"max_hp_gain":0,"max_hp_loss":0,"event_name":"Shining Light","floor":4,"gold_loss":0,"cards_upgraded":["Defend_R","Strike_R"]},{"damage_healed":0,"gold_gain":0,"player_choice":"Relic","damage_taken":0,"max_hp_gain":0,"max_hp_loss":0,"event_name":"Wheel of Change","floor":12,"gold_loss":0}],"is_beta":false,"boss_relics":[],"items_purged_floors":[11],"is_endless":false,"potions_floor_spawned":[3,5,7,13],"killed_by":"Slime Boss","ascension_level":17}