{"gold_per_floor":[15,29,49,69,69,69,104,104,182,20,37,56,86,96,96,170,170,180,180,180,215,225,260,260,286,311,311,327,359,359,372,372,446,446,457,347,366,93,104,104,114,134,159,159,241,241,272,282,282,282],"floor_reached":51,"playtime":2766,"items_purged":["Defend_R","Writhe"],"score":1368,"play_id":"7ca776d5-2ac6-438b-9138-7dddbba3289b","local_time":"20190114200415","is_ascension_mode":true,"campfire_choices":[{"data":"Bash","floor":6,"key":"SMITH"},{"data":"Feed","floor":8,"key":"SMITH"},{"data":"Inflame","floor":15,"key":"SMITH"},{"floor":24,"key":"REST"},{"floor":27,"key":"REST"},{"data":"Double Tap","floor":30,"key":"SMITH"},{"floor":32,"key":"REST"},{"floor":40,"key":"REST"},{"data":"Pommel Strike","floor":46,"key":"SMITH"},{"floor":49,"key":"REST"}],"neow_cost":"NO_GOLD","seed_source_timestamp":316940501515590,"circlet_count":0,"master_deck":["AscendersBane","Strike_R","Strike_R","Strike_R","Strike_R","Strike_R","Defend_R+1","Defend_R","Defend_R","Bash+1","Flex","Shrug It Off","Feed+1","Inflame+1","Pommel Strike+1","Demon Form","Reaper","Shrug It Off","Double Tap+1","Twin Strike","Pommel Strike+1","Shockwave+1","Shame","Parasite"],"relics":["Burning Blood","Pocketwatch","Du-Vu Doll","Darkstone Periapt","Oddly Smooth Stone","Cursed Key","Happy Flower","Red Mask","Dodecahedron","Letter Opener","Blood Vial","Torii","Eternal Feather","Bag of Marbles","Art of War","Frozen Egg 2","Smiling Mask"],"potions_floor_usage":[7,13,16,18,21,23,28,39,41,50,50],"damage_taken":[{"damage":11,"enemies":"Small Slimes","floor":1,"turns":4},{"damage":0,"enemies":"Cultist","floor":2,"turns":2},{"damage":2,"enemies":"2 Louse","floor":3,"turns":3},{"damage":7,"enemies":"Looter","floor":4,"turns":4},{"damage":10,"enemies":"Gremlin Nob","floor":7,"turns":3},{"damage":9,"enemies":"3 Louse","floor":11,"turns":4},{"damage":5,"enemies":"Red Slaver","floor":12,"turns":3},{"damage":22,"enemies":"3 Sentries","floor":13,"turns":7},{"damage":0,"enemies":"Large Slime","floor":14,"turns":4},{"damage":22,"enemies":"Slime Boss","floor":16,"turns":6},{"damage":17,"enemies":"Spheric Guardian","floor":18,"turns":5},{"damage":45,"enemies":"Masked Bandits","floor":21,"turns":4},{"damage":30,"enemies":"2 Thieves","floor":22,"turns":5},{"damage":50,"enemies":"Slavers","floor":23,"turns":7},{"damage":39,"enemies":"Book of Stabbing","floor":25,"turns":4},{"damage":41,"enemies":"Shelled Parasite and Fungi","floor":28,"turns":5},{"damage":42,"enemies":"Slavers","floor":29,"turns":7},{"damage":22,"enemies":"Snecko","floor":31,"turns":4},{"damage":94,"enemies":"Champ","floor":33,"turns":7},{"damage":12,"enemies":"Orb Walker","floor":35,"turns":2},{"damage":18,"enemies":"3 Shapes","floor":37,"turns":6},{"damage":72,"enemies":"Writhing Mass","floor":39,"turns":5},{"damage":37,"enemies":"Transient","floor":41,"turns":6},{"damage":54,"enemies":"4 Shapes","floor":42,"turns":6},{"damage":94,"enemies":"Reptomancer","floor":47,"turns":5},{"damage":20,"enemies":"Maw","floor":48,"turns":6},{"damage":42,"enemies":"Time Eater","floor":50,"turns":10}],"seed_played":"-32878156412737073","potions_obtained":[{"floor":2,"key":"Strength Potion"},{"floor":4,"key":"SteroidPotion"},{"floor":13,"key":"Weak Potion"},{"floor":14,"key":"GamblersBrew"},{"floor":18,"key":"GamblersBrew"},{"floor":22,"key":"Regen Potion"},{"floor":25,"key":"Regen Potion"},{"floor":31,"key":"LiquidBronze"},{"floor":37,"key":"Dexterity Potion"},{"floor":39,"key":"AttackPotion"},{"floor":41,"key":"BloodPotion"}],"is_trial":false,"path_per_floor":["M","M","M","M","?","R","E","R","T","$","M","M","E","M","R","B",null,"M","?","?","?","M","E","R","E","T","R","M","E","R","M","R","B",null,"M","?","M","$","M","R","M","M","T","?","T","R","E","M","R","B",null],"character_chosen":"IRONCLAD","items_purchased":["Inflame","Bag of Marbles"],"campfire_rested":5,"item_purchase_floors":[10,38],"current_hp_per_floor":[63,69,73,72,61,61,57,57,57,57,58,63,51,61,61,45,80,75,48,54,52,44,42,76,56,62,98,81,68,68,69,107,57,110,120,120,114,114,50,102,80,88,94,94,100,112,54,59,119,105],"gold":282,"neow_bonus":"ONE_RARE_RELIC","is_prod":false,"is_daily":false,"chose_seed":false,"campfire_upgraded":5,"win_rate":0,"timestamp":1547496255,"path_taken":["M","M","M","M","?","R","E","R","T","$","?","M","E","M","R","BOSS","M","?","?","?","M","E","R","E","T","R","M","E","R","M","R","BOSS","M","?","M","$","M","R","?","M","T","?","?","R","E","M","R","BOSS"],"build_version":"2019-01-10","purchased_purges":2,"victory":true,"max_hp_per_floor":[75,75,75,75,75,75,75,75,75,75,79,83,87,91,91,91,91,91,96,102,106,110,114,114,114,120,120,124,128,128,128,128,128,128,132,132,136,136,136,136,136,140,146,146,152,152,156,160,160,164],"card_choices":[{"not_picked":["Intimidate","Perfected Strike"],"picked":"Flex","floor":1},{"not_picked":["Clash","Rampage"],"picked":"Shrug It Off","floor":2},{"not_picked":["Heavy Blade","Corruption","Seeing Red"],"picked":"SKIP","floor":3},{"not_picked":["Wild Strike","Rage"],"picked":"Headbutt","floor":4},{"not_picked":["Pommel Strike","Havoc"],"picked":"Feed","floor":7},{"not_picked":["Anger","Clothesline","Armaments"],"picked":"SKIP","floor":11},{"not_picked":["Headbutt","Intimidate"],"picked":"Pommel Strike","floor":12},{"not_picked":["Entrench","Havoc"],"picked":"Demon Form","floor":13},{"not_picked":["Rupture","Thunderclap","Flex"],"picked":"SKIP","floor":14},{"not_picked":["Double Tap","Impervious"],"picked":"Reaper","floor":16},{"not_picked":["Fire Breathing","Anger","Twin Strike"],"picked":"SKIP","floor":18},{"not_picked":["Perfected Strike","Thunderclap","True Grit"],"picked":"SKIP","floor":22},{"not_picked":["Infernal Blade","Body Slam"],"picked":"Shrug It Off","floor":23},{"not_picked":["Perfected Strike","Spot Weakness","Clothesline"],"picked":"SKIP","floor":25},{"not_picked":["Cleave","Sword Boomerang"],"picked":"Double Tap","floor":28},{"not_picked":["Wild Strike","Ghostly Armor"],"picked":"Twin Strike","floor":29},{"not_picked":["Twin Strike","Entrench","Corruption+1"],"picked":"SKIP","floor":31},{"not_picked":["Clothesline","Corruption+1","Combust+1"],"picked":"SKIP","floor":35},{"not_picked":["Headbutt","Fire Breathing"],"picked":"Pommel Strike+1","floor":37},{"not_picked":["Armaments","Body Slam+1","Havoc"],"picked":"SKIP","floor":39},{"not_picked":["Anger","Second Wind+1"],"picked":"Shockwave+1","floor":41},{"not_picked":["Cleave","Pommel Strike","Clash"],"picked":"SKIP","floor":42},{"not_picked":["Cleave","Rage","Feed"],"picked":"SKIP","floor":47},{"not_picked":["Dual Wield","Combust+1","Pommel Strike"],"picked":"SKIP","floor":48}],"player_experience":1105748,"relics_obtained":[{"floor":7,"key":"Du-Vu Doll"},{"floor":9,"key":"Darkstone Periapt"},{"floor":13,"key":"Oddly Smooth Stone"},{"floor":21,"key":"Red Mask"},{"floor":23,"key":"Dodecahedron"},{"floor":25,"key":"Letter Opener"},{"floor":26,"key":"Blood Vial"},{"floor":29,"key":"Torii"},{"floor":43,"key":"Art of War"},{"floor":45,"key":"Frozen Egg 2"},{"floor":47,"key":"Smiling Mask"}],"event_choices":[{"damage_healed":0,"gold_gain":0,"player_choice":"Damaged","damage_taken":11,"max_hp_gain":0,"max_hp_loss":0,"event_name":"Wheel of Change","floor":5,"gold_loss":0},{"damage_healed":0,"gold_gain":0,"player_choice":"Shed Blood","damage_taken":32,"max_hp_gain":5,"max_hp_loss":0,"event_name":"Forgotten Altar","floor":19,"gold_loss":0},{"damage_healed":0,"gold_gain":0,"player_choice":"Opened","damage_taken":0,"relics_obtained":["Happy Flower"],"max_hp_gain":0,"max_hp_loss":0,"event_name":"The Mausoleum","floor":20,"gold_loss":0,"cards_obtained":["Writhe"]},{"damage_healed":0,"gold_gain":0,"player_choice":"Fought Bandits","damage_taken":0,"max_hp_gain":0,"max_hp_loss":0,"event_name":"Masked Bandits","floor":21,"gold_loss":0},{"cards_removed":["Writhe"],"damage_healed":0,"gold_gain":0,"player_choice":"Upgrade and Remove","damage_taken":0,"max_hp_gain":0,"max_hp_loss":0,"event_name":"Designer","floor":36,"gold_loss":110,"cards_upgraded":["Defend_R"]},{"cards_removed":["Headbutt"],"damage_healed":0,"gold_gain":0,"player_choice":"Removed Attack","damage_taken":0,"max_hp_gain":0,"max_hp_loss":0,"event_name":"Falling","floor":44,"gold_loss":0}],"is_beta":false,"boss_relics":[{"not_picked":["Snecko Eye","Empty Cage"],"picked":"Cursed Key"},{"not_picked":["Runic Pyramid","Runic Dome"],"picked":"Eternal Feather"}],"items_purged_floors":[10,38],"is_endless":false,"potions_floor_spawned":[2,4,13,14,18,22,25,31,37,39,41,42],"ascension_level":17}