{"gold_per_floor":[109,109,109,109,126,157,169,188,188,203,215,215,227,130,130,130],"floor_reached":16,"playtime":685,"items_purged":[],"score":208,"play_id":"eed720a7-3f0f-46a6-95c7-9f236e9c1818","local_time":"20190120165714","is_ascension_mode":true,"campfire_choices":[{"data":"Headbutt","floor":12,"key":"SMITH"},{"floor":15,"key":"REST"}],"neow_cost":"NONE","seed_source_timestamp":44760712266800,"circlet_count":0,"master_deck":["AscendersBane","Strike_R","Strike_R","Strike_R","Strike_R","Strike_R","Defend_R","Defend_R","Defend_R","Defend_R","Bash+1","Blind+1","Ghostly Armor","Shrug It Off","Iron Wave","Headbutt+1","Battle Trance","Finesse","Pommel Strike"],"relics":["Burning Blood","Ancient Tea Set","Dream Catcher"],"potions_floor_usage":[16,16],"damage_taken":[{"damage":0,"enemies":"2 Louse","floor":1,"turns":4},{"damage":7,"enemies":"Jaw Worm","floor":5,"turns":4},{"damage":49,"enemies":"3 Sentries","floor":6,"turns":16},{"damage":1,"enemies":"Cultist","floor":7,"turns":4},{"damage":24,"enemies":"Exordium Thugs","floor":8,"turns":6},{"damage":5,"enemies":"Blue Slaver","floor":10,"turns":4},{"damage":0,"enemies":"Looter","floor":11,"turns":4},{"damage":22,"enemies":"Large Slime","floor":13,"turns":10},{"damage":37,"enemies":"Slime Boss","floor":16,"turns":8}],"seed_played":"-9117233086269856436","potions_obtained":[{"floor":1,"key":"Dexterity Potion"},{"floor":5,"key":"BloodPotion"}],"is_trial":false,"path_per_floor":["M","$","?","?","M","E","M","M","T","M","M","R","M","$","R","B"],"character_chosen":"IRONCLAD","items_purchased":["Finesse"],"campfire_rested":1,"item_purchase_floors":[14],"current_hp_per_floor":[74,74,74,74,73,30,35,17,17,18,24,24,8,8,30,0],"gold":130,"neow_bonus":"RANDOM_COLORLESS","is_prod":false,"is_daily":false,"chose_seed":false,"campfire_upgraded":1,"win_rate":0,"timestamp":1548003434,"path_taken":["M","$","?","?","M","E","M","M","T","M","?","R","M","?","R","BOSS"],"build_version":"2019-01-17v2","purchased_purges":0,"victory":false,"max_hp_per_floor":[75,75,75,75,75,75,75,75,75,75,75,75,75,75,75,75],"card_choices":[{"not_picked":["True Grit","Iron Wave"],"picked":"Ghostly Armor","floor":1},{"not_picked":["Rampage","Second Wind"],"picked":"Shrug It Off","floor":5},{"not_picked":["Heavy Blade","Bloodletting"],"picked":"Iron Wave","floor":6},{"not_picked":["Second Wind","Ghostly Armor","Anger"],"picked":"SKIP","floor":7},{"not_picked":["Feel No Pain","Clothesline"],"picked":"Headbutt","floor":8},{"not_picked":["Sword Boomerang","Impervious","Entrench"],"picked":"SKIP","floor":10},{"not_picked":["Anger","Iron Wave","True Grit"],"picked":"SKIP","floor":11},{"not_picked":["Carnage","Clothesline"],"picked":"Battle Trance","floor":13},{"not_picked":["Heavy Blade","Dual Wield"],"picked":"Pommel Strike","floor":15}],"player_experience":1208950,"relics_obtained":[{"floor":6,"key":"Ancient Tea Set"},{"floor":9,"key":"Dream Catcher"}],"event_choices":[{"damage_healed":0,"gold_gain":0,"player_choice":"Grow","damage_taken":0,"max_hp_gain":0,"max_hp_loss":0,"event_name":"Living Wall","floor":3,"gold_loss":0,"cards_upgraded":["Bash"]},{"damage_healed":0,"gold_gain":0,"player_choice":"Upgraded","damage_taken":0,"max_hp_gain":0,"max_hp_loss":0,"event_name":"Upgrade Shrine","floor":4,"gold_loss":0,"cards_upgraded":["Blind"]}],"is_beta":false,"boss_relics":[],"items_purged_floors":[],"is_endless":false,"potions_floor_spawned":[1,5,7,10],"killed_by":"Slime Boss","ascension_level":20}