{"gold_per_floor":[115,128,142,157,157,157,14,14,14,25,35,35],"floor_reached":12,"playtime":504,"items_purged":[],"score":72,"play_id":"a5533248-a629-4005-bcce-669b95a754bf","local_time":"20190703101135","is_ascension_mode":false,"campfire_choices":[{"data":"Capacitor","floor":6,"key":"SMITH"},{"floor":8,"key":"REST"}],"neow_cost":"NONE","seed_source_timestamp":1002471136736503,"circlet_count":0,"master_deck":["Strike_B","Strike_B","Strike_B","Strike_B","Defend_B","Defend_B","Defend_B","Defend_B","Zap","Dualcast","Coolheaded","Loop","Capacitor+1","Glacier","Genetic Algorithm"],"relics":["Sozu","Bag of Preparation","Pantograph"],"potions_floor_usage":[],"damage_taken":[{"damage":0,"enemies":"Small Slimes","floor":1,"turns":2},{"damage":1,"enemies":"Jaw Worm","floor":2,"turns":4},{"damage":0,"enemies":"2 Louse","floor":3,"turns":2},{"damage":47,"enemies":"Gremlin Gang","floor":4,"turns":6},{"damage":16,"enemies":"Large Slime","floor":10,"turns":9},{"damage":6,"enemies":"Lots of Slimes","floor":11,"turns":7},{"damage":8,"enemies":"Gremlin Nob","floor":12,"turns":3}],"seed_played":"5635235735395528663","potions_obtained":[],"is_trial":false,"path_per_floor":["M","M","M","M","?","R","$","R","T","M","M","E"],"character_chosen":"DEFECT","items_purchased":["Bag of Preparation"],"campfire_rested":1,"item_purchase_floors":[7],"current_hp_per_floor":[75,74,74,27,32,32,32,56,56,40,34,26],"gold":35,"neow_bonus":"BOSS_RELIC","is_prod":false,"is_daily":false,"chose_seed":false,"campfire_upgraded":1,"win_rate":0,"timestamp":1562173895,"path_taken":["M","M","M","M","?","R","$","R","T","M","M","E"],"build_version":"2019-07-01","purchased_purges":0,"victory":false,"max_hp_per_floor":[75,75,75,75,80,80,80,80,80,80,80,80],"card_choices":[{"not_picked":["Rebound","Leap"],"picked":"Coolheaded","floor":1},{"not_picked":["Go for the Eyes","Steam Power"],"picked":"Loop","floor":2},{"not_picked":["Stack","Auto Shields"],"picked":"Capacitor","floor":3},{"not_picked":["Beam Cell","Rebound","Aggregate"],"picked":"SKIP","floor":4},{"not_picked":["Gash","Beam Cell"],"picked":"Glacier","floor":10},{"not_picked":["Redo","Turbo"],"picked":"Genetic Algorithm","floor":11}],"player_experience":612593,"relics_obtained":[{"floor":9,"key":"Pantograph"}],"event_choices":[{"damage_healed":0,"gold_gain":0,"player_choice":"Donut","damage_taken":0,"max_hp_gain":5,"max_hp_loss":0,"event_name":"Big Fish","floor":5,"gold_loss":0}],"is_beta":false,"boss_relics":[],"items_purged_floors":[],"is_endless":false,"potions_floor_spawned":[10,11],"killed_by":"Gremlin Nob","ascension_level":0}