{"gold_per_floor":[11,23,198,215,215,229,229,246,246,246,171,197,197,216,216,312,312,322,322,337,352,371,371,382,382,382,396,396,409,409,426,426,426],"floor_reached":33,"playtime":1695,"items_purged":["Doubt"],"score":253,"play_id":"04f65461-801a-407f-a37b-ce9f864e8f54","local_time":"20190427233403","is_ascension_mode":false,"campfire_choices":[{"data":"Fusion","floor":7,"key":"SMITH"},{"data":"Zap","floor":10,"key":"SMITH"},{"data":"Rainbow","floor":15,"key":"SMITH"},{"data":"Redo","floor":23,"key":"SMITH"},{"floor":25,"key":"REST"},{"floor":32,"key":"REST"}],"neow_cost":"NO_GOLD","seed_source_timestamp":1288740269880493,"circlet_count":0,"master_deck":["Strike_B","Strike_B","Strike_B","Strike_B","Defend_B","Defend_B","Defend_B","Defend_B","Zap+1","Dualcast","Rainbow+1","Fusion+1","Leap","Compile Driver","Auto Shields","Compile Driver","White Noise","Machine Learning","Redo+1","Reinforced Body","Leap","Reboot","Decay","Hologram","Double Energy"],"relics":["Cracked Core"],"potions_floor_usage":[16,24,33,33],"damage_taken":[{"damage":1,"enemies":"2 Louse","floor":1,"turns":2},{"damage":4,"enemies":"Jaw Worm","floor":2,"turns":4},{"damage":0,"enemies":"Cultist","floor":4,"turns":4},{"damage":8,"enemies":"Large Slime","floor":6,"turns":5},{"damage":1,"enemies":"2 Fungi Beasts","floor":8,"turns":3},{"damage":6,"enemies":"3 Sentries","floor":12,"turns":7},{"damage":0,"enemies":"Blue Slaver","floor":14,"turns":3},{"damage":27,"enemies":"Hexaghost","floor":16,"turns":8},{"damage":12,"enemies":"Spheric Guardian","floor":18,"turns":4},{"damage":1,"enemies":"Chosen","floor":20,"turns":4},{"damage":18,"enemies":"Centurion and Healer","floor":21,"turns":8},{"damage":6,"enemies":"Cultist and Chosen","floor":22,"turns":6},{"damage":17,"enemies":"Sentry and Sphere","floor":24,"turns":4},{"damage":23,"enemies":"Chosen and Byrds","floor":27,"turns":7},{"damage":7,"enemies":"Snecko","floor":29,"turns":6},{"damage":18,"enemies":"Snake Plant","floor":31,"turns":5},{"damage":33,"enemies":"Champ","floor":33,"turns":14}],"seed_played":"3004000398543108991","potions_obtained":[{"floor":1,"key":"AttackPotion"},{"floor":6,"key":"FocusPotion"},{"floor":12,"key":"Fire Potion"},{"floor":20,"key":"Strength Potion"},{"floor":21,"key":"Dexterity Potion"},{"floor":29,"key":"FairyPotion"}],"is_trial":false,"path_per_floor":["M","M","?","M","?","M","R","M","T","R","$","E","?","M","R","B",null,"M","?","M","M","M","R","M","R","T","M","?","M","?","M","R","B"],"character_chosen":"DEFECT","items_purchased":[],"campfire_rested":2,"item_purchase_floors":[],"current_hp_per_floor":[74,70,70,70,75,67,67,66,66,66,66,60,60,60,60,33,80,68,68,67,49,43,43,26,50,50,27,27,20,20,2,26,8],"gold":426,"neow_bonus":"THREE_RARE_CARDS","is_prod":false,"is_daily":false,"chose_seed":false,"campfire_upgraded":4,"win_rate":0,"timestamp":1556422443,"path_taken":["M","M","?","M","?","?","R","M","T","R","?","E","?","M","R","BOSS","M","?","M","M","M","R","M","R","T","M","?","M","?","M","R","BOSS"],"build_version":"2019-01-23","purchased_purges":1,"victory":false,"max_hp_per_floor":[75,75,75,75,80,80,80,80,80,80,80,80,80,80,80,80,80,80,80,80,80,80,80,80,80,80,80,80,80,80,80,80,80],"card_choices":[{"not_picked":["Multi-Cast","Buffer"],"picked":"Rainbow","floor":0},{"not_picked":["Gash","Reprogram"],"picked":"Fusion","floor":1},{"not_picked":["Gash","Rebound"],"picked":"Leap","floor":2},{"not_picked":["Fusion","Go for the Eyes"],"picked":"Compile Driver","floor":4},{"not_picked":["Rebound","Scrape"],"picked":"Auto Shields","floor":6},{"not_picked":["Streamline","Hologram","Storm"],"picked":"SKIP","floor":8},{"not_picked":["Aggregate","Static Discharge"],"picked":"Compile Driver","floor":12},{"not_picked":["Sunder","Beam Cell"],"picked":"White Noise","floor":14},{"not_picked":["Meteor Strike","Thunder Strike"],"picked":"Machine Learning","floor":16},{"not_picked":["Fusion","Heatsinks","Rip and Tear"],"picked":"SKIP","floor":18},{"not_picked":["Turbo","Lockon","Conserve Battery"],"picked":"SKIP","floor":20},{"not_picked":["Steam+1","Skim"],"picked":"Redo","floor":21},{"not_picked":["Genetic Algorithm","Go for the Eyes"],"picked":"Reinforced Body","floor":22},{"not_picked":["Gash","FTL"],"picked":"Leap","floor":24},{"not_picked":["Cold Snap+1","Gash+1"],"picked":"Reboot","floor":27},{"not_picked":["Beam Cell","Go for the Eyes"],"picked":"Hologram","floor":29},{"not_picked":["Stack","Auto Shields"],"picked":"Double Energy","floor":31}],"player_experience":368507,"relics_obtained":[],"event_choices":[{"damage_healed":0,"gold_gain":175,"player_choice":"AGREE","damage_taken":0,"max_hp_gain":0,"max_hp_loss":0,"event_name":"Liars Game","floor":3,"gold_loss":0,"cards_obtained":["Doubt"]},{"damage_healed":0,"gold_gain":0,"player_choice":"Donut","damage_taken":0,"max_hp_gain":5,"max_hp_loss":0,"event_name":"Big Fish","floor":5,"gold_loss":0},{"damage_healed":0,"gold_gain":0,"player_choice":"Ignored","damage_taken":0,"max_hp_gain":0,"max_hp_loss":0,"event_name":"Golden Idol","floor":13,"gold_loss":0},{"damage_healed":0,"gold_gain":0,"player_choice":"Ignored","damage_taken":0,"max_hp_gain":0,"max_hp_loss":0,"event_name":"The Mausoleum","floor":19,"gold_loss":0},{"damage_healed":0,"gold_gain":0,"player_choice":"Smashed Altar","damage_taken":0,"max_hp_gain":0,"max_hp_loss":0,"event_name":"Forgotten Altar","floor":28,"gold_loss":0,"cards_obtained":["Decay"]},{"damage_healed":0,"gold_gain":0,"player_choice":"Got Potions","damage_taken":0,"max_hp_gain":0,"max_hp_loss":0,"event_name":"Lab","floor":30,"gold_loss":0}],"is_beta":false,"boss_relics":[{"not_picked":["Inserter","Empty Cage","Calling Bell"]}],"items_purged_floors":[11],"is_endless":false,"potions_floor_spawned":[1,6,12,14,20,21,29,31],"killed_by":"Champ","ascension_level":0}