{"gold_per_floor":[115,115,131,150,175,175,215,215,215,215,233,233,257,257],"floor_reached":14,"playtime":514,"items_purged":[],"score":184,"play_id":"fd441581-4a06-4482-996b-2b151de0448b","local_time":"20190619230209","is_ascension_mode":true,"campfire_choices":[{"data":"Body Slam","floor":6,"key":"SMITH"},{"data":"Armaments","floor":8,"key":"SMITH"},{"data":"True Grit","floor":12,"key":"SMITH"}],"neow_cost":"TEN_PERCENT_HP_LOSS","seed_source_timestamp":501572497637100,"circlet_count":0,"master_deck":["AscendersBane","Strike_R","Strike_R","Strike_R","Strike_R","Strike_R","Defend_R","Defend_R","Defend_R","Defend_R","Bash","Reaper","Carnage","Cleave","Body Slam+1","True Grit+1","Armaments+1","Shrug It Off","Disarm"],"relics":["Burning Blood","Golden Idol","Boot","Dodecahedron","FaceOfCleric"],"potions_floor_usage":[5,14],"damage_taken":[{"damage":6,"enemies":"Cultist","floor":1,"turns":3},{"damage":0,"enemies":"Small Slimes","floor":3,"turns":3},{"damage":2,"enemies":"Jaw Worm","floor":4,"turns":3},{"damage":7,"enemies":"Gremlin Gang","floor":5,"turns":3},{"damage":45,"enemies":"3 Sentries","floor":7,"turns":7},{"damage":7,"enemies":"Looter","floor":11,"turns":4},{"damage":14,"enemies":"Red Slaver","floor":13,"turns":4},{"damage":41,"enemies":"Gremlin Nob","floor":14,"turns":4}],"seed_played":"-8527748813018845264","potions_obtained":[{"floor":1,"key":"Explosive Potion"},{"floor":4,"key":"Dexterity Potion"},{"floor":13,"key":"AttackPotion"}],"is_trial":false,"path_per_floor":["M","?","M","M","M","R","E","R","T","?","M","R","M","E"],"character_chosen":"IRONCLAD","items_purchased":[],"campfire_rested":0,"item_purchase_floors":[],"current_hp_per_floor":[68,45,51,55,67,67,36,36,36,36,36,36,35,0],"gold":257,"neow_bonus":"THREE_RARE_CARDS","is_prod":false,"is_daily":false,"chose_seed":false,"campfire_upgraded":3,"win_rate":0,"timestamp":1560981729,"path_taken":["M","?","M","M","M","R","E","R","T","?","?","R","M","E"],"build_version":"2019-01-23","purchased_purges":0,"victory":false,"max_hp_per_floor":[68,68,68,68,68,68,68,68,68,68,69,69,70,70],"card_choices":[{"not_picked":["Brutality","Immolate"],"picked":"Reaper","floor":0},{"not_picked":["Dual Wield","Anger"],"picked":"Carnage","floor":1},{"not_picked":["Sword Boomerang","True Grit"],"picked":"Cleave","floor":3},{"not_picked":["Dual Wield","Flex"],"picked":"Body Slam","floor":4},{"not_picked":["Shockwave","Warcry"],"picked":"True Grit","floor":5},{"not_picked":["Carnage","Twin Strike"],"picked":"Armaments","floor":7},{"not_picked":["Clothesline","True Grit"],"picked":"Shrug It Off","floor":11},{"not_picked":["Flex","Power Through"],"picked":"Disarm","floor":13}],"player_experience":1301706,"relics_obtained":[{"floor":7,"key":"Boot"},{"floor":9,"key":"Dodecahedron"}],"event_choices":[{"damage_healed":0,"gold_gain":0,"player_choice":"Take Damage","damage_taken":23,"relics_obtained":["Golden Idol"],"max_hp_gain":0,"max_hp_loss":0,"event_name":"Golden Idol","floor":2,"gold_loss":0},{"damage_healed":0,"gold_gain":0,"player_choice":"Trade","damage_taken":0,"relics_obtained":["FaceOfCleric"],"max_hp_gain":0,"max_hp_loss":0,"event_name":"FaceTrader","floor":10,"gold_loss":0}],"is_beta":false,"boss_relics":[],"items_purged_floors":[],"is_endless":false,"potions_floor_spawned":[1,4,13],"killed_by":"Gremlin Nob","ascension_level":20}