{"gold_per_floor":[119,129,146,116,135,135,167,109,157,42,42,42,102,118,118,214,214,225,235,235,317,199,199,36,51,51,51],"floor_reached":27,"playtime":1680,"items_purged":[],"score":268,"play_id":"1b5bfacf-a1a9-4048-84e1-5d24d4a7f40e","local_time":"20190705184717","is_ascension_mode":true,"campfire_choices":[{"data":"Reflex","floor":6,"key":"SMITH"},{"floor":15,"key":"REST"},{"floor":23,"key":"REST"}],"neow_cost":"NONE","seed_source_timestamp":91710854716054,"circlet_count":0,"master_deck":["Strike_G","Strike_G","Strike_G","Strike_G","Strike_G","Defend_G","Defend_G","Defend_G","Defend_G","Defend_G","Survivor","Neutralize","Reflex+1","Footwork","Crippling Poison","Bouncing Flask","Well Laid Plans+1","Acrobatics","Noxious Fumes","Footwork","Sucker Punch","Malaise","Corpse Explosion","Backflip","Acrobatics","Tactician","Crippling Poison","Heel Hook","Catalyst+1","Sucker Punch+1","RitualDagger","After Image","Tools of the Trade","Glass Knife","Deflect"],"relics":["Ring of the Snake","Snake Skull","The Courier","Regal Pillow","Tiny Chest","Orrery","Darkstone Periapt","Gremlin Horn"],"potions_floor_usage":[12,13,18,25,27],"damage_taken":[{"damage":14,"enemies":"Jaw Worm","floor":1,"turns":6},{"damage":0,"enemies":"Small Slimes","floor":2,"turns":3},{"damage":7,"enemies":"Cultist","floor":3,"turns":5},{"damage":2,"enemies":"Looter","floor":4,"turns":4},{"damage":4,"enemies":"Blue Slaver","floor":5,"turns":4},{"damage":26,"enemies":"Gremlin Nob","floor":7,"turns":4},{"damage":14,"enemies":"3 Sentries","floor":13,"turns":6},{"damage":7,"enemies":"Exordium Wildlife","floor":14,"turns":5},{"damage":8,"enemies":"The Guardian","floor":16,"turns":10},{"damage":19,"enemies":"Spheric Guardian","floor":18,"turns":7},{"damage":24,"enemies":"Shell Parasite","floor":19,"turns":5},{"damage":31,"enemies":"Snecko","floor":25,"turns":4},{"damage":33,"enemies":"Shelled Parasite and Fungi","floor":27,"turns":4}],"seed_played":"1502611733282534402","potions_obtained":[{"floor":2,"key":"SpeedPotion"},{"floor":5,"key":"SteroidPotion"},{"floor":12,"key":"Fruit Juice"},{"floor":12,"key":"Strength Potion"},{"floor":13,"key":"Explosive Potion"},{"floor":14,"key":"SteroidPotion"},{"floor":25,"key":"Fire Potion"}],"is_trial":false,"path_per_floor":["M","M","M","M","M","R","E","$","T","$","?","?","E","M","R","B",null,"M","M","?","T","$","R","$","M","T","M"],"character_chosen":"THE_SILENT","items_purchased":["Noxious Fumes","Footwork","Regen Potion","After Image","Tools of the Trade","Glass Knife"],"campfire_rested":2,"item_purchase_floors":[8,10,10,22,24,24],"current_hp_per_floor":[56,56,49,47,43,43,17,17,17,17,17,22,23,16,53,45,75,56,32,26,26,26,63,63,32,32,0],"gold":51,"neow_bonus":"RANDOM_COMMON_RELIC","is_prod":false,"is_daily":false,"chose_seed":false,"campfire_upgraded":1,"win_rate":0,"timestamp":1562377637,"path_taken":["M","M","M","M","M","R","E","$","T","$","?","?","E","?","R","BOSS","M","M","?","?","$","R","$","M","T","M"],"build_version":"2019-07-05","purchased_purges":0,"victory":false,"max_hp_per_floor":[70,70,70,70,70,70,70,70,70,70,70,75,75,75,75,75,75,75,75,75,75,75,75,75,75,75,75],"card_choices":[{"not_picked":["Underhanded Strike","Poisoned Stab"],"picked":"Reflex","floor":1},{"not_picked":["Calculated Gamble","Heel Hook"],"picked":"Footwork","floor":2},{"not_picked":["Slice","Deadly Poison"],"picked":"Crippling Poison","floor":3},{"not_picked":["Outmaneuver","Acrobatics"],"picked":"Bouncing Flask","floor":4},{"not_picked":["Backflip","Deflect"],"picked":"Well Laid Plans","floor":5},{"not_picked":["Expertise","Slice"],"picked":"Acrobatics","floor":7},{"not_picked":["Leg Sweep","Well Laid Plans"],"picked":"Sucker Punch","floor":13},{"not_picked":["Prepared","Heel Hook"],"picked":"Malaise","floor":14},{"not_picked":["Doppelganger","Malaise"],"picked":"Corpse Explosion","floor":16},{"not_picked":["Deadly Poison","Concentrate"],"picked":"Backflip","floor":17},{"not_picked":["Dagger Spray","Deflect"],"picked":"Acrobatics","floor":17},{"not_picked":["Flying Knee","Bane"],"picked":"Tactician","floor":17},{"not_picked":["Flechettes","Dagger Spray"],"picked":"Crippling Poison","floor":17},{"not_picked":["Blade Dance","Slice"],"picked":"Heel Hook","floor":17},{"not_picked":["PiercingWail","Dagger Throw"],"picked":"Catalyst+1","floor":18},{"not_picked":["Deflect","Dagger Throw+1"],"picked":"Sucker Punch+1","floor":19},{"not_picked":["Bouncing Flask","Backflip"],"picked":"Deflect","floor":25}],"player_experience":547072,"relics_obtained":[{"floor":7,"key":"The Courier"},{"floor":9,"key":"Regal Pillow"},{"floor":13,"key":"Tiny Chest"},{"floor":21,"key":"Darkstone Periapt"},{"floor":26,"key":"Gremlin Horn"}],"event_choices":[{"damage_healed":0,"gold_gain":0,"player_choice":"Grow","damage_taken":0,"max_hp_gain":0,"max_hp_loss":0,"event_name":"Living Wall","floor":11,"gold_loss":0,"cards_upgraded":["Well Laid Plans"]},{"damage_healed":0,"gold_gain":0,"player_choice":"Got Potions","damage_taken":0,"max_hp_gain":0,"max_hp_loss":0,"event_name":"Lab","floor":12,"gold_loss":0},{"damage_healed":0,"gold_gain":0,"player_choice":"Joined the Cult","damage_taken":6,"max_hp_gain":0,"max_hp_loss":0,"event_name":"Nest","floor":20,"gold_loss":0,"cards_obtained":["RitualDagger"]}],"is_beta":false,"boss_relics":[{"not_picked":["Snecko Eye","WristBlade"],"picked":"Orrery"}],"items_purged_floors":[],"is_endless":false,"potions_floor_spawned":[2,5,13,14,25],"killed_by":"Shelled Parasite and Fungi","ascension_level":2}