{"path_per_floor":["M","M","M","M","M","R","E","M","T","R","E","R","E","M","R","B",null,"M","M","?","M","?","E","R","T","T","R","E","$","M","T","R","B",null,"M","M","?","M","?","R","E","M","T","R","M","$","R","M","R","B"],"character_chosen":"DEFECT","items_purchased":["Singing Bowl","All For One","Scrape","Flash of Steel"],"gold_per_floor":[144,161,176,193,203,203,233,244,244,244,271,271,297,308,308,403,403,418,430,430,446,361,390,390,390,390,390,418,193,204,204,204,304,304,320,336,336,351,351,351,383,394,394,394,409,71,71,90,90,90],"floor_reached":51,"campfire_rested":5,"playtime":4811,"item_purchase_floors":[29,46,46,46],"current_hp_per_floor":[74,71,71,70,66,66,58,48,48,48,39,39,31,29,68,59,80,75,74,74,71,71,54,54,54,54,54,37,37,20,30,72,27,92,78,53,94,57,57,57,17,5,5,50,31,31,76,54,100,36],"items_purged":["Strike_B","Strike_B"],"gold":90,"score":800,"play_id":"fca39504-4c24-4fe6-ab8a-4db457493d65","local_time":"20180603215116","is_prod":false,"is_daily":false,"chose_seed":false,"is_ascension_mode":true,"campfire_upgraded":6,"win_rate":0,"timestamp":1528059076,"campfire_choices":[{"data":"Zap","floor":6,"key":"SMITH"},{"data":"Scrape","floor":10,"key":"SMITH"},{"data":"Dualcast","floor":12,"key":"SMITH"},{"floor":15,"key":"REST"},{"data":"Auto Shields","floor":24,"key":"SMITH"},{"data":"Go for the Eyes","floor":27,"key":"SMITH"},{"floor":32,"key":"REST"},{"data":"Go for the Eyes","floor":40,"key":"SMITH"},{"floor":44,"key":"REST"},{"floor":47,"key":"REST"},{"floor":49,"key":"REST"}],"path_taken":["M","?","M","M","M","R","E","M","T","R","E","R","E","M","R","BOSS","M","M","?","M","?","E","R","?","T","R","E","$","M","?","R","BOSS","M","M","?","M","?","R","E","M","T","R","M","$","R","M","R","BOSS"],"build_version":"2018-05-31","seed_source_timestamp":24268498810795,"purchased_purges":2,"victory":true,"master_deck":["Strike_B","Strike_B+1","Defend_B","Defend_B","Defend_B","Defend_B","Zap+1","Dualcast+1","Scrape+1","Glacier","Gash","Go for the Eyes+1","Go for the Eyes+1","Darkness","Rebound","Auto Shields+1","Steam","Go for the Eyes","Gash","Gash","Hologram","Gash+1","All For One","Scrape","Flash of Steel"],"max_hp_per_floor":[80,80,80,80,80,80,80,80,80,80,80,80,80,80,80,80,80,80,80,80,80,80,80,80,80,80,80,80,80,82,92,92,92,92,92,94,94,96,96,96,98,100,100,100,102,102,102,104,104,104],"relics":["Tiny House","Pantograph","Centennial Puzzle","Regal Pillow","Cables","Orrery","Mummified Hand","Lantern","Calipers","Bag of Preparation","Boot","Singing Bowl","Pear","Inserter","The Courier","Ornamental Fan"],"card_choices":[{"not_picked":["Steam Power","Beam Cell"],"picked":"Scrape","floor":0},{"not_picked":["Streamline","Ball Lightning"],"picked":"Glacier","floor":1},{"not_picked":["Fusion","Streamline"],"picked":"Gash","floor":2},{"not_picked":["Coolheaded","Sweeping Beam"],"picked":"Go for the Eyes","floor":3},{"not_picked":["Coolheaded","Ball Lightning"],"picked":"Go for the Eyes","floor":4},{"not_picked":["Streamline","Compile Driver"],"picked":"Darkness","floor":5},{"not_picked":["Streamline","Recycle"],"picked":"Rebound","floor":7},{"not_picked":["Coolheaded","Conserve Battery","Buffer"],"picked":"SKIP","floor":8},{"not_picked":["Compile Driver","Reinforced Body"],"picked":"Auto Shields","floor":11},{"not_picked":["Coolheaded","Streamline"],"picked":"Steam","floor":13},{"not_picked":["Loop","Streamline","Sunder"],"picked":"SKIP","floor":14},{"not_picked":["Turbo","Skim"],"picked":"Go for the Eyes","floor":17},{"not_picked":["Rebound","Chill"],"picked":"Gash","floor":17},{"not_picked":["Sweeping Beam","Go for the Eyes"],"picked":"Gash","floor":17},{"not_picked":["Double Energy","Stack"],"picked":"Hologram","floor":18},{"not_picked":["Gash","Beam Cell","Ball Lightning"],"picked":"SKIP","floor":19},{"not_picked":["Heatsinks","Turbo","Conserve Battery"],"picked":"SKIP","floor":21},{"not_picked":["Sweeping Beam","Lockon","Glacier+1"],"picked":"SKIP","floor":23},{"not_picked":["Sunder+1","Blizzard","Cold Snap"],"picked":"SKIP","floor":28},{"not_picked":["Chill","Darkness","Blizzard"],"picked":"Singing Bowl","floor":30},{"not_picked":["Creative AI","Echo Form"],"picked":"Core Surge","floor":33},{"not_picked":["Reinforced Body","Coolheaded+1"],"picked":"Gash+1","floor":35},{"not_picked":["Force Field","Ball Lightning+1","Go for the Eyes"],"picked":"Singing Bowl","floor":36},{"not_picked":["Force Field","Rip and Tear","Stack"],"picked":"Singing Bowl","floor":38},{"not_picked":["Reinforced Body+1","Conserve Battery","Coolheaded"],"picked":"Singing Bowl","floor":41},{"not_picked":["Streamline+1","Ball Lightning","Conserve Battery"],"picked":"Singing Bowl","floor":42},{"not_picked":["Stack","Double Energy","Go for the Eyes"],"picked":"Singing Bowl","floor":45},{"not_picked":["Rebound","Stack","Coolheaded+1"],"picked":"Singing Bowl","floor":48}],"player_experience":617929,"potions_floor_usage":[7,7,13,13,19,28,30,30,33,33,41,42,45,50],"damage_taken":[{"damage":6,"enemies":"Cultist","floor":1,"turns":3},{"damage":3,"enemies":"Jaw Worm","floor":2,"turns":5},{"damage":0,"enemies":"2 Louse","floor":3,"turns":4},{"damage":1,"enemies":"2 Fungi Beasts","floor":4,"turns":5},{"damage":4,"enemies":"Blue Slaver","floor":5,"turns":3},{"damage":8,"enemies":"Gremlin Nob","floor":7,"turns":3},{"damage":10,"enemies":"Exordium Thugs","floor":8,"turns":3},{"damage":9,"enemies":"3 Sentries","floor":11,"turns":7},{"damage":8,"enemies":"Lagavulin","floor":13,"turns":4},{"damage":2,"enemies":"Looter","floor":14,"turns":3},{"damage":21,"enemies":"Hexaghost","floor":16,"turns":12},{"damage":5,"enemies":"Chosen","floor":18,"turns":4},{"damage":1,"enemies":"3 Byrds","floor":19,"turns":6},{"damage":3,"enemies":"Cultist and Chosen","floor":21,"turns":6},{"damage":17,"enemies":"Book of Stabbing","floor":23,"turns":7},{"damage":17,"enemies":"Gremlin Leader","floor":28,"turns":11},{"damage":19,"enemies":"Centurion and Healer","floor":30,"turns":5},{"damage":65,"enemies":"Automaton","floor":33,"turns":10},{"damage":14,"enemies":"3 Shapes","floor":35,"turns":5},{"damage":27,"enemies":"3 Darklings","floor":36,"turns":4},{"damage":39,"enemies":"4 Shapes","floor":38,"turns":6},{"damage":42,"enemies":"2 Orb Walkers","floor":41,"turns":8},{"damage":14,"enemies":"Maw","floor":42,"turns":6},{"damage":21,"enemies":"3 Darklings","floor":45,"turns":8},{"damage":24,"enemies":"4 Shapes","floor":48,"turns":6},{"damage":68,"enemies":"Time Eater","floor":50,"turns":9}],"relics_obtained":[{"floor":7,"key":"Pantograph"},{"floor":9,"key":"Centennial Puzzle"},{"floor":11,"key":"Regal Pillow"},{"floor":13,"key":"Cables"},{"floor":23,"key":"Lantern"},{"floor":25,"key":"Calipers"},{"floor":26,"key":"Bag of Preparation"},{"floor":28,"key":"Boot"},{"floor":31,"key":"Pear"},{"floor":41,"key":"The Courier"},{"floor":43,"key":"Ornamental Fan"}],"event_choices":[{"event_name":"Ghosts","player_choice":"Ignored","floor":20,"damage_taken":0},{"event_name":"Addict","player_choice":"Obtained Relic","floor":22,"damage_taken":0},{"event_name":"Wheel of Change","player_choice":"Full Heal","floor":37,"damage_taken":0}],"boss_relics":[{"not_picked":["Ectoplasm","Runic Pyramid"],"picked":"Orrery"},{"not_picked":["Sozu","Eternal Feather"],"picked":"Inserter"}],"items_purged_floors":[29,46],"potions_floor_spawned":[1,4,5,7,8,11,18,21,28,33,38,41,45],"seed_played":"-4596119590285774207","ascension_level":1,"potions_obtained":[{"floor":0,"key":"EssenceOfSteel"},{"floor":1,"key":"SkillPotion"},{"floor":4,"key":"Fire Potion"},{"floor":5,"key":"Fire Potion"},{"floor":7,"key":"PowerPotion"},{"floor":8,"key":"EssenceOfSteel"},{"floor":18,"key":"FocusPotion"},{"floor":21,"key":"Ancient Potion"},{"floor":28,"key":"EntropicBrew"},{"floor":33,"key":"Ancient Potion"},{"floor":38,"key":"AttackPotion"},{"floor":41,"key":"Fire Potion"},{"floor":45,"key":"Weak Potion"}],"is_trial":false}