{"gold_per_floor":[119,119,129,204,215,250,250,283,283,283,295,315,343,493,493,566,566,578,591,41,57,57],"floor_reached":22,"playtime":844,"items_purged":[],"score":412,"play_id":"9828e16b-b547-4932-9696-6c001a94fe35","local_time":"20190125233938","is_ascension_mode":true,"campfire_choices":[{"data":"Perfected Strike","floor":7,"key":"SMITH"},{"data":"Inflame","floor":10,"key":"SMITH"},{"data":"Disarm","floor":15,"key":"SMITH"}],"neow_cost":"NONE","seed_source_timestamp":155469894612800,"circlet_count":0,"master_deck":["AscendersBane","Bash","Perfected Strike+1","Pommel Strike","Inflame+1","Flame Barrier","Perfected Strike","Shrug It Off","Disarm+1","Doubt","Blood for Blood","Twin Strike","Juggernaut","Havoc","Rage","Feel No Pain","Heavy Blade","Dropkick","Body Slam","Seeing Red","Ghostly Armor","Shockwave"],"relics":["Burning Blood","PreservedInsect","Du-Vu Doll","Ornamental Fan","Unceasing Top","Oddly Smooth Stone","Pandora\u0027s Box","Matryoshka","Gremlin Horn"],"potions_floor_usage":[12,16,18],"damage_taken":[{"damage":11,"enemies":"Jaw Worm","floor":1,"turns":4},{"damage":0,"enemies":"2 Louse","floor":3,"turns":3},{"damage":0,"enemies":"Cultist","floor":5,"turns":2},{"damage":20,"enemies":"3 Sentries","floor":6,"turns":6},{"damage":8,"enemies":"Gremlin Nob","floor":8,"turns":3},{"damage":5,"enemies":"Gremlin Gang","floor":11,"turns":4},{"damage":24,"enemies":"Exordium Thugs","floor":12,"turns":3},{"damage":15,"enemies":"Lagavulin","floor":13,"turns":6},{"damage":26,"enemies":"Hexaghost","floor":16,"turns":11},{"damage":23,"enemies":"2 Thieves","floor":18,"turns":3},{"damage":26,"enemies":"3 Byrds","floor":19,"turns":6},{"damage":21,"enemies":"Snake Plant","floor":21,"turns":4},{"damage":10,"enemies":"Sentry and Sphere","floor":22,"turns":2}],"seed_played":"5212458674794700144","potions_obtained":[{"floor":3,"key":"Weak Potion"},{"floor":11,"key":"LiquidBronze"},{"floor":16,"key":"SneckoOil"},{"floor":18,"key":"LiquidBronze"},{"floor":21,"key":"PowerPotion"}],"is_trial":false,"path_per_floor":["M","?","M","?","M","E","R","E","T","R","M","M","E","?","R","B",null,"M","M","$","M","M"],"character_chosen":"IRONCLAD","items_purchased":["Matryoshka","Gremlin Horn"],"campfire_rested":0,"item_purchase_floors":[20,20],"current_hp_per_floor":[63,68,74,63,69,55,55,53,53,53,54,36,27,27,27,7,62,45,25,25,10,0],"gold":57,"neow_bonus":"RANDOM_COMMON_RELIC","is_prod":false,"is_daily":false,"chose_seed":false,"campfire_upgraded":3,"win_rate":0,"timestamp":1548459578,"path_taken":["M","?","M","?","M","E","R","E","T","R","M","M","E","?","R","BOSS","M","M","$","M","M"],"build_version":"2019-01-23","purchased_purges":0,"victory":false,"max_hp_per_floor":[75,80,80,80,80,80,80,80,80,80,80,80,80,80,80,80,80,80,80,80,80,80],"card_choices":[{"not_picked":["Twin Strike","Sword Boomerang"],"picked":"Perfected Strike","floor":1},{"not_picked":["Corruption","Twin Strike"],"picked":"Pommel Strike","floor":3},{"not_picked":["Carnage","Fire Breathing","Hemokinesis"],"picked":"SKIP","floor":5},{"not_picked":["Havoc","Flex"],"picked":"Inflame","floor":6},{"not_picked":["Power Through","Barricade"],"picked":"Flame Barrier","floor":8},{"not_picked":["Bloodletting","Havoc"],"picked":"Perfected Strike","floor":11},{"not_picked":["Battle Trance","Twin Strike"],"picked":"Shrug It Off","floor":12},{"not_picked":["Fiend Fire","Perfected Strike"],"picked":"Disarm","floor":13},{"not_picked":["Power Through","Sentinel"],"picked":"Seeing Red","floor":18},{"not_picked":["Disarm","Sword Boomerang"],"picked":"Ghostly Armor","floor":19},{"not_picked":["Twin Strike","Uppercut"],"picked":"Shockwave","floor":21}],"player_experience":1218666,"relics_obtained":[{"floor":6,"key":"Du-Vu Doll"},{"floor":8,"key":"Ornamental Fan"},{"floor":9,"key":"Unceasing Top"},{"floor":13,"key":"Oddly Smooth Stone"}],"event_choices":[{"damage_healed":0,"gold_gain":0,"player_choice":"Donut","damage_taken":0,"max_hp_gain":5,"max_hp_loss":0,"event_name":"Big Fish","floor":2,"gold_loss":0},{"damage_healed":0,"gold_gain":75,"player_choice":"Gather Gold","damage_taken":11,"max_hp_gain":0,"max_hp_loss":0,"event_name":"World of Goop","floor":4,"gold_loss":0},{"damage_healed":0,"gold_gain":150,"player_choice":"AGREE","damage_taken":0,"max_hp_gain":0,"max_hp_loss":0,"event_name":"Liars Game","floor":14,"gold_loss":0,"cards_obtained":["Doubt"]}],"is_beta":false,"boss_relics":[{"not_picked":["White Beast Statue","Orrery"],"picked":"Pandora\u0027s Box"}],"items_purged_floors":[],"is_endless":false,"potions_floor_spawned":[3,11,16,18,21],"killed_by":"Sentry and Sphere","ascension_level":20}