{"gold_per_floor":[115,126,126,126,140,140,150,150,177,204,204,220,220,45,45,123,123,143,143,159,159],"floor_reached":21,"playtime":776,"items_purged":[],"score":349,"play_id":"92862e34-1c37-4cc7-a826-eed78f884f99","local_time":"20190119231718","is_ascension_mode":true,"campfire_choices":[{"data":"Neutralize","floor":6,"key":"SMITH"},{"floor":11,"key":"REST"},{"data":"Cloak And Dagger","floor":13,"key":"SMITH"},{"data":"Noxious Fumes","floor":15,"key":"SMITH"}],"neow_cost":"NONE","seed_source_timestamp":304724654799882,"circlet_count":0,"master_deck":["AscendersBane","Defend_G","Defend_G+1","Defend_G","Defend_G","Defend_G+1","Strike_G","Strike_G","Strike_G+1","Strike_G+1","Strike_G","Survivor","Neutralize+1","Bouncing Flask","Dagger Throw","Noxious Fumes+1","Slice","Cloak And Dagger","Cloak And Dagger+1","Backstab","Good Instincts","Tools of the Trade","Cloak And Dagger+1","Noxious Fumes"],"relics":["Ring of the Snake","NeowsBlessing","War Paint","Ancient Tea Set","Cursed Key"],"potions_floor_usage":[7,12],"damage_taken":[{"damage":0,"enemies":"Cultist","floor":1,"turns":1},{"damage":0,"enemies":"2 Louse","floor":2,"turns":1},{"damage":0,"enemies":"Small Slimes","floor":5,"turns":1},{"damage":25,"enemies":"Exordium Wildlife","floor":7,"turns":6},{"damage":30,"enemies":"Gremlin Nob","floor":10,"turns":4},{"damage":1,"enemies":"Exordium Thugs","floor":12,"turns":4},{"damage":14,"enemies":"The Guardian","floor":16,"turns":10},{"damage":13,"enemies":"Spheric Guardian","floor":18,"turns":6},{"damage":0,"enemies":"3 Byrds","floor":20,"turns":4},{"damage":57,"enemies":"Masked Bandits","floor":21,"turns":3}],"seed_played":"-3022590390214986715","potions_obtained":[{"floor":2,"key":"Explosive Potion"},{"floor":7,"key":"Fruit Juice"}],"is_trial":false,"path_per_floor":["M","M","?","?","M","R","M","?","T","E","R","M","R","$","R","B",null,"M","?","M","?"],"character_chosen":"THE_SILENT","items_purchased":["Backstab","Good Instincts"],"campfire_rested":1,"item_purchase_floors":[14,14],"current_hp_per_floor":[59,59,59,39,39,39,19,42,42,12,33,32,32,32,32,18,58,45,45,45,0],"gold":159,"neow_bonus":"THREE_ENEMY_KILL","is_prod":false,"is_daily":false,"chose_seed":false,"campfire_upgraded":3,"win_rate":0,"timestamp":1547939838,"path_taken":["M","?","?","?","M","R","M","?","T","E","R","?","R","?","R","BOSS","M","?","M","?"],"build_version":"2019-01-17v2","purchased_purges":0,"victory":false,"max_hp_per_floor":[66,66,66,66,66,66,71,71,71,71,71,71,71,71,71,71,71,71,71,71,71],"card_choices":[{"not_picked":["Underhanded Strike","Skewer"],"picked":"Bouncing Flask","floor":1},{"not_picked":["Blade Dance","Underhanded Strike"],"picked":"Dagger Throw","floor":2},{"not_picked":["Blur","Terror"],"picked":"Noxious Fumes","floor":5},{"not_picked":["Riddle With Holes","Quick Slash"],"picked":"Slice","floor":7},{"not_picked":["Crippling Poison","Infinite Blades"],"picked":"Cloak And Dagger","floor":10},{"not_picked":["Dodge and Roll","Calculated Gamble"],"picked":"Cloak And Dagger","floor":12},{"not_picked":["Doppelganger","Storm of Steel"],"picked":"Tools of the Trade","floor":16},{"not_picked":["Prepared","Outmaneuver"],"picked":"Cloak And Dagger+1","floor":18},{"not_picked":["Well Laid Plans","Underhanded Strike"],"picked":"Noxious Fumes","floor":20}],"player_experience":1197886,"relics_obtained":[{"floor":9,"key":"War Paint"},{"floor":10,"key":"Ancient Tea Set"}],"event_choices":[{"damage_healed":0,"gold_gain":0,"player_choice":"Ignored","damage_taken":0,"max_hp_gain":0,"max_hp_loss":0,"event_name":"Liars Game","floor":3,"gold_loss":0},{"damage_healed":0,"gold_gain":0,"player_choice":"Entered Light","damage_taken":20,"max_hp_gain":0,"max_hp_loss":0,"event_name":"Shining Light","floor":4,"gold_loss":0,"cards_upgraded":["Strike_G","Strike_G"]},{"damage_healed":23,"gold_gain":0,"player_choice":"Banana","damage_taken":0,"max_hp_gain":0,"max_hp_loss":0,"event_name":"Big Fish","floor":8,"gold_loss":0},{"damage_healed":0,"gold_gain":0,"player_choice":"Ignored","damage_taken":0,"max_hp_gain":0,"max_hp_loss":0,"event_name":"Ghosts","floor":19,"gold_loss":0},{"damage_healed":0,"gold_gain":0,"player_choice":"Fought Bandits","damage_taken":0,"max_hp_gain":0,"max_hp_loss":0,"event_name":"Masked Bandits","floor":21,"gold_loss":0}],"is_beta":false,"boss_relics":[{"not_picked":["Lizard Tail","Astrolabe"],"picked":"Cursed Key"}],"items_purged_floors":[],"is_endless":false,"potions_floor_spawned":[2,7],"killed_by":"Masked Bandits","ascension_level":19}