{"gold_per_floor":[116,116,116,135,149,149,163,197,224,224,224],"floor_reached":11,"playtime":288,"items_purged":[],"score":142,"play_id":"a514f137-1452-4dcb-bf9f-a31ec67d8404","local_time":"20190119235428","is_ascension_mode":true,"campfire_choices":[{"data":"Neutralize","floor":6,"key":"SMITH"}],"neow_cost":"NONE","seed_source_timestamp":307443298587275,"circlet_count":0,"master_deck":["AscendersBane","Defend_G+1","Defend_G","Defend_G","Defend_G","Defend_G","Strike_G","Strike_G","Strike_G","Strike_G","Survivor","Neutralize+1","PiercingWail","Bullet Time","Dodge and Roll+1","Sucker Punch","Infinite Blades","Leg Sweep"],"relics":["Ring of the Snake","NeowsBlessing","Lantern","War Paint","NlothsMask"],"potions_floor_usage":[7,8],"damage_taken":[{"damage":0,"enemies":"Small Slimes","floor":1,"turns":1},{"damage":0,"enemies":"Cultist","floor":4,"turns":1},{"damage":0,"enemies":"Jaw Worm","floor":5,"turns":1},{"damage":10,"enemies":"Lots of Slimes","floor":7,"turns":8},{"damage":47,"enemies":"Gremlin Nob","floor":8,"turns":6},{"damage":6,"enemies":"3 Sentries","floor":11,"turns":2}],"seed_played":"-8523914329910703171","potions_obtained":[{"floor":4,"key":"AttackPotion"},{"floor":7,"key":"SteroidPotion"}],"is_trial":false,"path_per_floor":["M","?","?","M","M","R","M","E","T","?","E"],"character_chosen":"THE_SILENT","items_purchased":[],"campfire_rested":0,"item_purchase_floors":[],"current_hp_per_floor":[59,59,59,59,59,59,49,2,2,2,0],"gold":224,"neow_bonus":"THREE_ENEMY_KILL","is_prod":false,"is_daily":false,"chose_seed":false,"campfire_upgraded":1,"win_rate":0,"timestamp":1547942068,"path_taken":["M","?","?","M","?","R","M","E","T","?","E"],"build_version":"2019-01-17v2","purchased_purges":0,"victory":false,"max_hp_per_floor":[66,66,66,66,66,66,66,66,66,66,66],"card_choices":[{"not_picked":["Prepared","Flechettes"],"picked":"PiercingWail","floor":1},{"not_picked":["Night Terror","Endless Agony"],"picked":"Dodge and Roll","floor":4},{"not_picked":["Flying Knee","Slice"],"picked":"Sucker Punch","floor":5},{"not_picked":["Dodge and Roll","Endless Agony"],"picked":"Infinite Blades","floor":7},{"not_picked":["Blur","Cloak And Dagger"],"picked":"Leg Sweep","floor":8}],"player_experience":1200511,"relics_obtained":[{"floor":8,"key":"Lantern"},{"floor":9,"key":"War Paint"}],"event_choices":[{"damage_healed":0,"gold_gain":0,"player_choice":"Leave","damage_taken":0,"max_hp_gain":0,"max_hp_loss":0,"event_name":"The Cleric","floor":2,"gold_loss":0},{"damage_healed":0,"gold_gain":0,"cards_transformed":["Strike_G"],"player_choice":"Transformed","damage_taken":0,"max_hp_gain":0,"max_hp_loss":0,"event_name":"Transmorgrifier","floor":3,"gold_loss":0,"cards_obtained":["Bullet Time"]},{"damage_healed":0,"gold_gain":0,"player_choice":"Trade","damage_taken":0,"relics_obtained":["NlothsMask"],"max_hp_gain":0,"max_hp_loss":0,"event_name":"FaceTrader","floor":10,"gold_loss":0}],"is_beta":false,"boss_relics":[],"items_purged_floors":[],"is_endless":false,"potions_floor_spawned":[4,7],"killed_by":"3 Sentries","ascension_level":19}