{"gold_per_floor":[114,127,146,160,160,160,186,186,234,234,234,206,224,241,241,343,343,360,375,390,390],"floor_reached":21,"playtime":701,"items_purged":[],"score":183,"play_id":"eb58c7e1-0dce-4408-81ea-8f562c717627","local_time":"20190302142717","is_ascension_mode":false,"campfire_choices":[{"data":"Defragment","floor":6.0,"key":"SMITH"},{"floor":10,"key":"REST"},{"data":"Loop","floor":15,"key":"SMITH"}],"neow_cost":"NONE","seed_source_timestamp":133340998411456,"circlet_count":0,"master_deck":["Strike_B","Strike_B","Strike_B","Defend_B","Defend_B","Defend_B","Zap","Dualcast","Defragment+1","Loop+1","Self Repair","Defragment","Auto Shields","Cold Snap+1","Undo","Capacitor+1"],"special_seed":0,"relics":["Cracked Core"],"potions_floor_usage":[21],"damage_taken":[{"damage":3.0,"enemies":"Jaw Worm","floor":1.0,"turns":3.0},{"damage":1.0,"enemies":"Cultist","floor":2.0,"turns":3.0},{"damage":3.0,"enemies":"Small Slimes","floor":3.0,"turns":3.0},{"damage":6.0,"enemies":"Exordium Wildlife","floor":4.0,"turns":4.0},{"damage":38.0,"enemies":"3 Sentries","floor":7.0,"turns":8.0},{"damage":5,"enemies":"Looter","floor":13,"turns":4},{"damage":8,"enemies":"Red Slaver","floor":14,"turns":3},{"damage":46,"enemies":"Hexaghost","floor":16,"turns":11},{"damage":21,"enemies":"Chosen","floor":18,"turns":6},{"damage":20,"enemies":"Spheric Guardian","floor":19,"turns":4},{"damage":19,"enemies":"Snake Plant","floor":20,"turns":5},{"damage":46,"enemies":"3 Cultists","floor":21,"turns":4}],"seed_played":"8479229177923466153","potions_obtained":[{"floor":2.0,"key":"FairyPotion"},{"floor":3.0,"key":"SkillPotion"},{"floor":7,"key":"LiquidBronze"},{"floor":14,"key":"Strength Potion"},{"floor":16,"key":"Weak Potion"}],"is_trial":false,"path_per_floor":["M","M","M","M","?","R","E","?","T","R","T","?","M","M","R","B",null,"M","M","M","M"],"character_chosen":"DEFECT","items_purchased":[],"campfire_rested":1,"item_purchase_floors":[],"current_hp_per_floor":[72,71,68,62,62,62,31,24,24,46,46,46,48,47,47,8,75,61,48,36,0],"gold":390,"neow_bonus":"REMOVE_CARD","is_prod":false,"is_daily":false,"chose_seed":false,"campfire_upgraded":2,"win_rate":0,"timestamp":1551554837,"path_taken":["M","M","M","M","?","R","E","?","T","R","?","?","M","M","R","BOSS","M","M","M","M"],"build_version":"2019-01-23","purchased_purges":0,"victory":false,"max_hp_per_floor":[75,75,75,75,75,75,75,75,75,75,75,75,75,75,75,75,75,75,75,75,75],"card_choices":[{"not_picked":["Barrage","Hologram","Recycle"],"picked":"SKIP","floor":1.0},{"not_picked":["Beam Cell","Ball Lightning"],"picked":"Defragment","floor":2.0},{"not_picked":["Cold Snap","Aggregate"],"picked":"Loop","floor":3.0},{"not_picked":["Sweeping Beam","Barrage"],"picked":"Self Repair","floor":4.0},{"not_picked":["Glacier","Go for the Eyes"],"picked":"Defragment","floor":7},{"not_picked":["Stack","Conserve Battery"],"picked":"Auto Shields","floor":13},{"not_picked":["Sunder","Aggregate","Hologram"],"picked":"SKIP","floor":14},{"not_picked":["Steam","Lockon"],"picked":"Cold Snap+1","floor":18},{"not_picked":["Redo","Beam Cell"],"picked":"Undo","floor":19},{"not_picked":["Cold Snap","Darkness"],"picked":"Capacitor+1","floor":20}],"player_experience":258797,"relics_obtained":[],"event_choices":[{"damage_healed":0.0,"max_hp_gain":0.0,"max_hp_loss":0.0,"gold_gain":0.0,"event_name":"WeMeetAgain","player_choice":"Ignored","floor":5.0,"gold_loss":0.0,"damage_taken":0.0},{"cards_removed":["Defend_B"],"damage_healed":0,"gold_gain":0,"player_choice":"Card Removal","damage_taken":7,"max_hp_gain":0,"max_hp_loss":0,"event_name":"Golden Wing","floor":8,"gold_loss":0},{"damage_healed":0,"gold_gain":0,"player_choice":"Left Gold","damage_taken":0,"max_hp_gain":0,"max_hp_loss":0,"event_name":"World of Goop","floor":12,"gold_loss":28}],"is_beta":false,"boss_relics":[{"not_picked":[]}],"items_purged_floors":[],"is_endless":false,"potions_floor_spawned":[2,3,7,14,16,18],"killed_by":"3 Cultists","ascension_level":0}