{"gold_per_floor":[114,264,283,283,302,330,95,113,139,89,107,20,20,45,45,124,124,141,141,151,201,212,212,240,240,240,240,254,279,279,279,279,279],"floor_reached":33,"playtime":1421,"items_purged":["Doubt","Defend_R"],"score":566,"play_id":"e02b5b9c-f126-4cac-8ff4-69a98764fc58","local_time":"20190620002434","is_ascension_mode":true,"campfire_choices":[{"data":"Inflame","floor":13,"key":"SMITH"},{"floor":15,"key":"REST"},{"data":"Carnage","floor":23,"key":"SMITH"},{"floor":25,"key":"REST"},{"data":"Impervious","floor":27,"key":"SMITH"},{"floor":32,"key":"REST"}],"neow_cost":"NONE","seed_source_timestamp":505609049519400,"circlet_count":0,"master_deck":["AscendersBane","Strike_R+1","Strike_R+1","Strike_R+1","Strike_R+1","Strike_R+1","Defend_R+1","Defend_R+1","Defend_R+1","Bash","Carnage+1","Metallicize","Clothesline","Headbutt","Shrug It Off","Inflame+1","Headbutt","Impervious+1","Body Slam","Spot Weakness+1","Iron Wave","Pommel Strike","Ghostly Armor"],"relics":["Burning Blood","NeowsBlessing","Centennial Puzzle","Bronze Scales","Smiling Mask","Dream Catcher","Snecko Eye","Lantern","Dodecahedron","StoneCalendar"],"potions_floor_usage":[6,16,24,33,33],"damage_taken":[{"damage":0,"enemies":"Small Slimes","floor":1,"turns":1},{"damage":0,"enemies":"Cultist","floor":3,"turns":1},{"damage":0,"enemies":"Jaw Worm","floor":5,"turns":1},{"damage":49,"enemies":"3 Sentries","floor":6,"turns":11},{"damage":12,"enemies":"2 Fungi Beasts","floor":8,"turns":3},{"damage":10,"enemies":"Looter","floor":11,"turns":3},{"damage":37,"enemies":"Hexaghost","floor":16,"turns":9},{"damage":1,"enemies":"3 Byrds","floor":18,"turns":3},{"damage":13,"enemies":"2 Thieves","floor":20,"turns":4},{"damage":7,"enemies":"Snake Plant","floor":22,"turns":2},{"damage":39,"enemies":"Slavers","floor":24,"turns":4},{"damage":3,"enemies":"Cultist and Chosen","floor":28,"turns":4},{"damage":9,"enemies":"Gremlin Leader","floor":29,"turns":5},{"damage":86,"enemies":"Collector","floor":33,"turns":9}],"seed_played":"3572842443400458897","potions_obtained":[{"floor":1,"key":"Ancient Potion"},{"floor":3,"key":"Strength Potion"},{"floor":4,"key":"Regen Potion"},{"floor":22,"key":"LiquidBronze"},{"floor":24,"key":"BloodPotion"},{"floor":29,"key":"BloodPotion"}],"is_trial":false,"path_per_floor":["M","?","M","?","M","E","$","M","T","$","M","$","R","T","R","B",null,"M","?","M","?","M","R","E","R","T","R","M","E","?","?","R","B"],"character_chosen":"IRONCLAD","items_purchased":["Bronze Scales","Inflame"],"campfire_rested":3,"item_purchase_floors":[7,12],"current_hp_per_floor":[74,74,75,75,75,47,47,41,41,41,37,37,37,37,59,28,63,68,68,61,61,60,60,27,49,49,49,52,49,49,49,71,0],"gold":279,"neow_bonus":"THREE_ENEMY_KILL","is_prod":false,"is_daily":false,"chose_seed":false,"campfire_upgraded":3,"win_rate":0,"timestamp":1560986674,"path_taken":["M","?","M","?","?","E","$","M","T","$","M","$","R","?","R","BOSS","M","?","M","?","M","R","E","R","T","R","M","E","?","?","R","BOSS"],"build_version":"2019-01-23","purchased_purges":2,"victory":false,"max_hp_per_floor":[75,75,75,75,75,75,75,75,75,75,75,75,75,75,75,75,75,75,75,75,75,75,75,75,75,75,75,75,75,75,75,75,75],"card_choices":[{"not_picked":["Second Wind","Clash"],"picked":"Carnage","floor":1},{"not_picked":["Infernal Blade","Feel No Pain"],"picked":"Metallicize","floor":3},{"not_picked":["Anger","Flame Barrier"],"picked":"Clothesline","floor":5},{"not_picked":["Perfected Strike","Corruption"],"picked":"Headbutt","floor":6},{"not_picked":["Body Slam","Wild Strike","Burning Pact"],"picked":"SKIP","floor":8},{"not_picked":["Power Through","True Grit"],"picked":"Shrug It Off","floor":11},{"not_picked":["Sentinel","Body Slam"],"picked":"Headbutt","floor":15},{"not_picked":["Bludgeon","Fiend Fire"],"picked":"Impervious","floor":16},{"not_picked":["Rage","Second Wind","Warcry"],"picked":"SKIP","floor":18},{"not_picked":["Evolve+1","Seeing Red"],"picked":"Body Slam","floor":20},{"not_picked":["Rupture","Power Through"],"picked":"Spot Weakness+1","floor":22},{"not_picked":["Combust","Sword Boomerang"],"picked":"Iron Wave","floor":24},{"not_picked":["Whirlwind","Ghostly Armor"],"picked":"Double Tap","floor":28},{"not_picked":["Sever Soul","Rampage","Armaments"],"picked":"SKIP","floor":29}],"player_experience":1305405,"relics_obtained":[{"floor":6,"key":"Centennial Puzzle"},{"floor":9,"key":"Smiling Mask"},{"floor":14,"key":"Dream Catcher"},{"floor":24,"key":"Lantern"},{"floor":26,"key":"Dodecahedron"},{"floor":29,"key":"StoneCalendar"}],"event_choices":[{"damage_healed":0,"gold_gain":150,"player_choice":"AGREE","damage_taken":0,"max_hp_gain":0,"max_hp_loss":0,"event_name":"Liars Game","floor":2,"gold_loss":0,"cards_obtained":["Doubt"]},{"damage_healed":0,"gold_gain":0,"player_choice":"Got Potions","damage_taken":0,"max_hp_gain":0,"max_hp_loss":0,"event_name":"Lab","floor":4,"gold_loss":0},{"damage_healed":0,"gold_gain":0,"player_choice":"Simplicity","damage_taken":0,"max_hp_gain":0,"max_hp_loss":0,"event_name":"Back to Basics","floor":19,"gold_loss":0,"cards_upgraded":["Strike_R","Strike_R","Strike_R","Strike_R","Strike_R","Defend_R","Defend_R","Defend_R"]},{"damage_healed":0,"gold_gain":50,"player_choice":"Stole From Cult","damage_taken":0,"max_hp_gain":0,"max_hp_loss":0,"event_name":"Nest","floor":21,"gold_loss":0},{"damage_healed":0,"gold_gain":0,"player_choice":"Read","damage_taken":0,"max_hp_gain":0,"max_hp_loss":0,"event_name":"The Library","floor":30,"gold_loss":0,"cards_obtained":["Pommel Strike"]},{"damage_healed":0,"gold_gain":0,"cards_transformed":["Double Tap"],"player_choice":"Transformed","damage_taken":0,"max_hp_gain":0,"max_hp_loss":0,"event_name":"Transmorgrifier","floor":31,"gold_loss":0,"cards_obtained":["Ghostly Armor"]}],"is_beta":false,"boss_relics":[{"not_picked":["Runic Pyramid","Calling Bell"],"picked":"Snecko Eye"}],"items_purged_floors":[7,10],"is_endless":false,"potions_floor_spawned":[1,3,5,22,24,29],"killed_by":"Collector","ascension_level":20}