{"gold_per_floor":[11,11,26,26,41,41,59,59,59,59,75,108,108,122,122,248,248,262,287,287,312,331,331,369,369,395,395,51,65,79,98,98,98],"floor_reached":33,"playtime":2095,"items_purged":[],"score":313,"play_id":"051e5ec1-ea7b-463d-a238-85a6e51a9dc9","local_time":"20181226020232","is_ascension_mode":true,"campfire_choices":[{"data":"Dualcast","floor":6,"key":"SMITH"},{"floor":8,"key":"REST"},{"data":"Turbo","floor":10,"key":"SMITH"},{"data":"Chill","floor":15,"key":"SMITH"},{"floor":23,"key":"REST"},{"floor":25,"key":"REST"},{"data":"White Noise","floor":32,"key":"SMITH"}],"neow_cost":"NO_GOLD","seed_source_timestamp":97842597597356,"circlet_count":0,"master_deck":["Strike_B","Strike_B","Defend_B","Defend_B","Defend_B","Defend_B","Zap","Dualcast+1","Reinforced Body","Rip and Tear","Turbo+1","Reinforced Body","BootSequence","Blizzard","Beam Cell","Defragment+1","Chill+1","Multi-Cast","Rebound","Cold Snap+1","Capacitor+1","Reboot","White Noise+1","Panacea","Heatsinks+1","Coolheaded","Capacitor+1","Tempest+1","Capacitor+1"],"relics":["Cracked Core","Golden Idol","Frozen Egg 2","Odd Mushroom","Black Star","Question Card","Mercury Hourglass","Bottled Flame","Anchor","Meat on the Bone"],"potions_floor_usage":[16,21,24,31,33],"damage_taken":[{"damage":0,"enemies":"Small Slimes","floor":1,"turns":3},{"damage":13,"enemies":"2 Louse","floor":3,"turns":3},{"damage":0,"enemies":"Cultist","floor":5,"turns":5},{"damage":6,"enemies":"Lots of Slimes","floor":7,"turns":7},{"damage":10,"enemies":"Exordium Thugs","floor":11,"turns":4},{"damage":0,"enemies":"The Mushroom Lair","floor":12,"turns":6},{"damage":6,"enemies":"2 Fungi Beasts","floor":14,"turns":3},{"damage":24,"enemies":"The Guardian","floor":16,"turns":12},{"damage":12,"enemies":"Spheric Guardian","floor":18,"turns":7},{"damage":26,"enemies":"Chosen","floor":19,"turns":8},{"damage":2,"enemies":"Centurion and Healer","floor":21,"turns":5},{"damage":8,"enemies":"Cultist and Chosen","floor":22,"turns":9},{"damage":30,"enemies":"Slavers","floor":24,"turns":10},{"damage":7,"enemies":"Snecko","floor":29,"turns":6},{"damage":2,"enemies":"Shelled Parasite and Fungi","floor":30,"turns":7},{"damage":7,"enemies":"Centurion and Healer","floor":31,"turns":6},{"damage":53,"enemies":"Collector","floor":33,"turns":5}],"seed_played":"-314320469255689823","potions_obtained":[{"floor":7,"key":"Explosive Potion"},{"floor":11,"key":"SkillPotion"},{"floor":12,"key":"FocusPotion"},{"floor":19,"key":"Ancient Potion"},{"floor":22,"key":"Energy Potion"},{"floor":30,"key":"Explosive Potion"},{"floor":31,"key":"Fruit Juice"}],"is_trial":false,"path_per_floor":["M","?","M","?","M","R","M","R","T","R","M","?","?","M","R","B",null,"M","M","?","M","M","R","E","R","T","?","$","M","M","M","R","B"],"character_chosen":"DEFECT","items_purchased":["Heatsinks+1","Coolheaded","Meat on the Bone"],"campfire_rested":3,"item_purchase_floors":[28,28,28],"current_hp_per_floor":[75,75,62,44,44,44,38,60,60,60,50,50,50,44,44,20,75,63,37,37,35,27,49,19,41,41,27,27,32,42,52,52,0],"gold":98,"neow_bonus":"TRANSFORM_TWO_CARDS","is_prod":false,"is_daily":false,"chose_seed":false,"campfire_upgraded":4,"win_rate":0,"timestamp":1545818552,"path_taken":["M","?","M","?","M","R","M","R","T","R","M","?","?","M","R","BOSS","M","M","?","M","M","R","E","R","T","?","$","?","M","M","R","BOSS"],"build_version":"2018-12-20","purchased_purges":0,"victory":false,"max_hp_per_floor":[75,75,75,75,75,75,75,75,75,75,75,75,75,75,75,75,75,75,75,75,75,75,75,75,75,75,75,75,75,75,80,80,80],"card_choices":[{"not_picked":["Sweeping Beam","Go for the Eyes"],"picked":"Turbo","floor":1},{"not_picked":["Rip and Tear","Turbo"],"picked":"Reinforced Body","floor":3},{"not_picked":["Skim","Reprogram"],"picked":"BootSequence","floor":5},{"not_picked":["Streamline","Ball Lightning"],"picked":"Blizzard","floor":7},{"not_picked":["Sweeping Beam","Undo"],"picked":"Beam Cell","floor":11},{"not_picked":["Recycle","Hello World+1"],"picked":"Defragment+1","floor":12},{"not_picked":["Rebound","Leap"],"picked":"Chill","floor":14},{"not_picked":["Hyperbeam","Biased Cognition+1"],"picked":"Multi-Cast","floor":16},{"not_picked":["Sweeping Beam","Streamline+1"],"picked":"Rebound","floor":18},{"not_picked":["Rebound+1","Hologram"],"picked":"Cold Snap+1","floor":19},{"not_picked":["Genetic Algorithm","Fusion","Steam"],"picked":"Capacitor+1","floor":21},{"not_picked":["Barrage","Conserve Battery","Go for the Eyes"],"picked":"Reboot","floor":22},{"not_picked":["Sweeping Beam","Melter+1","Cold Snap"],"picked":"White Noise","floor":24},{"not_picked":["Storm+1","Auto Shields","Go for the Eyes"],"picked":"Capacitor+1","floor":29},{"not_picked":["White Noise","Storm+1","Stack"],"picked":"Tempest+1","floor":30},{"not_picked":["Coolheaded","Hologram","Hello World+1"],"picked":"Capacitor+1","floor":31}],"player_experience":120445,"relics_obtained":[{"floor":9,"key":"Frozen Egg 2"},{"floor":12,"key":"Odd Mushroom"},{"floor":24,"key":"Mercury Hourglass"},{"floor":24,"key":"Bottled Flame"},{"floor":26,"key":"Anchor"}],"event_choices":[{"damage_healed":0,"gold_gain":0,"player_choice":"Ignored","damage_taken":0,"max_hp_gain":0,"max_hp_loss":0,"event_name":"Liars Game","floor":2,"gold_loss":0},{"damage_healed":0,"gold_gain":0,"player_choice":"Take Damage","damage_taken":18,"relics_obtained":["Golden Idol"],"max_hp_gain":0,"max_hp_loss":0,"event_name":"Golden Idol","floor":4,"gold_loss":0},{"damage_healed":0,"gold_gain":0,"player_choice":"Fought Mushrooms","damage_taken":0,"max_hp_gain":0,"max_hp_loss":0,"event_name":"Mushrooms","floor":12,"gold_loss":0},{"damage_healed":0,"gold_gain":0,"player_choice":"Searched \u00271\u0027 times","damage_taken":0,"max_hp_gain":0,"max_hp_loss":0,"event_name":"Dead Adventurer","floor":13,"gold_loss":0},{"damage_healed":0,"gold_gain":0,"player_choice":"Opened","damage_taken":0,"relics_obtained":["Question Card"],"max_hp_gain":0,"max_hp_loss":0,"event_name":"The Mausoleum","floor":20,"gold_loss":0},{"damage_healed":0,"gold_gain":0,"player_choice":"CARD ","damage_taken":14,"max_hp_gain":0,"max_hp_loss":0,"event_name":"Knowing Skull","floor":27,"potions_obtained":[],"gold_loss":0,"cards_obtained":["Panacea"]}],"is_beta":false,"boss_relics":[{"not_picked":["Philosopher\u0027s Stone","Nuclear Battery"],"picked":"Black Star"}],"items_purged_floors":[],"is_endless":false,"potions_floor_spawned":[7,11,12,14,19,22,30,31],"killed_by":"Collector","ascension_level":4}