{"gold_per_floor":[112,130,130,130,43,76,76,76,153,153,78,113,123,149,149,149],"floor_reached":16,"playtime":696,"items_purged":["Strike_G"],"score":268,"play_id":"8ecaecef-dce5-47ec-ad97-57503caa3d84","local_time":"20190629142016","is_ascension_mode":true,"campfire_choices":[{"data":"Noxious Fumes","floor":7,"key":"SMITH"},{"data":"Leg Sweep","floor":10,"key":"SMITH"},{"data":"Deadly Poison","floor":15,"key":"SMITH"}],"neow_cost":"NONE","seed_source_timestamp":601566647530082,"circlet_count":0,"master_deck":["AscendersBane","Defend_G","Defend_G","Defend_G","Defend_G","Defend_G","Strike_G","Strike_G","Strike_G","Strike_G","Survivor","Neutralize+1","Bane","Flying Knee","Noxious Fumes+1","Leg Sweep+1","Deadly Poison+1","PiercingWail"],"relics":["Ring of the Snake","NeowsBlessing","PreservedInsect","Pear","FossilizedHelix","Question Card"],"potions_floor_usage":[16],"damage_taken":[{"damage":0,"enemies":"Jaw Worm","floor":1,"turns":1},{"damage":0,"enemies":"Small Slimes","floor":2,"turns":1},{"damage":0,"enemies":"Lagavulin","floor":6,"turns":1},{"damage":30,"enemies":"Gremlin Nob","floor":12,"turns":5},{"damage":0,"enemies":"2 Louse","floor":13,"turns":3},{"damage":1,"enemies":"Lagavulin","floor":14,"turns":5},{"damage":43,"enemies":"Slime Boss","floor":16,"turns":11}],"seed_played":"61699092150747195","potions_obtained":[{"floor":6,"key":"Weak Potion"},{"floor":12,"key":"SmokeBomb"}],"is_trial":false,"path_per_floor":["M","M","?","?","$","E","R","?","T","R","$","E","M","E","R","B"],"character_chosen":"THE_SILENT","items_purchased":["Noxious Fumes"],"campfire_rested":0,"item_purchase_floors":[5],"current_hp_per_floor":[59,59,64,64,64,64,64,64,74,74,74,44,44,43,43,0],"gold":149,"neow_bonus":"THREE_ENEMY_KILL","is_prod":false,"is_daily":false,"chose_seed":false,"campfire_upgraded":3,"win_rate":0,"timestamp":1561832416,"path_taken":["M","M","?","?","$","E","R","?","T","R","?","E","M","E","R","BOSS"],"build_version":"2019-01-23","purchased_purges":1,"victory":false,"max_hp_per_floor":[66,66,71,71,71,71,71,71,81,81,81,81,81,81,81,81],"card_choices":[{"not_picked":["Caltrops","Underhanded Strike"],"picked":"Bane","floor":1},{"not_picked":["Cloak And Dagger","Endless Agony"],"picked":"Flying Knee","floor":2},{"not_picked":["Choke","Dodge and Roll"],"picked":"Leg Sweep","floor":6},{"not_picked":["Cloak And Dagger","Prepared"],"picked":"Deadly Poison","floor":12},{"not_picked":["Bane","Deadly Poison"],"picked":"PiercingWail","floor":13},{"not_picked":["Infinite Blades","After Image","Riddle With Holes"],"picked":"SKIP","floor":14}],"player_experience":2353900,"relics_obtained":[{"floor":6,"key":"PreservedInsect"},{"floor":9,"key":"Pear"},{"floor":12,"key":"FossilizedHelix"},{"floor":14,"key":"Question Card"}],"event_choices":[{"damage_healed":0,"gold_gain":0,"player_choice":"Donut","damage_taken":0,"max_hp_gain":5,"max_hp_loss":0,"event_name":"Big Fish","floor":3,"gold_loss":0},{"damage_healed":0,"gold_gain":0,"player_choice":"Grow","damage_taken":0,"max_hp_gain":0,"max_hp_loss":0,"event_name":"Living Wall","floor":4,"gold_loss":0,"cards_upgraded":["Neutralize"]},{"damage_healed":0,"gold_gain":0,"player_choice":"Ignored","damage_taken":0,"max_hp_gain":0,"max_hp_loss":0,"event_name":"Shining Light","floor":8,"gold_loss":0}],"is_beta":false,"boss_relics":[],"items_purged_floors":[11],"is_endless":false,"potions_floor_spawned":[6,12],"killed_by":"Slime Boss","ascension_level":18}