{"gold_per_floor":[110,123,298,143,158,158,188,205,205,220,220,220,120,136,136,235,235,160,160,160,160,160,160,160,75,75,75,75,75,75],"floor_reached":30,"playtime":2817,"items_purged":["Doubt","Regret"],"score":276,"play_id":"b47b3bef-8691-4716-97a6-d018861e9050","local_time":"20190629102438","is_ascension_mode":false,"campfire_choices":[{"data":"Chaos","floor":6,"key":"SMITH"},{"floor":11,"key":"REST"},{"data":"Defragment","floor":15,"key":"SMITH"}],"neow_cost":"NONE","seed_source_timestamp":51071522462910,"circlet_count":0,"master_deck":["Strike_B","Strike_B","Strike_B","Strike_B","Defend_B","Defend_B+1","Defend_B","Defend_B","Zap","Dualcast","Chaos+1","Coolheaded+1","Defragment+1","Rip and Tear","Sweeping Beam","Hello World","Cold Snap","Lockon","Machine Learning","Ball Lightning","Sweeping Beam","Defragment+1","Streamline+1","Doom and Gloom+1","Capacitor","Barrage","Streamline","Conserve Battery"],"relics":["Cracked Core","War Paint","Bag of Marbles","Mummified Hand","Ectoplasm","Ornamental Fan","Omamori","Kunai","Gremlin Horn"],"potions_floor_usage":[24,30],"damage_taken":[{"damage":1,"enemies":"Cultist","floor":1,"turns":3},{"damage":2,"enemies":"Small Slimes","floor":2,"turns":3},{"damage":2,"enemies":"2 Louse","floor":5,"turns":3},{"damage":28,"enemies":"Lagavulin","floor":7,"turns":7},{"damage":10,"enemies":"2 Fungi Beasts","floor":8,"turns":4},{"damage":2,"enemies":"Looter","floor":10,"turns":3},{"damage":18,"enemies":"Exordium Thugs","floor":14,"turns":5},{"damage":8,"enemies":"Slime Boss","floor":16,"turns":13},{"damage":16,"enemies":"2 Thieves","floor":18,"turns":4},{"damage":0,"enemies":"Chosen","floor":19,"turns":4},{"damage":1,"enemies":"Snecko","floor":20,"turns":3},{"damage":12,"enemies":"Centurion and Healer","floor":21,"turns":8},{"damage":0,"enemies":"Cultist and Chosen","floor":22,"turns":4},{"damage":18,"enemies":"Gremlin Leader","floor":23,"turns":4},{"damage":17,"enemies":"Snake Plant","floor":24,"turns":3},{"damage":37,"enemies":"Book of Stabbing","floor":28,"turns":6},{"damage":4,"enemies":"Sentry and Sphere","floor":29,"turns":4},{"damage":6,"enemies":"Cultist and Chosen","floor":30,"turns":1}],"seed_played":"-2472386832754135309","potions_obtained":[{"floor":1,"key":"Block Potion"},{"floor":14,"key":"AttackPotion"},{"floor":16,"key":"Swift Potion"},{"floor":28,"key":"FearPotion"}],"is_trial":false,"path_per_floor":["M","M","?","$","M","R","E","M","T","M","R","?","$","M","R","B",null,"M","M","M","M","M","E","M","?","T","?","E","M","M"],"character_chosen":"DEFECT","items_purchased":["Defragment"],"campfire_rested":1,"item_purchase_floors":[4],"current_hp_per_floor":[81,79,79,79,77,77,49,39,39,37,61,61,61,43,43,35,82,66,66,65,53,53,35,18,18,18,45,8,4,0],"gold":75,"neow_bonus":"TEN_PERCENT_HP_BONUS","is_prod":false,"is_daily":false,"chose_seed":false,"campfire_upgraded":2,"win_rate":0.0,"timestamp":1561775078,"path_taken":["M","M","?","$","M","R","E","M","T","M","R","?","$","M","R","BOSS","M","M","M","M","M","E","M","?","T","?","E","M","M"],"build_version":"2019-01-23","purchased_purges":2,"victory":false,"max_hp_per_floor":[82,82,82,82,82,82,82,82,82,82,82,82,82,82,82,82,82,82,82,82,82,82,82,82,82,82,82,82,82,82],"card_choices":[{"not_picked":["Tempest","Beam Cell"],"picked":"Chaos","floor":1},{"not_picked":["FTL","Redo"],"picked":"Coolheaded","floor":2},{"not_picked":["Hologram","Turbo"],"picked":"Rip and Tear","floor":5},{"not_picked":["FTL","Conserve Battery"],"picked":"Sweeping Beam","floor":7},{"not_picked":["Gash","Steam Power"],"picked":"Hello World","floor":8},{"not_picked":["Stack","Compile Driver"],"picked":"Cold Snap","floor":10},{"not_picked":["Melter","Ball Lightning"],"picked":"Lockon","floor":14},{"not_picked":["Seek","Buffer"],"picked":"Machine Learning","floor":16},{"not_picked":["Darkness","Gash"],"picked":"Ball Lightning","floor":18},{"not_picked":["Rebound","Heatsinks"],"picked":"Sweeping Beam","floor":19},{"not_picked":["Static Discharge","Compile Driver"],"picked":"Defragment+1","floor":20},{"not_picked":["Sweeping Beam+1","Coolheaded+1"],"picked":"Streamline+1","floor":21},{"not_picked":["Cold Snap","Ball Lightning"],"picked":"Doom and Gloom+1","floor":22},{"not_picked":["Conserve Battery+1","Fission"],"picked":"Capacitor","floor":23},{"not_picked":["Beam Cell","Self Repair"],"picked":"Barrage","floor":24},{"not_picked":["Compile Driver","Steam"],"picked":"Streamline","floor":28},{"not_picked":["Cold Snap","Fission"],"picked":"Conserve Battery","floor":29}],"player_experience":34390,"relics_obtained":[{"floor":7,"key":"War Paint"},{"floor":9,"key":"Bag of Marbles"},{"floor":23,"key":"Ornamental Fan"},{"floor":26,"key":"Kunai"},{"floor":28,"key":"Gremlin Horn"}],"event_choices":[{"damage_healed":0,"gold_gain":175,"player_choice":"AGREE","damage_taken":0,"max_hp_gain":0,"max_hp_loss":0,"event_name":"Liars Game","floor":3,"gold_loss":0,"cards_obtained":["Doubt"]},{"damage_healed":0,"gold_gain":0,"player_choice":"Box","damage_taken":0,"relics_obtained":["Mummified Hand"],"max_hp_gain":0,"max_hp_loss":0,"event_name":"Big Fish","floor":12,"gold_loss":0,"cards_obtained":["Regret"]},{"damage_healed":0,"gold_gain":0,"player_choice":"Obtained Relic","damage_taken":0,"relics_obtained":["Omamori"],"max_hp_gain":0,"max_hp_loss":0,"event_name":"Addict","floor":25,"gold_loss":85},{"damage_healed":27,"gold_gain":0,"player_choice":"Heal","damage_taken":0,"max_hp_gain":0,"max_hp_loss":0,"event_name":"The Library","floor":27,"gold_loss":0}],"is_beta":false,"boss_relics":[{"not_picked":["Orrery","Busted Crown"],"picked":"Ectoplasm"}],"items_purged_floors":[4,13],"is_endless":false,"potions_floor_spawned":[1,14,16,20,22,23,28,29],"killed_by":"Cultist and Chosen","ascension_level":0}