{"path_per_floor":["M","M","?","M","?","R","E","R","T","E","M","?","E","M","R","B",null,"M","M","M","M","M","R"],"character_chosen":"DEFECT","items_purchased":[],"gold_per_floor":[116,133,233,243,208,208,238,238,262,294,304,304,335,355,355,452,452,452,392,392,392,392,392,392],"floor_reached":24,"campfire_rested":1,"playtime":1454,"item_purchase_floors":[],"current_hp_per_floor":[37,30,30,21,39,39,28,28,28,16,15,15,17,19,41,25,75,75,69,71,73,49,49,0],"items_purged":[],"gold":392,"score":257,"play_id":"402bc7bd-d671-4224-888f-677062dacc0a","local_time":"20180603132014","is_prod":false,"is_daily":false,"chose_seed":false,"is_ascension_mode":true,"campfire_upgraded":3,"win_rate":0,"timestamp":1528028414,"campfire_choices":[{"data":"Compile Driver","floor":6,"key":"SMITH"},{"data":"Genetic Algorithm","floor":8,"key":"SMITH"},{"floor":15,"key":"REST"},{"data":"Chaos","floor":23,"key":"SMITH"}],"path_taken":["M","?","?","M","?","R","E","R","T","E","?","?","E","M","R","BOSS","M","M","M","M","M","R","E"],"build_version":"2018-05-31","seed_source_timestamp":252271350007022,"purchased_purges":0,"victory":false,"master_deck":["Strike_B","Strike_B","Strike_B","Strike_B","Defend_B","Defend_B","Defend_B","Defend_B","Zap","Dualcast","Genetic Algorithm+1","Steam","Compile Driver+1","Coolheaded","Ball Lightning","Defragment+1","Chill","Static Discharge","Leap","Echo Form","Chaos+1","Scrape+1","Rebound+1","Redo"],"max_hp_per_floor":[75,75,75,75,75,75,75,75,75,75,75,75,75,75,75,75,75,75,80,80,80,80,80,80],"relics":["Cracked Core","Dead Branch","Blood Vial","Orichalcum","Anchor","Dream Catcher","Ectoplasm"],"card_choices":[{"not_picked":["Chill","Chaos"],"picked":"Genetic Algorithm","floor":1},{"not_picked":["Blizzard","Barrage"],"picked":"Steam","floor":2},{"not_picked":["Turbo","Stack"],"picked":"Compile Driver","floor":4},{"not_picked":["Consume","Compile Driver"],"picked":"Coolheaded","floor":7},{"not_picked":["Turbo","Static Discharge"],"picked":"Ball Lightning","floor":10},{"not_picked":["Beam Cell","Coolheaded"],"picked":"Defragment","floor":11},{"not_picked":["Auto Shields","Conserve Battery"],"picked":"Chill","floor":13},{"not_picked":["Creative AI","Leap"],"picked":"Static Discharge","floor":14},{"not_picked":["Hologram","Conserve Battery"],"picked":"Leap","floor":15},{"not_picked":["Electrodynamics","Biased Cognition"],"picked":"Echo Form","floor":16},{"not_picked":["Ball Lightning","Static Discharge"],"picked":"Chaos","floor":18},{"not_picked":["Gash","Heatsinks"],"picked":"Scrape+1","floor":19},{"not_picked":["Doom and Gloom","Cold Snap"],"picked":"Rebound+1","floor":20},{"not_picked":["Steam","Conserve Battery","Barrage"],"picked":"SKIP","floor":21},{"not_picked":["Reprogram","Darkness"],"picked":"Redo","floor":22}],"player_experience":613534,"potions_floor_usage":[10,13,13,19,22],"damage_taken":[{"damage":1,"enemies":"Cultist","floor":1,"turns":4},{"damage":7,"enemies":"Jaw Worm","floor":2,"turns":4},{"damage":9,"enemies":"2 Louse","floor":4,"turns":3},{"damage":11,"enemies":"3 Sentries","floor":7,"turns":8},{"damage":14,"enemies":"Lagavulin","floor":10,"turns":7},{"damage":3,"enemies":"Looter","floor":11,"turns":3},{"damage":0,"enemies":"3 Sentries","floor":13,"turns":4},{"damage":0,"enemies":"Exordium Wildlife","floor":14,"turns":5},{"damage":18,"enemies":"The Guardian","floor":16,"turns":9},{"damage":0,"enemies":"Shell Parasite","floor":18,"turns":6},{"damage":11,"enemies":"2 Thieves","floor":19,"turns":4},{"damage":0,"enemies":"Cultist and Chosen","floor":20,"turns":6},{"damage":0,"enemies":"Chosen and Byrds","floor":21,"turns":7},{"damage":26,"enemies":"3 Cultists","floor":22,"turns":7},{"damage":68,"enemies":"Gremlin Leader","floor":24,"turns":10}],"relics_obtained":[{"floor":7,"key":"Blood Vial"},{"floor":9,"key":"Orichalcum"},{"floor":10,"key":"Anchor"},{"floor":13,"key":"Dream Catcher"}],"event_choices":[{"event_name":"Golden Shrine","player_choice":"Pray","floor":3,"damage_taken":0},{"event_name":"The Cleric","player_choice":"Healed","floor":5,"damage_taken":0},{"event_name":"Living Wall","player_choice":"Grow","floor":12,"damage_taken":0}],"boss_relics":[{"not_picked":["Lizard Tail","Eternal Feather"],"picked":"Ectoplasm"}],"items_purged_floors":[],"potions_floor_spawned":[1,2,10,14,18,20,21],"seed_played":"-6961880021325971839","killed_by":"Gremlin Leader","ascension_level":1,"potions_obtained":[{"floor":1,"key":"FocusPotion"},{"floor":2,"key":"Fire Potion"},{"floor":10,"key":"Explosive Potion"},{"floor":14,"key":"Ancient Potion"},{"floor":18,"key":"Fruit Juice"},{"floor":20,"key":"GamblersBrew"},{"floor":21,"key":"Dexterity Potion"}],"is_trial":false}