{"gold_per_floor":[109,121,121,132,146,176,176,187,187,187,203,203,219,237,237,337,337,348,313,363,377,390,390,406,433,481,491,491,508,523,554,554,554],"floor_reached":33,"playtime":2111,"items_purged":[],"score":297,"play_id":"1a366ecb-6650-4489-a13a-1a996ebb0061","local_time":"20190623202023","is_ascension_mode":false,"campfire_choices":[{"data":"Zap","floor":7,"key":"SMITH"},{"data":"Dualcast","floor":10,"key":"SMITH"},{"floor":15,"key":"REST"},{"data":"Buffer","floor":23,"key":"SMITH"},{"data":"Loop","floor":32,"key":"SMITH"}],"neow_cost":"","seed_source_timestamp":835618763804700,"circlet_count":0,"master_deck":["Strike_B","Strike_B","Defend_B","Defend_B","Defend_B","Defend_B","Zap+1","Dualcast+1","Glacier","Cold Snap","Conserve Battery","All For One","Self Repair","Gash","Coolheaded+1","Steam+1","Buffer+1","FTL","Ball Lightning","Auto Shields+1","Ball Lightning","Loop+1","Redo+1","Writhe","Compile Driver","Writhe","Multi-Cast+1","Redo+1","Chaos+1"],"relics":["Cracked Core","Smiling Mask","Toxic Egg 2","Cursed Key","Letter Opener","Regal Pillow","Ornamental Fan","Lantern"],"potions_floor_usage":[5,6,25,25,31,33],"damage_taken":[{"damage":2,"enemies":"Small Slimes","floor":1,"turns":3},{"damage":0,"enemies":"2 Louse","floor":2,"turns":3},{"damage":0,"enemies":"Cultist","floor":4,"turns":4},{"damage":20,"enemies":"Gremlin Gang","floor":5,"turns":6},{"damage":25,"enemies":"Gremlin Nob","floor":6,"turns":5},{"damage":0,"enemies":"Blue Slaver","floor":8,"turns":4},{"damage":6,"enemies":"Red Slaver","floor":11,"turns":5},{"damage":0,"enemies":"2 Fungi Beasts","floor":13,"turns":3},{"damage":4,"enemies":"Exordium Wildlife","floor":14,"turns":8},{"damage":10,"enemies":"The Guardian","floor":16,"turns":11},{"damage":0,"enemies":"Shell Parasite","floor":18,"turns":5},{"damage":17,"enemies":"2 Thieves","floor":19,"turns":5},{"damage":11,"enemies":"Sentry and Sphere","floor":21,"turns":6},{"damage":6,"enemies":"3 Cultists","floor":22,"turns":6},{"damage":0,"enemies":"Snecko","floor":24,"turns":5},{"damage":6,"enemies":"Book of Stabbing","floor":25,"turns":6},{"damage":0,"enemies":"Centurion and Healer","floor":27,"turns":6},{"damage":7,"enemies":"3 Cultists","floor":29,"turns":5},{"damage":15,"enemies":"Snake Plant","floor":30,"turns":5},{"damage":26,"enemies":"Slavers","floor":31,"turns":3},{"damage":51,"enemies":"Collector","floor":33,"turns":10}],"seed_played":"8603491849634556721","potions_obtained":[{"floor":1,"key":"Energy Potion"},{"floor":4,"key":"FearPotion"},{"floor":8,"key":"SpeedPotion"},{"floor":14,"key":"SpeedPotion"},{"floor":18,"key":"Dexterity Potion"},{"floor":21,"key":"PowerPotion"},{"floor":24,"key":"EssenceOfSteel"},{"floor":30,"key":"Explosive Potion"}],"is_trial":true,"path_per_floor":["M","M","?","M","M","E","R","M","T","R","M","?","M","M","R","B",null,"M","M","?","M","M","R","M","E","T","M","?","M","M","E","R","B"],"character_chosen":"DEFECT","items_purchased":[],"campfire_rested":1,"item_purchase_floors":[],"current_hp_per_floor":[73,73,66,66,46,21,21,21,21,21,22,22,29,32,54,51,75,75,65,65,61,62,62,69,70,70,75,75,75,67,48,48,0],"gold":554,"neow_bonus":"","is_prod":false,"is_daily":false,"chose_seed":true,"campfire_upgraded":4,"win_rate":0,"timestamp":1561317623,"path_taken":["M","M","?","M","M","E","R","M","T","R","M","?","M","?","R","BOSS","M","?","?","?","M","R","M","E","T","M","?","M","M","E","R","BOSS"],"build_version":"2019-01-23","purchased_purges":0,"victory":false,"max_hp_per_floor":[75,75,75,75,75,75,75,75,75,75,75,75,75,75,75,75,75,75,75,75,75,75,75,75,75,75,75,75,75,75,75,75,75],"card_choices":[{"not_picked":["Compile Driver","Sunder"],"picked":"Glacier","floor":1},{"not_picked":["Doom and Gloom","Barrage"],"picked":"Cold Snap","floor":2},{"not_picked":["Storm","Stack","Doom and Gloom"],"picked":"SKIP","floor":4},{"not_picked":["Beam Cell","Go for the Eyes"],"picked":"Conserve Battery","floor":5},{"not_picked":["Recycle","Barrage"],"picked":"All For One","floor":6},{"not_picked":["Barrage","Auto Shields"],"picked":"Self Repair","floor":8},{"not_picked":["Turbo+1","Beam Cell"],"picked":"Gash","floor":11},{"not_picked":["Stack+1","Compile Driver"],"picked":"Coolheaded+1","floor":13},{"not_picked":["Beam Cell","Gash"],"picked":"Steam+1","floor":14},{"not_picked":["Creative AI","Amplify+1"],"picked":"Buffer","floor":16},{"not_picked":["Turbo+1","Ball Lightning+1"],"picked":"FTL","floor":18},{"not_picked":["Redo+1","Cold Snap"],"picked":"Ball Lightning","floor":19},{"not_picked":["Leap+1","Streamline"],"picked":"Auto Shields+1","floor":21},{"not_picked":["Sweeping Beam","Leap+1"],"picked":"Ball Lightning","floor":22},{"not_picked":["Stack+1","Recycle+1"],"picked":"Loop","floor":24},{"not_picked":["Auto Shields+1","Rebound"],"picked":"Redo+1","floor":25},{"not_picked":["Hello World","Coolheaded+1"],"picked":"Compile Driver","floor":27},{"not_picked":["Rebound","Stack+1"],"picked":"Multi-Cast+1","floor":29},{"not_picked":["Tempest+1","Ball Lightning"],"picked":"Redo+1","floor":30},{"not_picked":["Force Field+1","Compile Driver"],"picked":"Chaos+1","floor":31}],"player_experience":1309506,"relics_obtained":[{"floor":6,"key":"Smiling Mask"},{"floor":9,"key":"Toxic Egg 2"},{"floor":25,"key":"Letter Opener"},{"floor":26,"key":"Regal Pillow"},{"floor":31,"key":"Lantern"}],"event_choices":[{"cards_removed":["Strike_B"],"damage_healed":0,"gold_gain":0,"player_choice":"Card Removal","damage_taken":7,"max_hp_gain":0,"max_hp_loss":0,"event_name":"Golden Wing","floor":3,"gold_loss":0},{"cards_removed":["Strike_B"],"damage_healed":0,"gold_gain":0,"player_choice":"Offered Basic","damage_taken":0,"max_hp_gain":0,"max_hp_loss":0,"event_name":"Bonfire Elementals","floor":12,"gold_loss":0},{"damage_healed":0,"gold_gain":100,"player_choice":"Bet on Murderer","damage_taken":0,"max_hp_gain":0,"max_hp_loss":0,"event_name":"The Joust","floor":20,"gold_loss":50},{"damage_healed":0,"gold_gain":0,"player_choice":"Opened","damage_taken":0,"relics_obtained":["Ornamental Fan"],"max_hp_gain":0,"max_hp_loss":0,"event_name":"The Mausoleum","floor":28,"gold_loss":0,"cards_obtained":["Writhe"]}],"is_beta":false,"boss_relics":[{"not_picked":["Astrolabe","Empty Cage"],"picked":"Cursed Key"}],"items_purged_floors":[],"is_endless":false,"potions_floor_spawned":[1,4,8,14,18,21,24,30],"killed_by":"Collector","ascension_level":0}