{"gold_per_floor":[118,118,133,145,161,161,192,206,206,46,62,91,107,124,124,195,195,206,49,49,34,34,34,34],"floor_reached":24,"playtime":780,"items_purged":["Strike_R"],"score":410,"play_id":"1fb10739-077d-4b61-8fdd-c418aea6daec","local_time":"20190420144452","is_ascension_mode":true,"campfire_choices":[{"data":"Immolate","floor":6,"key":"SMITH"},{"floor":15,"key":"REST"},{"data":"Fiend Fire","floor":23,"key":"SMITH"}],"neow_cost":"TEN_PERCENT_HP_LOSS","seed_source_timestamp":653100159705283,"circlet_count":0,"master_deck":["AscendersBane","Strike_R+1","Strike_R+1","Strike_R+1","Strike_R+1","Defend_R+1","Defend_R+1","Defend_R+1","Defend_R+1","Bash","Immolate+1","Sword Boomerang","Clothesline","Power Through","Shrug It Off","Limit Break","Evolve","Disarm","Spot Weakness","Heavy Blade","Fiend Fire+1","Pommel Strike"],"relics":["Burning Blood","CultistMask","Anchor","Juzu Bracelet","Potion Belt","White Beast Statue","Pen Nib"],"potions_floor_usage":[7,12,13,21],"damage_taken":[{"damage":8,"enemies":"2 Louse","floor":1,"turns":3},{"damage":0,"enemies":"Cultist","floor":3,"turns":3},{"damage":4,"enemies":"Jaw Worm","floor":4,"turns":4},{"damage":3,"enemies":"Lots of Slimes","floor":5,"turns":2},{"damage":5,"enemies":"3 Sentries","floor":7,"turns":3},{"damage":0,"enemies":"Red Slaver","floor":8,"turns":3},{"damage":5,"enemies":"Blue Slaver","floor":11,"turns":4},{"damage":42,"enemies":"Gremlin Nob","floor":12,"turns":6},{"damage":20,"enemies":"Exordium Wildlife","floor":13,"turns":4},{"damage":1,"enemies":"Large Slime","floor":14,"turns":5},{"damage":44,"enemies":"Slime Boss","floor":16,"turns":11},{"damage":25,"enemies":"Spheric Guardian","floor":18,"turns":5},{"damage":14,"enemies":"2 Thieves","floor":21,"turns":4},{"damage":41,"enemies":"Gremlin Leader","floor":24,"turns":2}],"seed_played":"-4748758300958689065","potions_obtained":[{"floor":1,"key":"AttackPotion"},{"floor":5,"key":"SpeedPotion"},{"floor":8,"key":"BloodPotion"},{"floor":13,"key":"SpeedPotion"},{"floor":18,"key":"Ancient Potion"},{"floor":21,"key":"Energy Potion"}],"is_trial":false,"path_per_floor":["M","?","M","M","M","R","E","M","T","$","M","E","M","M","R","B",null,"M","$","?","M","?","R","E"],"character_chosen":"IRONCLAD","items_purchased":["Evolve","Pen Nib"],"campfire_rested":1,"item_purchase_floors":[10,19],"current_hp_per_floor":[66,66,68,68,68,68,68,68,68,68,68,32,24,29,49,11,54,35,35,49,41,41,41,0],"gold":34,"neow_bonus":"THREE_RARE_CARDS","is_prod":false,"is_daily":false,"chose_seed":false,"campfire_upgraded":2,"win_rate":0,"timestamp":1555785892,"path_taken":["M","?","?","M","M","R","E","M","T","$","M","E","M","M","R","BOSS","M","$","?","M","?","R","E"],"build_version":"2019-01-23","purchased_purges":1,"victory":false,"max_hp_per_floor":[68,68,68,68,68,68,68,68,68,68,68,68,68,68,68,68,68,68,68,68,68,68,68,68],"card_choices":[{"not_picked":["Brutality","Berserk"],"picked":"Immolate","floor":0},{"not_picked":["Second Wind","Searing Blow","Cleave"],"picked":"SKIP","floor":1},{"not_picked":["Perfected Strike","Entrench"],"picked":"Sword Boomerang","floor":3},{"not_picked":["Anger","Sword Boomerang"],"picked":"Clothesline","floor":4},{"not_picked":["Blood for Blood","Headbutt"],"picked":"Power Through","floor":5},{"not_picked":["Combust","Ghostly Armor"],"picked":"Shrug It Off","floor":7},{"not_picked":["Perfected Strike","Dropkick"],"picked":"Limit Break","floor":8},{"not_picked":["Clash","Rage"],"picked":"Disarm","floor":11},{"not_picked":["Carnage","Rampage"],"picked":"Spot Weakness","floor":12},{"not_picked":["Havoc","Fire Breathing","Sentinel"],"picked":"SKIP","floor":13},{"not_picked":["Wild Strike","Perfected Strike"],"picked":"Heavy Blade","floor":14},{"not_picked":["Bludgeon","Berserk"],"picked":"Fiend Fire","floor":16},{"not_picked":["Sword Boomerang","Intimidate","Perfected Strike"],"picked":"SKIP","floor":18},{"not_picked":["Clothesline","True Grit"],"picked":"Pommel Strike","floor":21}],"player_experience":366893,"relics_obtained":[{"floor":7,"key":"Anchor"},{"floor":9,"key":"Juzu Bracelet"},{"floor":12,"key":"Potion Belt"}],"event_choices":[{"damage_healed":0,"gold_gain":0,"player_choice":"Trade","damage_taken":0,"relics_obtained":["CultistMask"],"max_hp_gain":0,"max_hp_loss":0,"event_name":"FaceTrader","floor":2,"gold_loss":0},{"damage_healed":14,"gold_gain":0,"player_choice":"Heal","damage_taken":0,"max_hp_gain":0,"max_hp_loss":0,"event_name":"The Library","floor":20,"gold_loss":0},{"damage_healed":0,"gold_gain":0,"player_choice":"Simplicity","damage_taken":0,"max_hp_gain":0,"max_hp_loss":0,"event_name":"Back to Basics","floor":22,"gold_loss":0,"cards_upgraded":["Strike_R","Strike_R","Strike_R","Strike_R","Defend_R","Defend_R","Defend_R","Defend_R"]}],"is_beta":false,"boss_relics":[{"not_picked":["Lizard Tail","Tiny House"],"picked":"White Beast Statue"}],"items_purged_floors":[10],"is_endless":false,"potions_floor_spawned":[1,5,8,11,13,18,21],"killed_by":"Gremlin Leader","ascension_level":19}