{"gold_per_floor":[214,289,301,301,82,82,107,107,134,154,172,172,172,503,503,503],"floor_reached":16,"playtime":396,"items_purged":[],"score":216,"play_id":"d90cf42a-23b8-4d86-b8d1-72f8c8a57932","local_time":"20190117223242","is_ascension_mode":true,"campfire_choices":[{"data":"Strike_R","floor":6,"key":"SMITH"},{"data":"1","floor":8,"key":"LIFT"},{"floor":15,"key":"REST"}],"neow_cost":"NONE","seed_source_timestamp":129629634628157,"circlet_count":0,"master_deck":["AscendersBane","Strike_R+1","Strike_R","Strike_R","Strike_R","Strike_R","Defend_R","Defend_R","Defend_R","Defend_R","Bash","Uppercut+1","Whirlwind","Shrug It Off","Battle Trance","Twin Strike"],"relics":["Burning Blood","ClockworkSouvenir","Girya","Juzu Bracelet","Old Coin"],"potions_floor_usage":[7],"damage_taken":[{"damage":2,"enemies":"2 Louse","floor":1,"turns":3},{"damage":7,"enemies":"Jaw Worm","floor":3,"turns":4},{"damage":25,"enemies":"Lagavulin","floor":7,"turns":4},{"damage":8,"enemies":"Small Slimes","floor":10,"turns":2},{"damage":4,"enemies":"2 Fungi Beasts","floor":11,"turns":3},{"damage":30,"enemies":"Gremlin Nob","floor":14,"turns":4},{"damage":44,"enemies":"Hexaghost","floor":16,"turns":8}],"seed_played":"-25859433519482050","potions_obtained":[{"floor":1,"key":"SteroidPotion"}],"is_trial":false,"path_per_floor":["M","?","M","?","$","R","E","R","T","M","M","$","$","E","R","B"],"character_chosen":"IRONCLAD","items_purchased":["ClockworkSouvenir"],"campfire_rested":1,"item_purchase_floors":[5],"current_hp_per_floor":[72,61,60,60,60,60,41,41,41,39,41,41,41,17,39,0],"gold":503,"neow_bonus":"HUNDRED_GOLD","is_prod":false,"is_daily":false,"chose_seed":false,"campfire_upgraded":1,"win_rate":0,"timestamp":1547764362,"path_taken":["M","?","M","?","$","R","E","R","T","M","M","?","$","E","R","BOSS"],"build_version":"2019-01-10","purchased_purges":0,"victory":false,"max_hp_per_floor":[75,75,75,75,75,75,75,75,75,75,75,75,75,75,75,75],"card_choices":[{"not_picked":["Battle Trance","Power Through"],"picked":"Uppercut","floor":1},{"not_picked":["Sword Boomerang","Corruption","Bloodletting"],"picked":"SKIP","floor":3},{"not_picked":["Flex","Shrug It Off"],"picked":"Whirlwind","floor":7},{"not_picked":["Armaments","Perfected Strike"],"picked":"Shrug It Off","floor":10},{"not_picked":["Sever Soul","Shrug It Off"],"picked":"Battle Trance","floor":11},{"not_picked":["Sever Soul","Dark Embrace"],"picked":"Twin Strike","floor":14}],"player_experience":1175057,"relics_obtained":[{"floor":7,"key":"Girya"},{"floor":9,"key":"Juzu Bracelet"},{"floor":14,"key":"Old Coin"}],"event_choices":[{"damage_healed":0,"gold_gain":75,"player_choice":"Gather Gold","damage_taken":11,"max_hp_gain":0,"max_hp_loss":0,"event_name":"World of Goop","floor":2,"gold_loss":0},{"damage_healed":0,"gold_gain":0,"player_choice":"Grow","damage_taken":0,"max_hp_gain":0,"max_hp_loss":0,"event_name":"Living Wall","floor":4,"gold_loss":0,"cards_upgraded":["Uppercut"]}],"is_beta":false,"boss_relics":[],"items_purged_floors":[],"is_endless":false,"potions_floor_spawned":[1],"killed_by":"Hexaghost","ascension_level":20}