{"path_per_floor":["M","M","?","M","M","E","R","E","T","R","$","?","R","M","R","B",null,"M","?","$","M","M","R","$","R","T","M","R","E","M","?","R","B",null,"M","?","T","M","M","E","R","M","T","?","?","M","R","T","R","B"],"character_chosen":"THE_SILENT","items_purchased":["Singing Bowl","Cloak And Dagger","Tiny Chest","Ninja Scroll"],"gold_per_floor":[116,132,132,146,161,194,194,228,252,252,32,32,32,32,32,137,137,157,607,367,385,402,402,20,20,20,36,36,67,82,82,82,181,181,198,198,221,234,254,280,280,291,291,291,342,358,358,358,358,358],"floor_reached":51,"campfire_rested":3,"playtime":3472,"current_hp_per_floor":[67,65,65,65,51,26,47,32,39,39,39,39,39,39,39,23,79,79,37,37,35,17,41,41,41,41,43,67,69,59,59,59,41,85,85,85,85,86,88,88,88,83,83,83,77,77,77,77,77,55],"items_purged":["Strike_G","Defend_G","Strike_G"],"gold":358,"play_id":"90647dce-ca1d-41aa-b86d-7eb587b9e687","is_prod":false,"is_daily":false,"is_ascension_mode":false,"campfire_upgraded":8,"path_taken":["M","M","?","M","M","E","R","E","T","R","$","?","R","M","R","BOSS","M","?","$","M","?","R","$","R","T","M","R","E","M","?","R","BOSS","M","?","?","?","M","E","R","M","T","?","?","M","R","?","R","BOSS"],"build_version":"2018-01-25-PROD3","purchased_purges":3,"victory":true,"master_deck":["Defend_G","Defend_G","Defend_G+1","Strike_G","Strike_G","Survivor+1","Neutralize+1","Escape Plan","Infinite Blades+1","Accuracy+1","Quick Slash","Heel Hook","Sucker Punch+1","Cloak And Dagger+1","Dash+1","Infinite Blades+1","After Image+1","Writhe","Adrenaline+1","Cloak And Dagger+1","Parasite","Backflip+1","Doubt","Cloak And Dagger+1","Regret"],"max_hp_per_floor":[70,70,70,70,70,70,70,70,77,77,77,77,77,77,77,79,79,81,81,81,81,81,81,81,81,81,83,83,85,85,85,85,85,85,85,85,85,87,89,89,89,91,91,91,93,93,93,93,93,93],"relics":["Ring of the Snake","Snake Skull","Mercury Hourglass","Strawberry","Singing Bowl","Runic Dome","Tiny Chest","Ninja Scroll","Happy Flower","Bag of Marbles","Shuriken","Cursed Key","War Paint","Unceasing Top","Dodecahedron","Du-Vu Doll"],"card_choices":[{"not_picked":["Skewer","Flechettes"],"picked":"Escape Plan"},{"not_picked":["Deadly Poison","Heel Hook"],"picked":"Infinite Blades"},{"not_picked":["Bane","Dagger Spray"],"picked":"Accuracy"},{"not_picked":["PiercingWail","All Out Attack"],"picked":"Quick Slash"},{"not_picked":["Envenom","Wraith Form"],"picked":"Heel Hook"},{"not_picked":["Eviscerate","PiercingWail"],"picked":"Sucker Punch"},{"not_picked":["Bouncing Flask","Deadly Poison"],"picked":"Dash"},{"not_picked":["Finisher","Quick Slash"],"picked":"Infinite Blades"},{"not_picked":["Acrobatics","Flying Knee"],"picked":"After Image"},{"not_picked":["Tools of the Trade","Unload"],"picked":"Adrenaline"},{"not_picked":["Crippling Poison","Noxious Fumes"],"picked":"Cloak And Dagger"},{"not_picked":["Dagger Spray","Die Die Die"],"picked":"Backflip"},{"not_picked":["Deflect","Acrobatics"],"picked":"Cloak And Dagger"}],"player_experience":307729,"potions_floor_usage":[50,50,50],"damage_taken":[{"damage":3.0,"enemies":"Jaw Worm","floor":1.0,"turns":4.0},{"damage":2.0,"enemies":"Small Slimes","floor":2.0,"turns":4.0},{"damage":0.0,"enemies":"Blue Slaver","floor":4.0,"turns":5.0},{"damage":14.0,"enemies":"Lots of Slimes","floor":5.0,"turns":6.0},{"damage":25.0,"enemies":"3 Sentries","floor":6.0,"turns":12.0},{"damage":15.0,"enemies":"Lagavulin","floor":8.0,"turns":7.0},{"damage":0.0,"enemies":"Large Slime","floor":14.0,"turns":6.0},{"damage":18.0,"enemies":"Hexaghost","floor":16.0,"turns":11.0},{"damage":2,"enemies":"Shell Parasite","floor":18,"turns":5},{"damage":2,"enemies":"Chosen","floor":21,"turns":4},{"damage":18,"enemies":"Snake Plant","floor":22,"turns":5},{"damage":0,"enemies":"Sentry and Sphere","floor":27,"turns":3},{"damage":0,"enemies":"Gremlin Leader","floor":29,"turns":5},{"damage":10,"enemies":"3 Cultists","floor":30,"turns":4},{"damage":18,"enemies":"Automaton","floor":33,"turns":7},{"damage":0,"enemies":"Orb Walker","floor":35,"turns":3},{"damage":1,"enemies":"3 Shapes","floor":38,"turns":3},{"damage":0,"enemies":"3 Darklings","floor":39,"turns":4},{"damage":0,"enemies":"Giant Head","floor":40,"turns":5},{"damage":7,"enemies":"Maw","floor":42,"turns":5},{"damage":8,"enemies":"Mysterious Sphere","floor":45,"turns":5},{"damage":0,"enemies":"Sphere and 2 Shapes","floor":46,"turns":3},{"damage":22,"enemies":"Donu and Deca","floor":50,"turns":7}],"event_choices":[{"event_name":"Living Wall","player_choice":"Forget","floor":3.0,"damage_taken":0.0},{"event_name":"Liars Game","player_choice":"disagreed","floor":12.0,"damage_taken":0.0},{"event_name":"Knowing Skull","player_choice":"GOLD GOLD GOLD GOLD GOLD ","floor":19,"damage_taken":0},{"event_name":"The Mausoleum","player_choice":"Yes","floor":31,"damage_taken":0},{"event_name":"Upgrade Shrine","player_choice":"Upgraded","floor":36,"damage_taken":0},{"event_name":"Mysterious Sphere","player_choice":"Fight","floor":45,"damage_taken":0}],"boss_relics":[{"not_picked":["Velvet Choker","Question Card"],"picked":"Runic Dome"},{"not_picked":["Eternal Feather","Lizard Tail"],"picked":"Cursed Key"}],"potions_floor_spawned":[1,5,8,14,21,30,33,35,46],"seed_played":"5875317403805411889","ascension_level":0,"is_trial":false}