{"gold_per_floor":[15,15,31,50,50,50,79,79,147,147,165,181,181,191,191,267,267,285,285,297,209,221,221,221],"floor_reached":24,"playtime":1099,"items_purged":[],"score":396,"play_id":"c0e5e632-4da0-46e5-82f9-376492202107","local_time":"20190127234641","is_ascension_mode":true,"campfire_choices":[{"floor":6,"key":"REST"},{"data":"Zap","floor":8,"key":"SMITH"},{"floor":13,"key":"REST"},{"floor":15,"key":"REST"},{"data":"Dualcast","floor":23,"key":"SMITH"}],"neow_cost":"NO_GOLD","seed_source_timestamp":328438270530700,"circlet_count":0,"master_deck":["AscendersBane","Strike_B","Defend_B+1","Defend_B","Defend_B","Defend_B","Zap+1","Dualcast+1","Sweeping Beam","Leap","Cold Snap+1","Coolheaded","Conserve Battery","Rip and Tear","Electrodynamics","Ball Lightning","Core Surge","Conserve Battery+1","Glacier","Defragment"],"relics":["Cracked Core","Dream Catcher","Sundial","Empty Cage"],"potions_floor_usage":[7,16,16],"damage_taken":[{"damage":3,"enemies":"Small Slimes","floor":1,"turns":2},{"damage":19,"enemies":"Jaw Worm","floor":3,"turns":4},{"damage":6,"enemies":"Cultist","floor":4,"turns":3},{"damage":18,"enemies":"Lagavulin","floor":7,"turns":6},{"damage":3,"enemies":"Looter","floor":11,"turns":4},{"damage":7,"enemies":"2 Fungi Beasts","floor":12,"turns":3},{"damage":31,"enemies":"Gremlin Gang","floor":14,"turns":4},{"damage":3,"enemies":"The Guardian","floor":16,"turns":9},{"damage":16,"enemies":"2 Thieves","floor":18,"turns":4},{"damage":7,"enemies":"Chosen","floor":20,"turns":4},{"damage":21,"enemies":"Shelled Parasite and Fungi","floor":22,"turns":12},{"damage":30,"enemies":"Sentry and Sphere","floor":24,"turns":5}],"seed_played":"3384172728503655755","potions_obtained":[{"floor":3,"key":"SkillPotion"},{"floor":4,"key":"GamblersBrew"},{"floor":11,"key":"FocusPotion"},{"floor":12,"key":"SteroidPotion"},{"floor":18,"key":"SpeedPotion"}],"is_trial":false,"path_per_floor":["M","?","M","M","?","R","E","R","T","?","M","M","R","M","R","B",null,"M","$","M","$","M","R","M"],"character_chosen":"DEFECT","items_purchased":["Defragment"],"campfire_rested":3,"item_purchase_floors":[21],"current_hp_per_floor":[75,75,56,50,24,49,31,31,31,31,28,21,46,15,40,37,73,57,57,50,50,29,29,0],"gold":221,"neow_bonus":"TWENTY_PERCENT_HP_BONUS","is_prod":false,"is_daily":false,"chose_seed":false,"campfire_upgraded":2,"win_rate":0,"timestamp":1548632801,"path_taken":["M","?","M","M","?","R","E","R","T","?","M","M","R","M","R","BOSS","M","$","M","?","M","R","M"],"build_version":"2019-01-23","purchased_purges":0,"victory":false,"max_hp_per_floor":[85,85,85,85,85,85,85,85,85,85,85,85,85,85,85,85,85,85,85,85,85,85,85,85],"card_choices":[{"not_picked":["Gash","Stack"],"picked":"Sweeping Beam","floor":1},{"not_picked":["Compile Driver","Gash"],"picked":"Leap","floor":3},{"not_picked":["Multi-Cast","Streamline"],"picked":"Cold Snap","floor":4},{"not_picked":["Go for the Eyes","Darkness"],"picked":"Coolheaded","floor":7},{"not_picked":["Coolheaded","Hologram"],"picked":"Conserve Battery","floor":11},{"not_picked":["Compile Driver","Hologram"],"picked":"Rip and Tear","floor":12},{"not_picked":["Gash","Steam"],"picked":"Electrodynamics","floor":14},{"not_picked":["Turbo","Coolheaded"],"picked":"Ball Lightning","floor":15},{"not_picked":["Rainbow","Thunder Strike"],"picked":"Core Surge","floor":16},{"not_picked":["Stack","Sunder"],"picked":"Conserve Battery+1","floor":18},{"not_picked":["Rip and Tear","Redo"],"picked":"Glacier","floor":20},{"not_picked":["Heatsinks","Static Discharge+1","Barrage"],"picked":"SKIP","floor":22}],"player_experience":1250026,"relics_obtained":[{"floor":7,"key":"Dream Catcher"},{"floor":9,"key":"Sundial"}],"event_choices":[{"damage_healed":0,"gold_gain":0,"player_choice":"Ignored","damage_taken":0,"max_hp_gain":0,"max_hp_loss":0,"event_name":"Liars Game","floor":2,"gold_loss":0},{"damage_healed":0,"gold_gain":0,"player_choice":"Entered Light","damage_taken":26,"max_hp_gain":0,"max_hp_loss":0,"event_name":"Shining Light","floor":5,"gold_loss":0,"cards_upgraded":["Cold Snap","Defend_B"]},{"cards_removed":["Strike_B"],"damage_healed":0,"gold_gain":0,"player_choice":"Offered Basic","damage_taken":0,"max_hp_gain":0,"max_hp_loss":0,"event_name":"Bonfire Elementals","floor":10,"gold_loss":0}],"is_beta":false,"boss_relics":[{"not_picked":["Lizard Tail","Pandora\u0027s Box"],"picked":"Empty Cage"}],"items_purged_floors":[],"is_endless":false,"potions_floor_spawned":[3,4,11,12,18],"killed_by":"Sentry and Sphere","ascension_level":20}