{"gold_per_floor":[117,192,192,210,221,256,256,269,269,294,294,163,163,175,175,175],"floor_reached":16,"playtime":420,"items_purged":["Defend_R"],"score":215,"play_id":"689fe95f-fa02-4bf0-a765-62581c03d2f5","local_time":"20190116163043","is_ascension_mode":true,"campfire_choices":[{"floor":7,"key":"REST"},{"floor":13,"key":"REST"},{"data":"Bash","floor":15,"key":"SMITH"}],"neow_cost":"NONE","seed_source_timestamp":21486122668074,"circlet_count":0,"master_deck":["AscendersBane","Strike_R","Strike_R","Strike_R","Strike_R","Strike_R","Defend_R","Defend_R","Defend_R","Bash+1","Armaments","Fiend Fire","Headbutt","Intimidate","Shrug It Off","Cleave"],"relics":["Burning Blood","NeowsBlessing","Shuriken","Pantograph","Regal Pillow"],"potions_floor_usage":[16],"damage_taken":[{"damage":0,"enemies":"Small Slimes","floor":1,"turns":1},{"damage":0,"enemies":"Jaw Worm","floor":4,"turns":1},{"damage":0,"enemies":"2 Louse","floor":5,"turns":2},{"damage":62,"enemies":"Gremlin Nob","floor":6,"turns":5},{"damage":7,"enemies":"Large Slime","floor":8,"turns":5},{"damage":25,"enemies":"Lagavulin","floor":10,"turns":7},{"damage":0,"enemies":"Looter","floor":14,"turns":3},{"damage":69,"enemies":"Hexaghost","floor":16,"turns":10}],"seed_played":"-6497751462160272877","potions_obtained":[{"floor":1,"key":"BloodPotion"},{"floor":4,"key":"Swift Potion"}],"is_trial":false,"path_per_floor":["M","?","?","M","M","E","R","M","T","E","?","$","R","M","R","B"],"character_chosen":"IRONCLAD","items_purchased":["Shrug It Off"],"campfire_rested":2,"item_purchase_floors":[12],"current_hp_per_floor":[74,63,63,69,75,19,41,40,40,21,21,21,58,64,64,6],"gold":175,"neow_bonus":"THREE_ENEMY_KILL","is_prod":false,"is_daily":false,"chose_seed":false,"campfire_upgraded":1,"win_rate":0,"timestamp":1547656243,"path_taken":["M","?","?","M","M","E","R","M","T","E","?","$","R","M","R","BOSS"],"build_version":"2019-01-10","purchased_purges":1,"victory":false,"max_hp_per_floor":[75,75,75,75,75,75,75,75,75,75,75,75,75,75,75,75],"card_choices":[{"not_picked":["Searing Blow","Sword Boomerang"],"picked":"Armaments","floor":1},{"not_picked":["Bloodletting","Dual Wield","Anger"],"picked":"SKIP","floor":4},{"not_picked":["Wild Strike","Sever Soul"],"picked":"Fiend Fire","floor":5},{"not_picked":["Flex","Bloodletting"],"picked":"Headbutt","floor":6},{"not_picked":["Blood for Blood","Second Wind","Sword Boomerang"],"picked":"SKIP","floor":8},{"not_picked":["Blood for Blood","Sword Boomerang"],"picked":"Intimidate","floor":10},{"not_picked":["Power Through","Carnage"],"picked":"Cleave","floor":14}],"player_experience":1157636,"relics_obtained":[{"floor":6,"key":"Shuriken"},{"floor":9,"key":"Pantograph"},{"floor":10,"key":"Regal Pillow"}],"event_choices":[{"damage_healed":0,"gold_gain":75,"player_choice":"Gather Gold","damage_taken":11,"max_hp_gain":0,"max_hp_loss":0,"event_name":"World of Goop","floor":2,"gold_loss":0},{"damage_healed":0,"gold_gain":0,"player_choice":"Ignored","damage_taken":0,"max_hp_gain":0,"max_hp_loss":0,"event_name":"Golden Wing","floor":3,"gold_loss":0},{"damage_healed":0,"gold_gain":0,"player_choice":"Ignored","damage_taken":0,"max_hp_gain":0,"max_hp_loss":0,"event_name":"Shining Light","floor":11,"gold_loss":0}],"is_beta":false,"boss_relics":[],"items_purged_floors":[12],"is_endless":false,"potions_floor_spawned":[1,4,5,8],"killed_by":"Hexaghost","ascension_level":19}