{"path_per_floor":["M","?","M","M","?","R","$","?","T","M","E","R","?","M","R","B",null,"M","?","M","M","$","R"],"character_chosen":"DEFECT","items_purchased":["War Paint","Apotheosis"],"gold_per_floor":[114,114,130,145,145,145,145,145,197,222,261,261,261,275,275,400,400,418,418,443,464,114,114,114],"floor_reached":24,"campfire_rested":0,"playtime":966,"item_purchase_floors":[22,22],"current_hp_per_floor":[75,69,61,61,61,61,61,61,61,48,44,44,67,65,65,21,69,44,34,24,14,14,14,0],"items_purged":[],"gold":114,"score":221,"play_id":"5f694fd8-f369-435f-86b8-171683cf5454","local_time":"20180602170039","is_prod":false,"is_daily":false,"chose_seed":false,"is_ascension_mode":false,"campfire_upgraded":4,"win_rate":0,"timestamp":1527955239,"campfire_choices":[{"data":"Beam Cell","floor":6,"key":"SMITH"},{"data":"Zap","floor":12,"key":"SMITH"},{"data":"Redo","floor":15,"key":"SMITH"},{"data":"Apotheosis","floor":23,"key":"SMITH"}],"path_taken":["M","?","M","M","?","R","$","?","T","M","E","R","?","M","R","BOSS","M","?","M","M","$","R","E"],"build_version":"2018-05-31","seed_source_timestamp":179583651228658,"purchased_purges":0,"victory":false,"master_deck":["Strike_B","Strike_B","Strike_B","Defend_B","Defend_B","Defend_B","Defend_B","Zap+1","Dualcast+1","Streamline","Go for the Eyes","Beam Cell+1","Sweeping Beam","Rip and Tear","Redo+1","Machine Learning","Defragment","Ghostly","Ghostly+1","Ghostly","Ghostly","Ghostly","Streamline+1","Apotheosis+1"],"max_hp_per_floor":[75,69,69,69,69,69,69,69,69,69,69,69,69,69,69,69,69,69,34,36,36,36,36,36],"relics":["Cracked Core","Golden Idol","Lantern","Singing Bowl","Inserter","War Paint"],"card_choices":[{"not_picked":["Go for the Eyes","Loop"],"picked":"Streamline","floor":1},{"not_picked":["Steam Power","Static Discharge"],"picked":"Go for the Eyes","floor":3},{"not_picked":["Static Discharge","Rebound"],"picked":"Beam Cell","floor":4},{"not_picked":["Leap","Conserve Battery"],"picked":"Sweeping Beam","floor":10},{"not_picked":["Aggregate","Scrape"],"picked":"Rip and Tear","floor":11},{"not_picked":["Steam Power","Heatsinks"],"picked":"Redo","floor":14},{"not_picked":["Meteor Strike","All For One"],"picked":"Machine Learning","floor":16},{"not_picked":["Chill","Force Field+1"],"picked":"Defragment","floor":18},{"not_picked":["Beam Cell","Go for the Eyes","Steam"],"picked":"Singing Bowl","floor":20},{"not_picked":["Hologram","Conserve Battery"],"picked":"Streamline+1","floor":21}],"player_experience":601265,"potions_floor_usage":[4,11,11,16],"damage_taken":[{"damage":0,"enemies":"Small Slimes","floor":1,"turns":3},{"damage":8,"enemies":"Jaw Worm","floor":3,"turns":3},{"damage":0,"enemies":"Cultist","floor":4,"turns":2},{"damage":13,"enemies":"Large Slime","floor":10,"turns":5},{"damage":4,"enemies":"Gremlin Nob","floor":11,"turns":3},{"damage":2,"enemies":"Blue Slaver","floor":14,"turns":3},{"damage":44,"enemies":"The Guardian","floor":16,"turns":7},{"damage":25,"enemies":"Spheric Guardian","floor":18,"turns":4},{"damage":12,"enemies":"2 Thieves","floor":20,"turns":5},{"damage":10,"enemies":"Cultist and Chosen","floor":21,"turns":6},{"damage":14,"enemies":"Gremlin Leader","floor":24,"turns":4}],"relics_obtained":[{"floor":9,"key":"Lantern"},{"floor":11,"key":"Singing Bowl"}],"event_choices":[{"event_name":"Golden Idol","player_choice":"Lose Max HP","floor":2,"damage_taken":0},{"event_name":"Bonfire Elementals","player_choice":"BASIC","floor":5,"damage_taken":0},{"event_name":"Liars Game","player_choice":"disagreed","floor":8,"damage_taken":0},{"event_name":"Big Fish","player_choice":"Banana","floor":13,"damage_taken":0},{"event_name":"Ghosts","player_choice":"Became a Ghost","floor":19,"damage_taken":0}],"boss_relics":[{"not_picked":["Velvet Choker","Cursed Key"],"picked":"Inserter"}],"items_purged_floors":[],"potions_floor_spawned":[3,4,16],"seed_played":"-3392939894337739677","killed_by":"Gremlin Leader","ascension_level":0,"potions_obtained":[{"floor":4,"key":"Swift Potion"},{"floor":16,"key":"SteroidPotion"}],"is_trial":false}