{"gold_per_floor":[114,114,114,124,135,135,169,169,248,261,276,276,303,49,49,148,148,168,168,182,182],"floor_reached":21,"playtime":2475,"items_purged":[],"score":208,"play_id":"1f4e740c-8c8f-44a1-94c2-41b8c2a24cf5","local_time":"20190620005801","is_ascension_mode":true,"campfire_choices":[{"floor":6,"key":"REST"},{"floor":8,"key":"REST"},{"floor":12,"key":"REST"},{"floor":15,"key":"REST"}],"neow_cost":"PERCENT_DAMAGE","seed_source_timestamp":645468057311759,"circlet_count":0,"master_deck":["Defend_G","Defend_G","Defend_G","Defend_G","Defend_G+1","Strike_G","Strike_G","Strike_G","Strike_G","Strike_G","Survivor","Neutralize","Mind Blast+1","Impatience","Catalyst","Regret","Accuracy","Blade Dance","A Thousand Cuts","Footwork","Infinite Blades","Noxious Fumes","Bullet Time+1","Caltrops","Acrobatics"],"relics":["Ring of the Serpent","Snake Skull","Du-Vu Doll","Darkstone Periapt","Bag of Preparation","Kunai"],"potions_floor_usage":[7,13,13,21],"damage_taken":[{"damage":6,"enemies":"Jaw Worm","floor":1,"turns":6},{"damage":1,"enemies":"Small Slimes","floor":4,"turns":4},{"damage":4,"enemies":"Cultist","floor":5,"turns":3},{"damage":17,"enemies":"Gremlin Nob","floor":7,"turns":4},{"damage":22,"enemies":"Exordium Wildlife","floor":10,"turns":5},{"damage":9,"enemies":"3 Louse","floor":11,"turns":3},{"damage":24,"enemies":"3 Sentries","floor":13,"turns":7},{"damage":18,"enemies":"Slime Boss","floor":16,"turns":7},{"damage":31,"enemies":"3 Byrds","floor":18,"turns":5},{"damage":27,"enemies":"Shell Parasite","floor":20,"turns":5},{"damage":12,"enemies":"Shelled Parasite and Fungi","floor":21,"turns":6}],"seed_played":"-650049884738970871","potions_obtained":[{"floor":1,"key":"Energy Potion"},{"floor":7,"key":"GhostInAJar"},{"floor":11,"key":"Regen Potion"},{"floor":13,"key":"SpeedPotion"},{"floor":20,"key":"Block Potion"}],"is_trial":false,"path_per_floor":["M","?","?","M","M","R","E","R","T","M","M","R","E","$","R","B",null,"M","?","M","M"],"character_chosen":"THE_SILENT","items_purchased":["Kunai"],"campfire_rested":4,"item_purchase_floors":[14],"current_hp_per_floor":[43,43,29,28,24,45,28,49,49,27,18,39,30,30,51,33,70,39,39,12,0],"gold":182,"neow_bonus":"RANDOM_COLORLESS_2","is_prod":false,"is_daily":false,"chose_seed":false,"campfire_upgraded":0,"win_rate":0,"timestamp":1561017481,"path_taken":["M","?","?","M","M","R","E","R","T","M","M","R","E","$","R","BOSS","M","?","?","M"],"build_version":"2019-01-23","purchased_purges":0,"victory":false,"max_hp_per_floor":[70,70,70,70,70,70,70,70,70,70,70,70,70,70,70,70,70,70,70,70,70],"card_choices":[{"not_picked":["Bane","Dodge and Roll"],"picked":"Catalyst","floor":1},{"not_picked":["Dagger Spray","Predator"],"picked":"Accuracy","floor":4},{"not_picked":["Poisoned Stab","Masterful Stab"],"picked":"Blade Dance","floor":5},{"not_picked":["Masterful Stab","Choke"],"picked":"A Thousand Cuts","floor":7},{"not_picked":["PiercingWail","Eviscerate"],"picked":"Footwork","floor":10},{"not_picked":["Footwork","Outmaneuver"],"picked":"Infinite Blades","floor":11},{"not_picked":["Expertise","Outmaneuver"],"picked":"Noxious Fumes","floor":13},{"not_picked":["A Thousand Cuts","Storm of Steel"],"picked":"Bullet Time","floor":16},{"not_picked":["Outmaneuver","Masterful Stab+1"],"picked":"Caltrops","floor":18},{"not_picked":["Concentrate+1","Calculated Gamble"],"picked":"Acrobatics","floor":20}],"player_experience":330053,"relics_obtained":[{"floor":7,"key":"Du-Vu Doll"},{"floor":9,"key":"Darkstone Periapt"},{"floor":13,"key":"Bag of Preparation"}],"event_choices":[{"damage_healed":0,"gold_gain":0,"player_choice":"Box","damage_taken":0,"relics_obtained":["Snake Skull"],"max_hp_gain":0,"max_hp_loss":0,"event_name":"Big Fish","floor":2,"gold_loss":0,"cards_obtained":["Regret"]},{"damage_healed":0,"gold_gain":0,"player_choice":"Entered Light","damage_taken":14,"max_hp_gain":0,"max_hp_loss":0,"event_name":"Shining Light","floor":3,"gold_loss":0,"cards_upgraded":["Mind Blast","Defend_G"]},{"damage_healed":0,"gold_gain":0,"player_choice":"Forge","damage_taken":0,"max_hp_gain":0,"max_hp_loss":0,"event_name":"Accursed Blacksmith","floor":19,"gold_loss":0,"cards_upgraded":["Bullet Time"]}],"is_beta":false,"boss_relics":[{"not_picked":["Ectoplasm","Pandora\u0027s Box"],"picked":"Ring of the Serpent"}],"items_purged_floors":[],"is_endless":false,"potions_floor_spawned":[1,7,11,13,20],"killed_by":"Shelled Parasite and Fungi","ascension_level":2}