{"gold_per_floor":[113,288,288,300,314,349,369,369,393,428,428,150,150,100,100,226,226,247,247,162,87,111,154,179,179,252,252],"floor_reached":27,"playtime":6877,"items_purged":["Doubt"],"score":251,"play_id":"1911c42e-b963-4015-9d52-436d8d080a2d","local_time":"20190613164031","is_ascension_mode":true,"campfire_choices":[{"data":"After Image","floor":8,"key":"SMITH"},{"floor":11,"key":"REST"},{"floor":15,"key":"REST"},{"floor":25,"key":"REST"}],"neow_cost":"NONE","seed_source_timestamp":92799534686945,"circlet_count":0,"master_deck":["Defend_G","Defend_G","Defend_G","Defend_G","Defend_G","Strike_G","Strike_G","Strike_G","Strike_G","Survivor","Neutralize","Deadly Poison","Quick Slash","PiercingWail","After Image+1","Backflip","Sucker Punch","Footwork","Bandage Up","Footwork","Backflip","Dodge and Roll","Glass Knife","Endless Agony","Bouncing Flask","Leg Sweep","Dodge and Roll+1","Acrobatics","Footwork"],"relics":["Ring of the Snake","NeowsBlessing","Strawberry","Dream Catcher","Ancient Tea Set","Orichalcum","Golden Idol","Black Star","MutagenicStrength","Oddly Smooth Stone","Molten Egg 2","Juzu Bracelet","Frozen Egg 2"],"potions_floor_usage":[6,6,27],"damage_taken":[{"damage":0,"enemies":"2 Louse","floor":1,"turns":1},{"damage":0,"enemies":"Cultist","floor":4,"turns":1},{"damage":0,"enemies":"Small Slimes","floor":5,"turns":1},{"damage":21,"enemies":"Gremlin Nob","floor":6,"turns":4},{"damage":3,"enemies":"2 Fungi Beasts","floor":7,"turns":5},{"damage":6,"enemies":"3 Sentries","floor":10,"turns":13},{"damage":59,"enemies":"Slime Boss","floor":16,"turns":31},{"damage":11,"enemies":"Spheric Guardian","floor":18,"turns":8},{"damage":1,"enemies":"3 Byrds","floor":22,"turns":9},{"damage":58,"enemies":"Slavers","floor":23,"turns":15},{"damage":11,"enemies":"Snake Plant","floor":24,"turns":7},{"damage":59,"enemies":"Gremlin Leader","floor":27,"turns":13}],"seed_played":"-8364868001859505696","potions_obtained":[{"floor":1,"key":"GamblersBrew"},{"floor":4,"key":"SkillPotion"},{"floor":23,"key":"Explosive Potion"}],"is_trial":false,"path_per_floor":["M","?","?","M","M","E","M","R","T","E","R","$","?","?","R","B",null,"M","?","?","$","M","E","M","R","T","E"],"character_chosen":"THE_SILENT","items_purchased":["Bandage Up","Footwork","Backflip","Bouncing Flask"],"campfire_rested":3,"item_purchase_floors":[12,12,12,21],"current_hp_per_floor":[70,70,77,77,77,56,53,53,53,47,70,70,51,51,74,18,77,70,70,70,70,73,19,12,35,35,0],"gold":252,"neow_bonus":"THREE_ENEMY_KILL","is_prod":false,"is_daily":false,"chose_seed":false,"campfire_upgraded":1,"win_rate":0,"timestamp":1560469231,"path_taken":["M","?","?","?","M","E","M","R","T","E","R","$","?","?","R","BOSS","M","?","?","?","M","E","M","R","T","E"],"build_version":"2019-01-23","purchased_purges":1,"victory":false,"max_hp_per_floor":[70,70,77,77,77,77,77,77,77,77,77,77,77,77,77,77,77,77,77,77,77,77,77,77,77,77,77],"card_choices":[{"not_picked":["Escape Plan","Choke"],"picked":"Deadly Poison","floor":1},{"not_picked":["Outmaneuver","Prepared"],"picked":"Quick Slash","floor":4},{"not_picked":["Expertise","Quick Slash"],"picked":"PiercingWail","floor":5},{"not_picked":["Concentrate","Expertise"],"picked":"After Image","floor":6},{"not_picked":["Deflect","Dodge and Roll"],"picked":"Backflip","floor":7},{"not_picked":["Concentrate","Accuracy"],"picked":"Sucker Punch","floor":10},{"not_picked":["Crippling Poison","Deflect"],"picked":"Footwork","floor":11},{"not_picked":["Distraction","Bane"],"picked":"Dodge and Roll","floor":15},{"not_picked":["After Image","Die Die Die"],"picked":"Glass Knife","floor":16},{"not_picked":["Heel Hook","Outmaneuver"],"picked":"Endless Agony","floor":18},{"not_picked":["Calculated Gamble+1","Deflect"],"picked":"Leg Sweep","floor":22},{"not_picked":["Bane","Underhanded Strike"],"picked":"Dodge and Roll+1","floor":23},{"not_picked":["Dodge and Roll+1","Skewer+1"],"picked":"Acrobatics","floor":24},{"not_picked":["Acrobatics","Deadly Poison"],"picked":"Footwork","floor":25}],"player_experience":218727,"relics_obtained":[{"floor":3,"key":"Strawberry"},{"floor":6,"key":"Dream Catcher"},{"floor":9,"key":"Ancient Tea Set"},{"floor":10,"key":"Orichalcum"},{"floor":23,"key":"Molten Egg 2"},{"floor":23,"key":"Juzu Bracelet"},{"floor":26,"key":"Frozen Egg 2"}],"event_choices":[{"damage_healed":0,"gold_gain":175,"player_choice":"AGREE","damage_taken":0,"max_hp_gain":0,"max_hp_loss":0,"event_name":"Liars Game","floor":2,"gold_loss":0,"cards_obtained":["Doubt"]},{"damage_healed":0,"gold_gain":0,"player_choice":"Relic","damage_taken":0,"max_hp_gain":0,"max_hp_loss":0,"event_name":"Wheel of Change","floor":3,"gold_loss":0},{"damage_healed":0,"gold_gain":0,"player_choice":"Take Damage","damage_taken":19,"relics_obtained":["Golden Idol"],"max_hp_gain":0,"max_hp_loss":0,"event_name":"Golden Idol","floor":13,"gold_loss":0},{"cards_removed":["Strike_G"],"damage_healed":0,"gold_gain":0,"player_choice":"Card Removal","damage_taken":0,"max_hp_gain":0,"max_hp_loss":0,"event_name":"The Cleric","floor":14,"gold_loss":50},{"damage_healed":0,"gold_gain":0,"player_choice":"Inject Mutagens","damage_taken":0,"relics_obtained":["MutagenicStrength"],"max_hp_gain":0,"max_hp_loss":0,"event_name":"Drug Dealer","floor":19,"gold_loss":0},{"damage_healed":0,"gold_gain":0,"player_choice":"Obtained Relic","damage_taken":0,"relics_obtained":["Oddly Smooth Stone"],"max_hp_gain":0,"max_hp_loss":0,"event_name":"Addict","floor":20,"gold_loss":85}],"is_beta":false,"boss_relics":[{"not_picked":["Runic Dome","WristBlade"],"picked":"Black Star"}],"items_purged_floors":[12],"is_endless":false,"potions_floor_spawned":[1,4,23],"killed_by":"Gremlin Leader","ascension_level":1}