{"gold_per_floor":[119,137,62,62,72,90,90,121,146,156,173,173,27,44,44,142,142,162,179,28,28,28],"floor_reached":22,"playtime":584,"items_purged":["Strike_R","Strike_R"],"score":235,"play_id":"cddf33f2-e0fd-42e3-b596-5c109949f4c9","local_time":"20180817223856","is_ascension_mode":true,"campfire_choices":[{"floor":7,"key":"REST"},{"data":"Heavy Blade","floor":12,"key":"SMITH"},{"floor":15,"key":"REST"}],"neow_cost":"PERCENT_DAMAGE","seed_source_timestamp":129049750168356,"circlet_count":0,"master_deck":["Strike_R","Strike_R","Strike_R","Defend_R","Defend_R","Bash","Thunderclap","Inflame","Heavy Blade+1","Clash","Flex","Exhume","Flex+1","Sword Boomerang"],"relics":["Burning Blood","Art of War","Omamori","Runic Dome","Orichalcum"],"potions_floor_usage":[10,16,16],"damage_taken":[{"damage":16,"enemies":"2 Louse","floor":1,"turns":3},{"damage":0,"enemies":"Small Slimes","floor":2,"turns":3},{"damage":6,"enemies":"Cultist","floor":5,"turns":4},{"damage":12,"enemies":"2 Fungi Beasts","floor":6,"turns":4},{"damage":32,"enemies":"Gremlin Nob","floor":8,"turns":4},{"damage":4,"enemies":"3 Louse","floor":10,"turns":3},{"damage":18,"enemies":"Gremlin Gang","floor":11,"turns":4},{"damage":11,"enemies":"Looter","floor":14,"turns":2},{"damage":38,"enemies":"Hexaghost","floor":16,"turns":6},{"damage":23,"enemies":"Spheric Guardian","floor":18,"turns":4},{"damage":46,"enemies":"3 Byrds","floor":19,"turns":4},{"damage":37,"enemies":"Snake Plant","floor":22,"turns":2}],"seed_played":"3278211195684832481","potions_obtained":[{"floor":2,"key":"Fire Potion"},{"floor":8,"key":"SkillPotion"},{"floor":10,"key":"GamblersBrew"},{"floor":14,"key":"SkillPotion"}],"is_trial":false,"path_per_floor":["M","M","$","?","M","M","R","E","T","M","M","R","$","M","R","B",null,"M","M","$","?"],"character_chosen":"IRONCLAD","items_purchased":["Flex","Orichalcum"],"campfire_rested":2,"item_purchase_floors":[13,20],"current_hp_per_floor":[46,52,52,52,52,46,70,44,44,46,34,34,34,29,53,21,65,48,8,8,34,0],"gold":28,"neow_bonus":"REMOVE_TWO","is_prod":false,"is_daily":false,"chose_seed":false,"campfire_upgraded":1,"win_rate":0,"timestamp":1534570736,"path_taken":["M","M","$","?","M","M","R","E","T","M","M","R","$","M","R","BOSS","M","M","?","?","M"],"build_version":"2018-08-16","purchased_purges":2,"victory":false,"max_hp_per_floor":[80,80,80,80,80,80,80,80,80,80,80,80,80,80,80,80,80,80,80,80,80,80],"card_choices":[{"not_picked":["Clothesline","Perfected Strike"],"picked":"Thunderclap","floor":1},{"not_picked":["Body Slam","Sever Soul","Perfected Strike"],"picked":"SKIP","floor":2},{"not_picked":["Body Slam","Armaments","Havoc"],"picked":"SKIP","floor":5},{"not_picked":["Burning Pact","Disarm"],"picked":"Inflame","floor":6},{"not_picked":["Whirlwind","Spot Weakness"],"picked":"Heavy Blade","floor":8},{"not_picked":["Disarm","Cleave","Combust"],"picked":"SKIP","floor":10},{"not_picked":["Pommel Strike","Cleave"],"picked":"Clash","floor":11},{"not_picked":["Cleave","Blood for Blood","Heavy Blade"],"picked":"SKIP","floor":14},{"not_picked":["Reaper","Brutality"],"picked":"Exhume","floor":16},{"not_picked":["Feel No Pain","Blood for Blood+1"],"picked":"Flex+1","floor":18},{"not_picked":["Thunderclap","Combust"],"picked":"Sword Boomerang","floor":19}],"player_experience":144743,"relics_obtained":[{"floor":8,"key":"Art of War"},{"floor":9,"key":"Omamori"}],"event_choices":[{"event_name":"Liars Game","player_choice":"disagreed","floor":4,"damage_taken":0},{"event_name":"The Library","player_choice":"Heal","floor":21,"damage_taken":0}],"is_beta":false,"boss_relics":[{"not_picked":["Coffee Dripper","Empty Cage"],"picked":"Runic Dome"}],"items_purged_floors":[3,13],"is_endless":false,"potions_floor_spawned":[2,8,10,14],"killed_by":"Snake Plant","ascension_level":5}