{"gold_per_floor":[215,61,75,94,108,108,125,125,125,49,64,91,103,115,127,238,300,332,344,372,11,23,23,23],"floor_reached":24,"playtime":1280,"items_purged":["Strike_R"],"score":248,"play_id":"f113d7c9-fedb-4dc6-a33b-96bf6433b216","local_time":"20181030112546","is_ascension_mode":true,"campfire_choices":[{"data":"Flame Barrier","floor":6,"key":"SMITH"},{"data":"Body Slam","floor":8,"key":"SMITH"},{"data":"Ghostly Armor","floor":13,"key":"SMITH"},{"data":"Disarm","floor":15,"key":"SMITH"},{"floor":23,"key":"REST"}],"neow_cost":"NONE","seed_source_timestamp":222471816465507,"circlet_count":0,"master_deck":["Strike_R","Strike_R","Strike_R","Strike_R+1","Defend_R","Defend_R","Defend_R","Defend_R","Bash","Pommel Strike","Flame Barrier+1","Disarm+1","Body Slam+1","Headbutt","Ghostly Armor+1","Shrug It Off","RitualDagger"],"relics":["Burning Blood","Dodecahedron","MawBank","Tiny House","Gambling Chip"],"potions_floor_usage":[12,12,18],"damage_taken":[{"damage":6,"enemies":"Cultist","floor":1,"turns":3},{"damage":0,"enemies":"Small Slimes","floor":3,"turns":5},{"damage":14,"enemies":"Jaw Worm","floor":4,"turns":5},{"damage":0,"enemies":"Blue Slaver","floor":5,"turns":6},{"damage":14,"enemies":"3 Louse","floor":7,"turns":3},{"damage":5,"enemies":"Exordium Wildlife","floor":11,"turns":5},{"damage":8,"enemies":"Gremlin Nob","floor":12,"turns":5},{"damage":25,"enemies":"The Guardian","floor":16,"turns":19},{"damage":34,"enemies":"Spheric Guardian","floor":18,"turns":6},{"damage":11,"enemies":"Chosen","floor":20,"turns":6},{"damage":17,"enemies":"Shelled Parasite and Fungi","floor":22,"turns":10},{"damage":65,"enemies":"Slavers","floor":24,"turns":4}],"seed_played":"8911295132239058276","potions_obtained":[{"floor":4,"key":"FearPotion"},{"floor":5,"key":"PowerPotion"},{"floor":7,"key":"LiquidBronze"},{"floor":17,"key":"Fruit Juice"},{"floor":22,"key":"EntropicBrew"}],"is_trial":false,"path_per_floor":["M","$","M","M","M","R","M","R","T","$","M","E","R","$","R","B",null,"M","?","M","$","M","R"],"character_chosen":"IRONCLAD","items_purchased":["Flame Barrier","Disarm","Ghostly Armor","Gambling Chip"],"campfire_rested":1,"item_purchase_floors":[2,2,10,21],"current_hp_per_floor":[80,80,80,72,78,78,70,70,70,70,71,69,69,69,69,50,78,55,49,44,44,33,60,0],"gold":23,"neow_bonus":"HUNDRED_GOLD","is_prod":false,"is_daily":false,"chose_seed":false,"campfire_upgraded":4,"win_rate":0,"timestamp":1540895146,"path_taken":["M","$","M","M","M","R","M","R","T","?","M","E","R","?","R","BOSS","M","?","M","$","M","R","E"],"build_version":"2018-10-25v2","purchased_purges":1,"victory":false,"max_hp_per_floor":[80,80,80,80,80,80,80,80,80,80,80,80,80,80,80,80,85,90,90,90,90,90,90,90],"card_choices":[{"not_picked":["Thunderclap","Havoc"],"picked":"Pommel Strike","floor":1},{"not_picked":["Wild Strike","Power Through"],"picked":"Body Slam","floor":3},{"not_picked":["Cleave","Perfected Strike"],"picked":"Headbutt","floor":4},{"not_picked":["Cleave","Sword Boomerang","Headbutt"],"picked":"SKIP","floor":5},{"not_picked":["Rupture","Fiend Fire","Perfected Strike"],"picked":"SKIP","floor":7},{"not_picked":["Heavy Blade","Anger"],"picked":"Shrug It Off","floor":11},{"not_picked":["Havoc","Warcry","Heavy Blade"],"picked":"SKIP","floor":12},{"not_picked":["Anger","Rage","Blood for Blood"],"picked":"SKIP","floor":18},{"not_picked":["Twin Strike","Pommel Strike","Infernal Blade+1"],"picked":"SKIP","floor":20},{"not_picked":["Thunderclap","Sentinel","Clothesline"],"picked":"SKIP","floor":22}],"player_experience":146322,"relics_obtained":[{"floor":9,"key":"Dodecahedron"},{"floor":12,"key":"MawBank"}],"event_choices":[{"damage_healed":0,"gold_gain":0,"player_choice":"Joined the Cult","damage_taken":6,"max_hp_gain":0,"max_hp_loss":0,"event_name":"Nest","floor":19,"gold_loss":0,"cards_obtained":["RitualDagger"]}],"is_beta":false,"boss_relics":[{"not_picked":["Astrolabe","White Beast Statue"],"picked":"Tiny House"}],"items_purged_floors":[21],"is_endless":false,"potions_floor_spawned":[4,5,7,22],"killed_by":"Slavers","ascension_level":5}