{"gold_per_floor":[116,116,116,135,135,168,181,201,253,86,103,103,134,146,146,146],"floor_reached":16,"playtime":1034,"items_purged":[],"score":149,"play_id":"04193e18-3b50-496f-a295-ef9ef434540d","local_time":"20190705202915","is_ascension_mode":true,"campfire_choices":[{"data":"Tactician","floor":12,"key":"SMITH"},{"floor":15,"key":"REST"}],"neow_cost":"NONE","seed_source_timestamp":98476717035605,"circlet_count":0,"master_deck":["Strike_G","Strike_G","Strike_G+1","Strike_G","Strike_G","Defend_G","Defend_G","Defend_G","Defend_G+1","Defend_G","Survivor","Neutralize","Cloak And Dagger","Dagger Throw","Expertise","Cloak And Dagger","Tactician+1","Accuracy","Bandage Up","Reflex","Bullet Time","Sucker Punch"],"relics":["Ring of the Snake","NeowsBlessing","Omamori","Shuriken","Odd Mushroom","Art of War","Anchor"],"potions_floor_usage":[8,11,16],"damage_taken":[{"damage":0,"enemies":"Jaw Worm","floor":1,"turns":1},{"damage":0,"enemies":"Small Slimes","floor":4,"turns":1},{"damage":0,"enemies":"3 Sentries","floor":6,"turns":1},{"damage":0,"enemies":"Cultist","floor":7,"turns":3},{"damage":15,"enemies":"The Mushroom Lair","floor":8,"turns":5},{"damage":0,"enemies":"Large Slime","floor":11,"turns":4},{"damage":22,"enemies":"Lagavulin","floor":13,"turns":8},{"damage":5,"enemies":"Looter","floor":14,"turns":4},{"damage":38,"enemies":"The Guardian","floor":16,"turns":10}],"seed_played":"-3431509625339338780","potions_obtained":[{"floor":1,"key":"SkillPotion"},{"floor":6,"key":"EssenceOfSteel"},{"floor":8,"key":"Weak Potion"},{"floor":11,"key":"Ancient Potion"}],"is_trial":false,"path_per_floor":["M","?","?","M","$","E","M","?","T","$","M","R","E","M","R","B"],"character_chosen":"THE_SILENT","items_purchased":["Accuracy","Bandage Up"],"campfire_rested":1,"item_purchase_floors":[10,10],"current_hp_per_floor":[70,56,44,44,44,44,44,29,29,29,33,33,15,14,35,1],"gold":146,"neow_bonus":"THREE_ENEMY_KILL","is_prod":false,"is_daily":false,"chose_seed":false,"campfire_upgraded":1,"win_rate":0,"timestamp":1562383755,"path_taken":["M","?","?","M","$","E","M","?","T","$","M","R","E","M","R","BOSS"],"build_version":"2019-07-05","purchased_purges":0,"victory":false,"max_hp_per_floor":[70,70,70,70,70,70,70,70,70,70,70,70,70,70,70,70],"card_choices":[{"not_picked":["Endless Agony","Dagger Throw"],"picked":"Cloak And Dagger","floor":1},{"not_picked":["Bane","Deadly Poison"],"picked":"Dagger Throw","floor":4},{"not_picked":["Slice","Bane"],"picked":"Expertise","floor":6},{"not_picked":["Tactician","Eviscerate"],"picked":"Cloak And Dagger","floor":7},{"not_picked":["Backstab","Riddle With Holes"],"picked":"Tactician","floor":8},{"not_picked":["Deflect","Flying Knee"],"picked":"Reflex","floor":11},{"not_picked":["Bouncing Flask","Slice"],"picked":"Bullet Time","floor":13},{"not_picked":["Deflect","Concentrate"],"picked":"Sucker Punch","floor":14}],"player_experience":553546,"relics_obtained":[{"floor":6,"key":"Shuriken"},{"floor":8,"key":"Odd Mushroom"},{"floor":9,"key":"Art of War"},{"floor":13,"key":"Anchor"}],"event_choices":[{"damage_healed":0,"gold_gain":0,"player_choice":"Entered Light","damage_taken":14,"max_hp_gain":0,"max_hp_loss":0,"event_name":"Shining Light","floor":2,"gold_loss":0,"cards_upgraded":["Defend_G","Strike_G"]},{"damage_healed":0,"gold_gain":0,"player_choice":"Success","damage_taken":12,"relics_obtained":["Omamori"],"max_hp_gain":0,"max_hp_loss":0,"event_name":"Scrap Ooze","floor":3,"gold_loss":0},{"damage_healed":0,"gold_gain":0,"player_choice":"Fought Mushrooms","damage_taken":0,"max_hp_gain":0,"max_hp_loss":0,"event_name":"Mushrooms","floor":8,"gold_loss":0}],"is_beta":false,"boss_relics":[],"items_purged_floors":[],"is_endless":false,"potions_floor_spawned":[1,6,8,11],"killed_by":"The Guardian","ascension_level":2}