{"gold_per_floor":[115,115,190,63,80,80,113,113,113,13,24,43,43,71,71,168,168,188,188,188,188,188,223,242,262,333,362,362,396,396,427,427,527,527,540,557,568,253,264,290,290,213,213,213,240,240,250,250,250,250,250,250,27,59,59],"floor_reached":56,"playtime":4383,"items_purged":["Strike_G","Defend_G"],"score":1364,"play_id":"edd3f219-afca-426a-a478-897a43e4f227","local_time":"20190515113819","is_ascension_mode":false,"campfire_choices":[{"data":"Neutralize","floor":6,"key":"SMITH"},{"data":"Sucker Punch","floor":13,"key":"SMITH"},{"data":"Footwork","floor":15,"key":"SMITH"},{"data":"Blade Dance","floor":28,"key":"SMITH"},{"data":"Cloak And Dagger","floor":32,"key":"SMITH"},{"floor":44,"key":"RECALL"},{"data":"Noxious Fumes","floor":49,"key":"SMITH"},{"data":"Acrobatics","floor":52,"key":"SMITH"}],"neow_cost":"NONE","seed_source_timestamp":893840328847800,"circlet_count":0,"master_deck":["Defend_G+1","Defend_G+1","Defend_G+1","Defend_G+1","Survivor","Neutralize+1","Footwork","Sucker Punch+1","Slice","Footwork+1","Acrobatics+1","Deflect","Adrenaline","Flying Knee","Bite","Bite","Bite","Bite","Terror","Blade Dance+1","Quick Slash","Cloak And Dagger+1","Dagger Throw","Adrenaline","Dagger Throw+1","Blur+1","Cloak And Dagger+1","Noxious Fumes+1","Blur+1","Envenom","Blur+1","Accuracy","Accuracy+1"],"relics":["Ring of the Snake","NeowsBlessing","Kunai","Pear","Meat on the Bone","Ninja Scroll","Cursed Key","MutagenicStrength","Omamori","Paper Crane","Strawberry","Dream Catcher","WristBlade","Ornamental Fan","Pocketwatch","Regal Pillow","Blood Vial","Snake Skull","Bird Faced Urn"],"potions_floor_usage":[14,27,33,33,54,55,55,55,55],"damage_taken":[{"damage":0,"enemies":"2 Louse","floor":1,"turns":1},{"damage":0,"enemies":"Jaw Worm","floor":5,"turns":1},{"damage":0,"enemies":"Gremlin Nob","floor":7,"turns":1},{"damage":0,"enemies":"Small Slimes","floor":11,"turns":3},{"damage":0,"enemies":"Exordium Wildlife","floor":12,"turns":4},{"damage":9,"enemies":"Lagavulin","floor":14,"turns":12},{"damage":12,"enemies":"The Guardian","floor":16,"turns":20},{"damage":0,"enemies":"Chosen","floor":18,"turns":7},{"damage":2,"enemies":"Book of Stabbing","floor":23,"turns":7},{"damage":0,"enemies":"Shell Parasite","floor":24,"turns":4},{"damage":9,"enemies":"Sentry and Sphere","floor":25,"turns":6},{"damage":39,"enemies":"Gremlin Leader","floor":27,"turns":11},{"damage":0,"enemies":"Slavers","floor":29,"turns":5},{"damage":9,"enemies":"Book of Stabbing","floor":31,"turns":4},{"damage":36,"enemies":"Collector","floor":33,"turns":12},{"damage":0,"enemies":"3 Darklings","floor":35,"turns":4},{"damage":1,"enemies":"Orb Walker","floor":36,"turns":2},{"damage":9,"enemies":"Sphere and 2 Shapes","floor":37,"turns":4},{"damage":1,"enemies":"4 Shapes","floor":39,"turns":3},{"damage":0,"enemies":"Nemesis","floor":40,"turns":5},{"damage":0,"enemies":"Reptomancer","floor":45,"turns":7},{"damage":0,"enemies":"Transient","floor":47,"turns":5},{"damage":16,"enemies":"Donu and Deca","floor":50,"turns":11},{"damage":0,"enemies":"Shield and Spear","floor":54,"turns":10},{"damage":36,"enemies":"The Heart","floor":55,"turns":10}],"seed_played":"-7898553298110780802","potions_obtained":[{"floor":1,"key":"FearPotion"},{"floor":12,"key":"FairyPotion"},{"floor":14,"key":"EssenceOfSteel"},{"floor":16,"key":"Dexterity Potion"},{"floor":18,"key":"Explosive Potion"},{"floor":29,"key":"Poison Potion"},{"floor":40,"key":"AttackPotion"},{"floor":47,"key":"PowerPotion"},{"floor":48,"key":"EntropicBrew"}],"is_trial":false,"path_per_floor":["M","?","?","$","M","R","E","?","T","$","M","M","R","E","R","B",null,"M","?","?","?","?","E","M","M","T","E","R","E","?","E","R","B",null,"M","M","M","$","M","E","?","$","T","R","E","?","M","?","R","B",null,"R","$","E","B",null],"character_chosen":"THE_SILENT","items_purchased":["Sucker Punch","Ornamental Fan","Noxious Fumes","GhostInAJar","Snake Skull","Accuracy"],"campfire_rested":0,"item_purchase_floors":[4,38,38,42,53,53],"current_hp_per_floor":[70,75,64,64,64,64,64,62,62,62,62,62,62,53,53,53,85,85,85,85,85,59,59,59,59,59,36,36,55,55,58,58,50,66,66,65,63,63,65,66,66,66,66,66,66,66,66,66,66,58,66,66,66,66,45],"gold":59,"neow_bonus":"THREE_ENEMY_KILL","is_prod":false,"is_daily":false,"chose_seed":false,"campfire_upgraded":7,"win_rate":0,"timestamp":1557916699,"path_taken":["M","?","?","$","M","R","E","?","T","$","M","M","R","E","R","BOSS","M","?","?","?","?","E","M","?","T","E","R","E","?","E","R","BOSS","M","M","M","$","M","E","?","$","T","R","E","?","?","?","R","BOSS","R","$","E","BOSS"],"build_version":"2019-01-23","purchased_purges":2,"victory":true,"max_hp_per_floor":[70,75,75,75,75,75,75,85,85,85,85,85,85,85,85,85,85,85,85,85,85,59,59,59,59,59,59,59,66,66,66,66,66,66,66,66,66,66,66,66,66,66,66,66,66,66,66,66,66,66,66,66,66,66,66],"card_choices":[{"not_picked":["Blur","Cloak And Dagger"],"picked":"Footwork","floor":1},{"not_picked":["Outmaneuver","Flechettes"],"picked":"Slice","floor":5},{"not_picked":["PiercingWail","Prepared","Endless Agony"],"picked":"SKIP","floor":7},{"not_picked":["Prepared","Poisoned Stab"],"picked":"Footwork","floor":11},{"not_picked":["Distraction","Outmaneuver"],"picked":"Acrobatics","floor":12},{"not_picked":["Bane","Acrobatics"],"picked":"Deflect","floor":14},{"not_picked":["Grand Finale","Malaise"],"picked":"Adrenaline","floor":16},{"not_picked":["Bane","Footwork"],"picked":"Flying Knee","floor":18},{"not_picked":["Malaise","Skewer","Accuracy"],"picked":"SKIP","floor":23},{"not_picked":["Flying Knee+1","Expertise"],"picked":"Terror","floor":24},{"not_picked":["Terror","Backstab"],"picked":"Blade Dance","floor":25},{"not_picked":["Acrobatics","Deadly Poison"],"picked":"Quick Slash","floor":27},{"not_picked":["Acrobatics","Dagger Spray","Predator"],"picked":"SKIP","floor":29},{"not_picked":["Predator","Skewer"],"picked":"Dagger Throw","floor":31},{"not_picked":["Venomology","Doppelganger"],"picked":"Adrenaline","floor":33},{"not_picked":["Bane","Bouncing Flask+1"],"picked":"Dagger Throw+1","floor":35},{"not_picked":["Dodge and Roll","Cloak And Dagger+1"],"picked":"Blur+1","floor":36},{"not_picked":["Dagger Throw","Bouncing Flask"],"picked":"Cloak And Dagger+1","floor":37},{"not_picked":["Prepared+1","Blade Dance+1"],"picked":"Blur+1","floor":39},{"not_picked":["Well Laid Plans","Outmaneuver"],"picked":"Envenom","floor":40},{"not_picked":["Cloak And Dagger+1","Footwork"],"picked":"Blur+1","floor":45},{"not_picked":["Underhanded Strike","Acrobatics","Eviscerate"],"picked":"SKIP","floor":47},{"not_picked":["Flying Knee+1","Bane"],"picked":"Accuracy+1","floor":54}],"player_experience":1274652,"relics_obtained":[{"floor":7,"key":"Kunai"},{"floor":9,"key":"Meat on the Bone"},{"floor":14,"key":"Ninja Scroll"},{"floor":23,"key":"Omamori"},{"floor":27,"key":"Paper Crane"},{"floor":29,"key":"Strawberry"},{"floor":31,"key":"Dream Catcher"},{"floor":40,"key":"Pocketwatch"},{"floor":43,"key":"Regal Pillow"},{"floor":45,"key":"Blood Vial"},{"floor":54,"key":"Bird Faced Urn"}],"event_choices":[{"damage_healed":0,"gold_gain":0,"player_choice":"Donut","damage_taken":0,"max_hp_gain":5,"max_hp_loss":0,"event_name":"Big Fish","floor":2,"gold_loss":0},{"damage_healed":0,"gold_gain":75,"player_choice":"Gather Gold","damage_taken":11,"max_hp_gain":0,"max_hp_loss":0,"event_name":"World of Goop","floor":3,"gold_loss":0},{"damage_healed":0,"gold_gain":0,"player_choice":"Success","damage_taken":12,"relics_obtained":["Pear"],"max_hp_gain":0,"max_hp_loss":0,"event_name":"Scrap Ooze","floor":8,"gold_loss":0},{"damage_healed":0,"gold_gain":0,"player_choice":"Inject Mutagens","damage_taken":0,"relics_obtained":["MutagenicStrength"],"max_hp_gain":0,"max_hp_loss":0,"event_name":"Drug Dealer","floor":19,"gold_loss":0},{"damage_healed":0,"gold_gain":0,"player_choice":"Simplicity","damage_taken":0,"max_hp_gain":0,"max_hp_loss":0,"event_name":"Back to Basics","floor":20,"gold_loss":0,"cards_upgraded":["Defend_G","Defend_G","Defend_G","Defend_G","Strike_G","Strike_G","Strike_G","Strike_G"]},{"damage_healed":0,"gold_gain":0,"player_choice":"Ignored","damage_taken":0,"max_hp_gain":0,"max_hp_loss":0,"event_name":"Cursed Tome","floor":21,"gold_loss":0},{"damage_healed":0,"gold_gain":0,"player_choice":"Became a vampire","damage_taken":0,"max_hp_gain":0,"max_hp_loss":26,"event_name":"Vampires","floor":22,"gold_loss":0,"cards_obtained":["Bite","Bite","Bite","Bite","Bite"]},{"damage_healed":0,"gold_gain":0,"player_choice":"Read","damage_taken":0,"max_hp_gain":0,"max_hp_loss":0,"event_name":"The Library","floor":30,"gold_loss":0,"cards_obtained":["Cloak And Dagger"]},{"damage_healed":0,"gold_gain":0,"player_choice":"Ignored","damage_taken":0,"max_hp_gain":0,"max_hp_loss":0,"event_name":"Tomb of Lord Red Mask","floor":41,"gold_loss":0},{"cards_removed":["Bite"],"damage_healed":0,"gold_gain":0,"player_choice":"Purged","damage_taken":0,"max_hp_gain":0,"max_hp_loss":0,"event_name":"Purifier","floor":46,"gold_loss":0},{"damage_healed":0,"gold_gain":0,"player_choice":"Got Potions","damage_taken":0,"max_hp_gain":0,"max_hp_loss":0,"event_name":"Lab","floor":48,"gold_loss":0}],"is_beta":false,"boss_relics":[{"not_picked":["Busted Crown","Pandora\u0027s Box"],"picked":"Cursed Key"},{"not_picked":["Ring of the Serpent","Runic Dome"],"picked":"WristBlade"}],"items_purged_floors":[4,10],"is_endless":false,"potions_floor_spawned":[1,12,14,16,18,29,40,45,47],"ascension_level":0}