{"gold_per_floor":[20,20,38,56,56,56,56,88,88,88,12,87,101,26,26,124,124,142,142,153,53,69,69],"floor_reached":23,"playtime":630,"items_purged":["Strike_R","Strike_R"],"score":246,"play_id":"9c4a8d71-7dbd-439c-8ed4-d9fc78e51153","local_time":"20190704170606","is_ascension_mode":true,"campfire_choices":[{"data":"Pommel Strike","floor":6,"key":"SMITH"},{"floor":10,"key":"REST"},{"floor":15,"key":"REST"}],"neow_cost":"NO_GOLD","seed_source_timestamp":197673453011791,"circlet_count":0,"master_deck":["Strike_R","Strike_R","Strike_R","Defend_R","Defend_R","Defend_R","Defend_R","Bash","Limit Break+1","Pommel Strike+1","Seeing Red","Demon Form","Spot Weakness","Heavy Blade","Whirlwind+1"],"relics":["Black Blood","Mercury Hourglass","Shuriken","Bronze Scales"],"potions_floor_usage":[20,23,23],"damage_taken":[{"damage":8,"enemies":"Jaw Worm","floor":1,"turns":4},{"damage":3,"enemies":"Small Slimes","floor":3,"turns":5},{"damage":10,"enemies":"2 Louse","floor":4,"turns":3},{"damage":40,"enemies":"3 Sentries","floor":8,"turns":7},{"damage":9,"enemies":"Red Slaver","floor":13,"turns":3},{"damage":34,"enemies":"Hexaghost","floor":16,"turns":8},{"damage":35,"enemies":"Shell Parasite","floor":18,"turns":4},{"damage":23,"enemies":"Spheric Guardian","floor":20,"turns":3},{"damage":24,"enemies":"Snake Plant","floor":22,"turns":3},{"damage":19,"enemies":"Gremlin Leader","floor":23,"turns":4}],"seed_played":"4356237128013841255","potions_obtained":[{"floor":1,"key":"SteroidPotion"},{"floor":8,"key":"GamblersBrew"},{"floor":16,"key":"Poison Potion"},{"floor":20,"key":"Explosive Potion"}],"is_trial":false,"path_per_floor":["M","$","M","M","?","R","?","E","T","R","$","?","M","$","R","B",null,"M","?","M","$","M","E"],"character_chosen":"IRONCLAD","items_purchased":["Demon Form"],"campfire_rested":2,"item_purchase_floors":[11],"current_hp_per_floor":[70,70,73,69,69,69,57,23,23,47,47,36,33,33,57,29,67,42,42,29,29,15,0],"gold":69,"neow_bonus":"THREE_RARE_CARDS","is_prod":false,"is_daily":false,"chose_seed":false,"campfire_upgraded":1,"win_rate":0,"timestamp":1562252766,"path_taken":["M","$","M","M","?","R","?","E","T","R","?","?","M","$","R","BOSS","M","?","?","$","M","E"],"build_version":"2019-07-01","purchased_purges":2,"victory":false,"max_hp_per_floor":[80,80,80,80,80,80,80,80,80,80,80,80,80,80,80,80,80,80,80,80,80,80,80],"card_choices":[{"not_picked":["Offering","Immolate"],"picked":"Limit Break","floor":0},{"not_picked":["Corruption","Clash","Infernal Blade"],"picked":"SKIP","floor":1},{"not_picked":["Clothesline","Cleave","True Grit"],"picked":"SKIP","floor":3},{"not_picked":["Wild Strike","Twin Strike"],"picked":"Pommel Strike","floor":4},{"not_picked":["True Grit","Rampage"],"picked":"Seeing Red","floor":8},{"not_picked":["Intimidate","Evolve"],"picked":"Spot Weakness","floor":13},{"not_picked":["Fire Breathing","Shrug It Off"],"picked":"Heavy Blade","floor":18},{"not_picked":["Shrug It Off","Clothesline"],"picked":"Whirlwind+1","floor":20},{"not_picked":["Searing Blow+1","Twin Strike","Anger"],"picked":"SKIP","floor":22}],"player_experience":155501,"relics_obtained":[{"floor":8,"key":"Shuriken"},{"floor":9,"key":"Bronze Scales"}],"event_choices":[{"damage_healed":0,"gold_gain":0,"player_choice":"Grow","damage_taken":0,"max_hp_gain":0,"max_hp_loss":0,"event_name":"Living Wall","floor":5,"gold_loss":0,"cards_upgraded":["Limit Break"]},{"damage_healed":0,"gold_gain":0,"player_choice":"Success","damage_taken":12,"relics_obtained":["Mercury Hourglass"],"max_hp_gain":0,"max_hp_loss":0,"event_name":"Scrap Ooze","floor":7,"gold_loss":0},{"damage_healed":0,"gold_gain":75,"player_choice":"Gather Gold","damage_taken":11,"max_hp_gain":0,"max_hp_loss":0,"event_name":"World of Goop","floor":12,"gold_loss":0},{"damage_healed":0,"gold_gain":0,"player_choice":"0 cards matched","damage_taken":0,"max_hp_gain":0,"max_hp_loss":0,"event_name":"Match and Keep!","floor":19,"gold_loss":0,"cards_obtained":[]}],"is_beta":false,"boss_relics":[{"not_picked":["Runic Pyramid","Tiny House"],"picked":"Black Blood"}],"items_purged_floors":[14,21],"is_endless":false,"potions_floor_spawned":[1,8,16,20],"killed_by":"Gremlin Leader","ascension_level":6}