{"gold_per_floor":[115,129,179,198,209,234,234,234,234,51,51,62,62,96,96,172,172,189,200,250,269,14,14,14,40,40,40,71,71,83,93,93,93],"floor_reached":33,"playtime":1259,"items_purged":[],"score":590,"play_id":"a373b8c0-a672-400f-9101-537e6ccfefc4","local_time":"20190120203905","is_ascension_mode":true,"campfire_choices":[{"data":"Bash","floor":7,"key":"SMITH"},{"data":"Iron Wave","floor":11,"key":"SMITH"},{"data":"Pommel Strike","floor":15,"key":"SMITH"},{"floor":23,"key":"REST"},{"data":"Fiend Fire","floor":29,"key":"SMITH"},{"floor":32,"key":"REST"}],"neow_cost":"NONE","seed_source_timestamp":57497718736400,"circlet_count":0,"master_deck":["AscendersBane","Strike_R","Strike_R","Strike_R","Strike_R","Strike_R","Defend_R","Defend_R","Defend_R","Defend_R","Bash+1","Twin Strike","Cleave","Iron Wave+1","Fiend Fire+1","Pommel Strike+1","Impervious","Thunderclap+1","Seeing Red+1","Clash+1"],"relics":["Burning Blood","Blood Vial","The Courier","Lee\u0027s Waffle","Mercury Hourglass","Busted Crown","Anchor","Ancient Tea Set","Red Skull","Bottled Lightning","Art of War"],"potions_floor_usage":[6,14,16,19,25,25,33],"damage_taken":[{"damage":18,"enemies":"Small Slimes","floor":1,"turns":5},{"damage":1,"enemies":"Cultist","floor":2,"turns":3},{"damage":9,"enemies":"Jaw Worm","floor":4,"turns":4},{"damage":18,"enemies":"Exordium Thugs","floor":5,"turns":4},{"damage":27,"enemies":"Gremlin Nob","floor":6,"turns":4},{"damage":0,"enemies":"Large Slime","floor":12,"turns":4},{"damage":3,"enemies":"3 Sentries","floor":14,"turns":4},{"damage":60,"enemies":"Hexaghost","floor":16,"turns":6},{"damage":27,"enemies":"Shell Parasite","floor":18,"turns":4},{"damage":48,"enemies":"3 Byrds","floor":19,"turns":5},{"damage":12,"enemies":"Snake Plant","floor":21,"turns":4},{"damage":36,"enemies":"Gremlin Leader","floor":25,"turns":7},{"damage":21,"enemies":"Slavers","floor":28,"turns":4},{"damage":14,"enemies":"Shelled Parasite and Fungi","floor":30,"turns":3},{"damage":0,"enemies":"Centurion and Healer","floor":31,"turns":3},{"damage":93,"enemies":"Collector","floor":33,"turns":7}],"seed_played":"-24048178112767909","potions_obtained":[{"floor":2,"key":"Poison Potion"},{"floor":5,"key":"GamblersBrew"},{"floor":6,"key":"AttackPotion"},{"floor":14,"key":"PowerPotion"},{"floor":18,"key":"BloodPotion"},{"floor":21,"key":"Fire Potion"},{"floor":30,"key":"Weak Potion"}],"is_trial":false,"path_per_floor":["M","M","?","M","M","E","R","?","T","$","R","M","$","E","R","B",null,"M","M","?","M","$","R","?","E","T","$","E","R","M","M","R","B"],"character_chosen":"IRONCLAD","items_purchased":["Lee\u0027s Waffle","Anchor","Ancient Tea Set"],"campfire_rested":2,"item_purchase_floors":[10,22,22],"current_hp_per_floor":[63,68,68,65,53,32,32,32,32,89,89,89,89,89,89,35,76,57,25,25,21,21,47,89,59,59,59,46,46,40,48,74,0],"gold":93,"neow_bonus":"TEN_PERCENT_HP_BONUS","is_prod":false,"is_daily":false,"chose_seed":false,"campfire_upgraded":4,"win_rate":0,"timestamp":1548016745,"path_taken":["M","M","?","M","?","E","R","?","T","$","R","M","?","E","R","BOSS","M","?","?","M","?","R","?","E","T","$","E","R","M","M","R","BOSS"],"build_version":"2019-01-17v2","purchased_purges":0,"victory":false,"max_hp_per_floor":[82,82,82,82,82,82,82,82,82,89,89,89,89,89,89,89,89,89,89,89,89,89,89,89,89,89,89,89,89,89,89,89,89],"card_choices":[{"not_picked":["Warcry","True Grit"],"picked":"Twin Strike","floor":1},{"not_picked":["Rupture","Flex"],"picked":"Cleave","floor":2},{"not_picked":["Pummel","Armaments"],"picked":"Iron Wave","floor":4},{"not_picked":["Twin Strike","Body Slam","Anger"],"picked":"SKIP","floor":5},{"not_picked":["Sword Boomerang","Double Tap","Twin Strike"],"picked":"SKIP","floor":6},{"not_picked":["Burning Pact","Hemokinesis","Twin Strike"],"picked":"SKIP","floor":12},{"not_picked":["Armaments","Blood for Blood"],"picked":"Pommel Strike","floor":14},{"not_picked":["Dark Embrace","Fiend Fire"],"picked":"Impervious","floor":16},{"not_picked":["Perfected Strike"],"picked":"SKIP","floor":18},{"not_picked":["Perfected Strike"],"picked":"SKIP","floor":19},{"not_picked":["Cleave"],"picked":"SKIP","floor":21},{"not_picked":[],"picked":"Thunderclap+1","floor":25},{"not_picked":[],"picked":"Seeing Red+1","floor":28},{"not_picked":["Sword Boomerang"],"picked":"SKIP","floor":30},{"not_picked":[],"picked":"Clash+1","floor":31}],"player_experience":1209987,"relics_obtained":[{"floor":6,"key":"Blood Vial"},{"floor":9,"key":"The Courier"},{"floor":14,"key":"Mercury Hourglass"},{"floor":25,"key":"Red Skull"},{"floor":26,"key":"Bottled Lightning"},{"floor":28,"key":"Art of War"}],"event_choices":[{"damage_healed":0,"gold_gain":50,"player_choice":"Pray","damage_taken":0,"max_hp_gain":0,"max_hp_loss":0,"event_name":"Golden Shrine","floor":3,"gold_loss":0},{"damage_healed":0,"gold_gain":0,"player_choice":"1 cards matched","damage_taken":0,"max_hp_gain":0,"max_hp_loss":0,"event_name":"Match and Keep!","floor":8,"gold_loss":0,"cards_obtained":["Fiend Fire"]},{"damage_healed":0,"gold_gain":50,"player_choice":"Stole From Cult","damage_taken":0,"max_hp_gain":0,"max_hp_loss":0,"event_name":"Nest","floor":20,"gold_loss":0},{"damage_healed":42,"gold_gain":0,"player_choice":"Full Heal","damage_taken":0,"max_hp_gain":0,"max_hp_loss":0,"event_name":"Wheel of Change","floor":24,"gold_loss":0}],"is_beta":false,"boss_relics":[{"not_picked":["Velvet Choker","Runic Pyramid"],"picked":"Busted Crown"}],"items_purged_floors":[],"is_endless":false,"potions_floor_spawned":[2,5,6,14,18,21,30],"killed_by":"Collector","ascension_level":20}