{"gold_per_floor":[109,109,109,127,144,178,178,42,68,68,68,84,99,126,126,203,203,223,57,57,57,107,107,117,117,117,117,135,185,185,214,214,289,289,302,313,313,313,413,413],"floor_reached":40,"playtime":1725,"items_purged":[],"score":920,"play_id":"b62e02f1-c981-406f-b375-3d43c168e12b","local_time":"20190127221237","is_ascension_mode":true,"campfire_choices":[{"data":"Dualcast","floor":7,"key":"SMITH"},{"data":"Defragment","floor":10,"key":"SMITH"},{"floor":15,"key":"REST"},{"data":"Electrodynamics","floor":23,"key":"SMITH"},{"data":"Sweeping Beam","floor":25,"key":"SMITH"},{"data":"Coolheaded","floor":27,"key":"SMITH"},{"data":"Zap","floor":32,"key":"SMITH"}],"neow_cost":"PERCENT_DAMAGE","seed_source_timestamp":322167026018200,"circlet_count":0,"master_deck":["AscendersBane","Strike_B+1","Strike_B+1","Defend_B","Defend_B","Defend_B","Zap+1","Dualcast+1","Self Repair","Coolheaded+1","Leap","Steam","Defragment+1","Cold Snap+1","Sweeping Beam+1","All For One","Electrodynamics+1","Zap+1","Hologram","Thunder Strike","Leap+1","Rip and Tear+1","Leap+1","Capacitor","Doubt","Redo+1"],"relics":["Cracked Core","Thread and Needle","Lantern","Whetstone","Bird Faced Urn","Cursed Key","Omamori","Du-Vu Doll","Cables","Oddly Smooth Stone","Astrolabe","Question Card","Shovel"],"potions_floor_usage":[6,14,31,33,40],"damage_taken":[{"damage":0,"enemies":"Small Slimes","floor":1,"turns":3},{"damage":0,"enemies":"2 Louse","floor":4,"turns":2},{"damage":0,"enemies":"Cultist","floor":5,"turns":3},{"damage":23,"enemies":"Lagavulin","floor":6,"turns":8},{"damage":0,"enemies":"Red Slaver","floor":12,"turns":3},{"damage":6,"enemies":"Exordium Wildlife","floor":13,"turns":5},{"damage":7,"enemies":"3 Sentries","floor":14,"turns":4},{"damage":0,"enemies":"The Guardian","floor":16,"turns":12},{"damage":0,"enemies":"Chosen","floor":18,"turns":4},{"damage":0,"enemies":"Spheric Guardian","floor":24,"turns":5},{"damage":4,"enemies":"Centurion and Healer","floor":28,"turns":3},{"damage":15,"enemies":"Slavers","floor":31,"turns":2},{"damage":45,"enemies":"Collector","floor":33,"turns":9},{"damage":26,"enemies":"3 Darklings","floor":35,"turns":4},{"damage":8,"enemies":"Orb Walker","floor":36,"turns":4},{"damage":0,"enemies":"Mind Bloom Boss Battle","floor":39,"turns":4},{"damage":66,"enemies":"Giant Head","floor":40,"turns":7}],"seed_played":"-4865454724082811613","potions_obtained":[{"floor":1,"key":"Swift Potion"},{"floor":4,"key":"Explosive Potion"},{"floor":16,"key":"FocusPotion"},{"floor":24,"key":"Ancient Potion"},{"floor":35,"key":"Block Potion"},{"floor":39,"key":"FearPotion"}],"is_trial":false,"path_per_floor":["M","?","?","M","M","E","R","$","T","R","?","M","M","E","R","B",null,"M","$","T","?","?","R","M","R","T","R","M","?","?","E","R","B",null,"M","M","?","T","?","E"],"character_chosen":"DEFECT","items_purchased":["Defragment","Cold Snap","Omamori"],"campfire_rested":1,"item_purchase_floors":[8,8,19],"current_hp_per_floor":[46,46,46,46,53,37,37,37,37,37,37,44,38,38,59,70,71,71,71,71,71,71,71,71,71,71,71,69,69,69,67,67,35,62,49,52,52,52,56,0],"gold":413,"neow_bonus":"ONE_RARE_RELIC","is_prod":false,"is_daily":false,"chose_seed":false,"campfire_upgraded":6,"win_rate":0,"timestamp":1548627157,"path_taken":["M","?","?","M","?","E","R","?","T","R","?","M","M","E","R","BOSS","M","$","?","?","?","R","?","R","T","R","M","?","?","E","R","BOSS","M","M","?","?","?","E"],"build_version":"2019-01-23","purchased_purges":0,"victory":false,"max_hp_per_floor":[71,71,71,71,71,71,71,71,71,71,71,71,71,71,71,71,71,71,71,71,71,71,71,71,71,71,71,71,71,71,71,71,71,71,71,71,71,71,71,71],"card_choices":[{"not_picked":["Undo","Compile Driver"],"picked":"Self Repair","floor":1},{"not_picked":["Steam","Beam Cell"],"picked":"Coolheaded","floor":4},{"not_picked":["Turbo","Hello World"],"picked":"Leap","floor":5},{"not_picked":["Fusion","Hologram"],"picked":"Steam","floor":6},{"not_picked":["Compile Driver","Tempest","Redo"],"picked":"SKIP","floor":12},{"not_picked":["Turbo","Tempest"],"picked":"Sweeping Beam","floor":13},{"not_picked":["Steam","Gash"],"picked":"All For One","floor":14},{"not_picked":["All For One","Rainbow"],"picked":"Electrodynamics","floor":16},{"not_picked":["Streamline","Gash","Cold Snap"],"picked":"SKIP","floor":18},{"not_picked":["Sweeping Beam","Gash+1","Chaos"],"picked":"SKIP","floor":24},{"not_picked":["Coolheaded","Scrape","Cold Snap"],"picked":"SKIP","floor":28},{"not_picked":["Hello World","Reprogram"],"picked":"Hologram","floor":31},{"not_picked":["Seek","Amplify"],"picked":"Thunder Strike","floor":33},{"not_picked":["Hello World","Double Energy"],"picked":"Go for the Eyes","floor":35},{"not_picked":["Chaos","Skim"],"picked":"Capacitor","floor":36},{"not_picked":["Rip and Tear+1","Reprogram","Steam"],"picked":"Redo+1","floor":39}],"player_experience":1244527,"relics_obtained":[{"floor":6,"key":"Lantern"},{"floor":9,"key":"Whetstone"},{"floor":14,"key":"Bird Faced Urn"},{"floor":20,"key":"Du-Vu Doll"},{"floor":26,"key":"Cables"},{"floor":31,"key":"Oddly Smooth Stone"},{"floor":38,"key":"Question Card"},{"floor":39,"key":"Shovel"}],"event_choices":[{"damage_healed":0,"gold_gain":0,"player_choice":"Ignored","damage_taken":0,"max_hp_gain":0,"max_hp_loss":0,"event_name":"Golden Wing","floor":2,"gold_loss":0},{"damage_healed":0,"gold_gain":0,"player_choice":"Upgraded","damage_taken":0,"max_hp_gain":0,"max_hp_loss":0,"event_name":"Upgrade Shrine","floor":3,"gold_loss":0,"cards_upgraded":["Zap"]},{"damage_healed":0,"gold_gain":0,"player_choice":"Forge","damage_taken":0,"max_hp_gain":0,"max_hp_loss":0,"event_name":"Accursed Blacksmith","floor":11,"gold_loss":0,"cards_upgraded":["Cold Snap"]},{"damage_healed":0,"gold_gain":0,"player_choice":"Ignored","damage_taken":0,"max_hp_gain":0,"max_hp_loss":0,"event_name":"Cursed Tome","floor":21,"gold_loss":0},{"damage_healed":0,"gold_gain":100,"player_choice":"Bet on Murderer","damage_taken":0,"max_hp_gain":0,"max_hp_loss":0,"event_name":"The Joust","floor":22,"gold_loss":50},{"damage_healed":0,"gold_gain":50,"player_choice":"Stole From Cult","damage_taken":0,"max_hp_gain":0,"max_hp_loss":0,"event_name":"Nest","floor":29,"gold_loss":0},{"damage_healed":0,"gold_gain":0,"player_choice":"1 cards matched","damage_taken":0,"max_hp_gain":0,"max_hp_loss":0,"event_name":"Match and Keep!","floor":30,"gold_loss":0,"cards_obtained":["Zap"]},{"cards_removed":["Go for the Eyes"],"damage_healed":0,"gold_gain":0,"player_choice":"Removed Attack","damage_taken":0,"max_hp_gain":0,"max_hp_loss":0,"event_name":"Falling","floor":37,"gold_loss":0},{"damage_healed":0,"gold_gain":0,"player_choice":"Fight","damage_taken":0,"max_hp_gain":0,"max_hp_loss":0,"event_name":"MindBloom","floor":39,"gold_loss":0}],"is_beta":false,"boss_relics":[{"not_picked":["Fusion Hammer","Pandora\u0027s Box"],"picked":"Cursed Key"},{"not_picked":["White Beast Statue","Eternal Feather"],"picked":"Astrolabe"}],"items_purged_floors":[],"is_endless":false,"potions_floor_spawned":[1,4,16,24,28,35,39],"killed_by":"Giant Head","ascension_level":20}