{"gold_per_floor":[116,132,142,160,160,160,185,196,196,196,161,176,176,21,21,119,119,133,152,79,79,4,4,4,4,4,4,4,4,23,42,42,140,140,152,152,72,91,91,125,125,137,137,137,152,171,171,71,71,71],"floor_reached":51,"playtime":5056,"items_purged":["Strike_G","Strike_G"],"score":806,"play_id":"caac8ec4-ad08-458b-ace7-d33b0bc0a57d","local_time":"20190706231934","is_ascension_mode":true,"campfire_choices":[{"floor":6,"key":"RECALL"},{"floor":10,"key":"REST"},{"data":"Neutralize","floor":15,"key":"SMITH"},{"floor":23,"key":"REST"},{"data":"Blade Dance","floor":25,"key":"SMITH"},{"data":"Distraction","floor":27,"key":"SMITH"},{"floor":32,"key":"REST"},{"floor":41,"key":"REST"},{"floor":47,"key":"REST"},{"floor":49,"key":"REST"}],"neow_cost":"NONE","seed_source_timestamp":40637043739637,"circlet_count":0,"master_deck":["Defend_G","Defend_G","Defend_G","Survivor","Neutralize+1","Well Laid Plans","Backflip","Dash","Blade Dance+1","Infinite Blades+1","Adrenaline","PiercingWail","Infinite Blades+1","Accuracy+1","Distraction+1","Burst","Footwork+1","Finisher+1"],"relics":["Ring of the Snake","Snake Skull","Pear","Frozen Egg 2","Busted Crown","Lizard Tail","Bottled Lightning","Gremlin Horn"],"potions_floor_usage":[16,40,45,50],"damage_taken":[{"damage":0,"enemies":"Jaw Worm","floor":1,"turns":5},{"damage":0,"enemies":"2 Louse","floor":2,"turns":3},{"damage":0,"enemies":"Cultist","floor":3,"turns":6},{"damage":8,"enemies":"3 Louse","floor":4,"turns":3},{"damage":39,"enemies":"3 Sentries","floor":7,"turns":15},{"damage":7,"enemies":"Large Slime","floor":8,"turns":9},{"damage":0,"enemies":"2 Fungi Beasts","floor":12,"turns":4},{"damage":63,"enemies":"Slime Boss","floor":16,"turns":24},{"damage":1,"enemies":"Shell Parasite","floor":18,"turns":9},{"damage":20,"enemies":"Spheric Guardian","floor":19,"turns":6},{"damage":11,"enemies":"Cultist and Chosen","floor":30,"turns":5},{"damage":20,"enemies":"Sentry and Sphere","floor":31,"turns":5},{"damage":51,"enemies":"Automaton","floor":33,"turns":10},{"damage":15,"enemies":"3 Shapes","floor":35,"turns":4},{"damage":0,"enemies":"Orb Walker","floor":38,"turns":4},{"damage":25,"enemies":"Reptomancer","floor":40,"turns":6},{"damage":4,"enemies":"Spire Growth","floor":42,"turns":4},{"damage":13,"enemies":"Transient","floor":45,"turns":5},{"damage":11,"enemies":"3 Darklings","floor":46,"turns":4},{"damage":56,"enemies":"Donu and Deca","floor":50,"turns":10}],"seed_played":"5239958548985994113","potions_obtained":[{"floor":1,"key":"FairyPotion"},{"floor":2,"key":"Ancient Potion"},{"floor":8,"key":"Weak Potion"},{"floor":16,"key":"AttackPotion"},{"floor":30,"key":"Swift Potion"},{"floor":38,"key":"EssenceOfSteel"},{"floor":42,"key":"Fire Potion"},{"floor":45,"key":"FearPotion"}],"is_trial":false,"path_per_floor":["M","M","M","M","?","R","E","M","T","R","?","M","?","$","R","B",null,"M","M","$","?","?","R","?","R","T","R","?","$","M","M","R","B",null,"M","?","$","M","?","E","R","M","T","?","M","M","R","$","R","B",null],"character_chosen":"THE_SILENT","items_purchased":["Infinite Blades+1","Infinite Blades+1","Footwork+1"],"campfire_rested":6,"item_purchase_floors":[14,20,37],"current_hp_per_floor":[70,70,70,62,62,62,33,26,26,50,70,70,70,70,70,7,62,61,41,41,41,41,65,65,65,65,65,90,90,79,59,86,35,76,61,61,61,61,61,36,61,57,57,57,44,33,58,58,83,27],"gold":71,"neow_bonus":"RANDOM_COMMON_RELIC","is_prod":false,"is_daily":false,"chose_seed":false,"campfire_upgraded":3,"win_rate":0,"timestamp":1562426374,"path_taken":["M","M","M","M","?","R","E","M","T","R","?","M","?","$","R","BOSS","M","?","$","?","?","R","?","R","T","R","?","$","?","M","R","BOSS","M","?","$","M","?","E","R","M","T","?","M","M","R","$","R","BOSS"],"build_version":"2019-07-05","purchased_purges":2,"victory":true,"max_hp_per_floor":[70,70,70,70,70,70,80,80,80,80,80,80,80,80,80,80,80,80,80,80,80,80,80,80,80,80,80,90,90,90,90,90,90,90,90,90,90,90,85,85,85,85,85,85,85,85,85,85,85,85],"card_choices":[{"not_picked":["Caltrops","Distraction","Deflect"],"picked":"SKIP","floor":1},{"not_picked":["Reflex","Slice","Catalyst"],"picked":"SKIP","floor":2},{"not_picked":["Calculated Gamble","Reflex"],"picked":"Well Laid Plans","floor":3},{"not_picked":["Acrobatics","Flying Knee","Eviscerate"],"picked":"SKIP","floor":4},{"not_picked":["Underhanded Strike","Choke"],"picked":"Dash","floor":7},{"not_picked":["All Out Attack","Backflip"],"picked":"Blade Dance","floor":8},{"not_picked":["Calculated Gamble","All Out Attack","Sucker Punch"],"picked":"SKIP","floor":12},{"not_picked":["Night Terror","Tools of the Trade+1"],"picked":"Adrenaline","floor":16},{"not_picked":["Dagger Throw+1"],"picked":"SKIP","floor":18},{"not_picked":[],"picked":"PiercingWail","floor":19},{"not_picked":["Flying Knee"],"picked":"SKIP","floor":30},{"not_picked":["Dagger Throw"],"picked":"SKIP","floor":31},{"not_picked":[],"picked":"Burst","floor":33},{"not_picked":["Dagger Throw"],"picked":"SKIP","floor":35},{"not_picked":[],"picked":"Finisher+1","floor":38},{"not_picked":["Endless Agony+1"],"picked":"SKIP","floor":40},{"not_picked":["Tactician"],"picked":"SKIP","floor":42},{"not_picked":["Prepared"],"picked":"SKIP","floor":45},{"not_picked":["Acrobatics"],"picked":"SKIP","floor":46}],"player_experience":120158,"relics_obtained":[{"floor":7,"key":"Pear"},{"floor":9,"key":"Frozen Egg 2"},{"floor":40,"key":"Bottled Lightning"},{"floor":43,"key":"Gremlin Horn"}],"event_choices":[{"damage_healed":0,"gold_gain":0,"cards_transformed":["Strike_G"],"player_choice":"Change","damage_taken":0,"max_hp_gain":0,"max_hp_loss":0,"event_name":"Living Wall","floor":5,"gold_loss":0,"cards_obtained":["Backflip"]},{"damage_healed":20,"gold_gain":0,"player_choice":"Healed","damage_taken":0,"max_hp_gain":0,"max_hp_loss":0,"event_name":"The Cleric","floor":11,"gold_loss":35},{"damage_healed":0,"gold_gain":0,"cards_transformed":["Strike_G"],"player_choice":"Transformed","damage_taken":0,"max_hp_gain":0,"max_hp_loss":0,"event_name":"Transmorgrifier","floor":13,"gold_loss":0,"cards_obtained":["Doppelganger"]},{"damage_healed":0,"gold_gain":0,"player_choice":"Read","damage_taken":0,"max_hp_gain":0,"max_hp_loss":0,"event_name":"The Library","floor":21,"gold_loss":0,"cards_obtained":["Accuracy"]},{"cards_removed":["Defend_G"],"damage_healed":0,"gold_gain":0,"player_choice":"Gave Gold","damage_taken":0,"max_hp_gain":0,"max_hp_loss":0,"event_name":"Beggar","floor":22,"gold_loss":75},{"damage_healed":0,"gold_gain":0,"cards_transformed":["Defend_G","Strike_G"],"player_choice":"Became Test Subject","damage_taken":0,"max_hp_gain":0,"max_hp_loss":0,"event_name":"Drug Dealer","floor":24,"gold_loss":0,"cards_obtained":["Distraction","Well Laid Plans"]},{"cards_removed":["Doppelganger"],"damage_healed":15,"gold_gain":0,"player_choice":"Offered Rare","damage_taken":0,"max_hp_gain":10,"max_hp_loss":0,"event_name":"Bonfire Elementals","floor":28,"gold_loss":0},{"cards_removed":["Well Laid Plans"],"damage_healed":0,"gold_gain":0,"player_choice":"Removed Power","damage_taken":0,"max_hp_gain":0,"max_hp_loss":0,"event_name":"Falling","floor":36,"gold_loss":0},{"damage_healed":0,"gold_gain":0,"player_choice":"Max HP","damage_taken":0,"max_hp_gain":0,"max_hp_loss":5,"event_name":"Winding Halls","floor":39,"gold_loss":0},{"damage_healed":0,"gold_gain":0,"player_choice":"Bought 0 Potions","damage_taken":0,"max_hp_gain":0,"max_hp_loss":0,"event_name":"The Woman in Blue","floor":44,"gold_loss":0}],"is_beta":false,"boss_relics":[{"not_picked":["HoveringKite","Eternal Feather"],"picked":"Busted Crown"},{"not_picked":["Cursed Key","Coffee Dripper"],"picked":"Lizard Tail"}],"items_purged_floors":[14,48],"is_endless":false,"potions_floor_spawned":[1,2,8,16,19,30,38,42,45],"ascension_level":5}