{"gold_per_floor":[119,130,130,130,130,163,186,210,222,234,271,293,321,351,363,470,482,509,534,403,416,433,433,533,533,533,533,548,564,564,564,564,666,666,686,705,391,391,391,391,391,391,391,391,411,411,457,475,475,475],"floor_reached":51,"playtime":3685,"items_purged":["Ball Lightning"],"score":750,"play_id":"59f58003-da6d-49f4-bfa4-8b3483083e29","local_time":"20181221213430","is_ascension_mode":true,"campfire_choices":[{"floor":10,"key":"REST"},{"floor":15,"key":"REST"},{"floor":23,"key":"REST"},{"data":"Defragment","floor":25,"key":"SMITH"},{"data":"Capacitor","floor":27,"key":"SMITH"},{"data":"Defragment","floor":30,"key":"SMITH"},{"data":"RitualDagger","floor":32,"key":"SMITH"},{"floor":40,"key":"DIG"},{"floor":42,"key":"DIG"},{"floor":44,"key":"DIG"},{"data":"Hyperbeam","floor":46,"key":"PURGE"},{"floor":49,"key":"REST"}],"neow_cost":"NONE","seed_source_timestamp":191222613730702,"circlet_count":0,"master_deck":["Zap+1","Dualcast","Defragment+1","BootSequence","Conserve Battery","Conserve Battery","Hologram","Conserve Battery+1","Chill+1","Echo Form","Creative AI","Reprogram+1","Compile Driver","Capacitor+1","Turbo+1","Conserve Battery+1","Defragment+1","RitualDagger+1","Reboot+1","Machine Learning","Lockon","Heatsinks","Force Field+1","Steam Power+1","Echo Form","Genetic Algorithm+1","Coolheaded+1","Conserve Battery+1","Coolheaded+1","Coolheaded+1","Reinforced Body+1"],"relics":["Cracked Core","Bronze Scales","Pantograph","MawBank","Thread and Needle","Toxic Egg 2","Eternal Feather","Strawberry","Pandora\u0027s Box","Shovel","Peace Pipe","Potion Belt","Unceasing Top","Kunai","Du-Vu Doll"],"potions_floor_usage":[16,16,22,35],"damage_taken":[{"damage":7,"enemies":"Small Slimes","floor":1,"turns":3},{"damage":13,"enemies":"Jaw Worm","floor":2,"turns":4},{"damage":32,"enemies":"Gremlin Nob","floor":6,"turns":5},{"damage":0,"enemies":"Cultist","floor":7,"turns":4},{"damage":6,"enemies":"Blue Slaver","floor":8,"turns":3},{"damage":16,"enemies":"3 Sentries","floor":11,"turns":6},{"damage":4,"enemies":"Exordium Wildlife","floor":12,"turns":4},{"damage":0,"enemies":"2 Fungi Beasts","floor":13,"turns":3},{"damage":0,"enemies":"3 Louse","floor":14,"turns":3},{"damage":0,"enemies":"Hexaghost","floor":16,"turns":9},{"damage":19,"enemies":"Shell Parasite","floor":18,"turns":8},{"damage":15,"enemies":"Spheric Guardian","floor":19,"turns":5},{"damage":33,"enemies":"Snecko","floor":21,"turns":7},{"damage":8,"enemies":"Cultist and Chosen","floor":22,"turns":6},{"damage":10,"enemies":"Chosen and Byrds","floor":28,"turns":6},{"damage":0,"enemies":"Centurion and Healer","floor":29,"turns":10},{"damage":54,"enemies":"Automaton","floor":33,"turns":11},{"damage":32,"enemies":"3 Shapes","floor":35,"turns":4},{"damage":38,"enemies":"3 Darklings","floor":36,"turns":3},{"damage":12,"enemies":"Sphere and 2 Shapes","floor":45,"turns":8},{"damage":26,"enemies":"2 Orb Walkers","floor":47,"turns":9},{"damage":26,"enemies":"Writhing Mass","floor":48,"turns":7},{"damage":29,"enemies":"Donu and Deca","floor":50,"turns":13}],"seed_played":"9172753975487696012","potions_obtained":[{"floor":1,"key":"SneckoOil"},{"floor":6,"key":"Weak Potion"},{"floor":8,"key":"Explosive Potion"},{"floor":16,"key":"FocusPotion"},{"floor":18,"key":"Regen Potion"},{"floor":28,"key":"Strength Potion"},{"floor":47,"key":"GamblersBrew"},{"floor":48,"key":"SkillPotion"}],"is_trial":false,"path_per_floor":["M","M","?","?","T","E","M","M","T","R","E","M","M","M","R","B",null,"M","M","$","M","M","R","?","R","T","R","M","M","R","?","R","B",null,"M","M","$","?","?","R","?","R","T","R","M","R","?","M","R","B",null],"character_chosen":"DEFECT","items_purchased":["Capacitor","Shovel"],"campfire_rested":4,"item_purchase_floors":[20,37],"current_hp_per_floor":[75,62,59,43,43,11,11,5,5,29,13,9,9,9,33,58,82,63,48,48,15,7,43,43,55,62,74,64,64,79,73,88,35,89,57,19,19,19,78,78,78,78,78,78,66,78,52,26,67,49],"gold":475,"neow_bonus":"TEN_PERCENT_HP_BONUS","is_prod":false,"is_daily":false,"chose_seed":false,"campfire_upgraded":4,"win_rate":0,"timestamp":1545456870,"path_taken":["M","M","?","?","?","E","M","M","T","R","E","M","M","M","R","BOSS","M","M","$","M","M","R","?","R","T","R","?","M","R","?","R","BOSS","M","M","$","?","?","R","?","R","T","R","M","R","?","M","R","BOSS"],"build_version":"2018-12-20","purchased_purges":1,"victory":true,"max_hp_per_floor":[82,82,82,82,82,82,82,82,82,82,82,82,82,82,82,82,82,82,82,82,82,82,82,82,82,89,89,89,89,89,89,89,89,89,89,89,89,89,78,78,78,78,78,78,78,78,78,78,78,78],"card_choices":[{"not_picked":["Skim","Sweeping Beam"],"picked":"Defragment","floor":1},{"not_picked":["Cold Snap","Stack"],"picked":"BootSequence","floor":2},{"not_picked":["BootSequence","Hologram"],"picked":"Conserve Battery","floor":6},{"not_picked":["Barrage","Turbo"],"picked":"Conserve Battery","floor":7},{"not_picked":["Go for the Eyes","Stack"],"picked":"Hologram","floor":8},{"not_picked":["Hyperbeam","Gash"],"picked":"Ball Lightning","floor":11},{"not_picked":["Storm","Hologram+1"],"picked":"Conserve Battery+1","floor":12},{"not_picked":["Heatsinks","Barrage"],"picked":"Chill+1","floor":13},{"not_picked":["Steam+1","Gash"],"picked":"Echo Form","floor":14},{"not_picked":["Hyperbeam","Rainbow+1"],"picked":"Creative AI","floor":16},{"not_picked":["Cold Snap","Chaos+1"],"picked":"Reprogram+1","floor":18},{"not_picked":["Self Repair+1","Steam+1"],"picked":"Compile Driver","floor":19},{"not_picked":["Hologram+1","Streamline"],"picked":"Beam Cell","floor":21},{"not_picked":["Cold Snap","Skim+1"],"picked":"Turbo+1","floor":22},{"not_picked":["Leap+1","Ball Lightning"],"picked":"Conserve Battery+1","floor":28},{"not_picked":["Leap+1","Turbo+1"],"picked":"Defragment","floor":29},{"not_picked":["Biased Cognition","Echo Form"],"picked":"Reboot+1","floor":33},{"not_picked":["Cold Snap+1","Heatsinks+1"],"picked":"Coolheaded+1","floor":35},{"not_picked":["Streamline","Leap+1"],"picked":"Conserve Battery+1","floor":36},{"not_picked":["Barrage","Cold Snap"],"picked":"Coolheaded+1","floor":45},{"not_picked":["Go for the Eyes+1","Self Repair+1"],"picked":"Coolheaded+1","floor":47},{"not_picked":["Ball Lightning+1","Sweeping Beam"],"picked":"Reinforced Body+1","floor":48}],"player_experience":89188,"relics_obtained":[{"floor":5,"key":"Pantograph"},{"floor":6,"key":"MawBank"},{"floor":9,"key":"Thread and Needle"},{"floor":11,"key":"Toxic Egg 2"},{"floor":26,"key":"Strawberry"},{"floor":40,"key":"Peace Pipe"},{"floor":42,"key":"Potion Belt"},{"floor":43,"key":"Unceasing Top"},{"floor":44,"key":"Kunai"},{"floor":47,"key":"Du-Vu Doll"}],"event_choices":[{"damage_healed":0,"gold_gain":0,"player_choice":"Success","damage_taken":3,"relics_obtained":["Bronze Scales"],"max_hp_gain":0,"max_hp_loss":0,"event_name":"Scrap Ooze","floor":3,"gold_loss":0},{"damage_healed":0,"gold_gain":0,"player_choice":"Entered Light","damage_taken":16,"max_hp_gain":0,"max_hp_loss":0,"event_name":"Shining Light","floor":4,"gold_loss":0,"cards_upgraded":["Zap","Strike_B"]},{"damage_healed":0,"gold_gain":100,"player_choice":"Pray","damage_taken":0,"max_hp_gain":0,"max_hp_loss":0,"event_name":"Golden Shrine","floor":24,"gold_loss":0},{"damage_healed":0,"gold_gain":0,"player_choice":"Joined the Cult","damage_taken":6,"max_hp_gain":0,"max_hp_loss":0,"event_name":"Nest","floor":31,"gold_loss":0,"cards_obtained":["RitualDagger"]},{"damage_healed":0,"gold_gain":0,"player_choice":"Ignored","damage_taken":0,"max_hp_gain":0,"max_hp_loss":0,"event_name":"Tomb of Lord Red Mask","floor":38,"gold_loss":0},{"damage_healed":78,"gold_gain":0,"player_choice":"Heal","damage_taken":0,"max_hp_gain":0,"max_hp_loss":11,"event_name":"The Moai Head","floor":39,"gold_loss":0},{"cards_removed":["Beam Cell"],"damage_healed":0,"gold_gain":0,"player_choice":"Removed Attack","damage_taken":0,"max_hp_gain":0,"max_hp_loss":0,"event_name":"Falling","floor":41,"gold_loss":0},{"damage_healed":0,"gold_gain":0,"player_choice":"Fight","damage_taken":0,"max_hp_gain":0,"max_hp_loss":0,"event_name":"Mysterious Sphere","floor":47,"gold_loss":0}],"is_beta":false,"boss_relics":[{"not_picked":["Runic Pyramid","Orrery"],"picked":"Eternal Feather"},{"not_picked":["Velvet Choker","Astrolabe"],"picked":"Pandora\u0027s Box"}],"items_purged_floors":[20],"is_endless":false,"potions_floor_spawned":[1,6,8,11,16,18,28,47,48],"ascension_level":2}