{"path_per_floor":["M","$","M","?","M","R","E","R","T","R","M","E","M","M","R","B",null,"M","$","M","?","?"],"character_chosen":"DEFECT","items_purchased":["Thread and Needle"],"gold_per_floor":[109,34,44,44,61,61,121,121,148,148,164,197,213,232,232,327,357,369,72,86,86,86,86],"floor_reached":23,"campfire_rested":1,"playtime":1638,"item_purchase_floors":[19],"current_hp_per_floor":[82,82,72,72,68,68,57,57,57,57,45,42,36,32,56,1,87,85,85,65,65,65,0],"items_purged":["Strike_B"],"gold":86,"score":221,"play_id":"3f45437f-3082-4dc6-845b-1c4865d10236","local_time":"20180603222022","is_prod":false,"is_daily":false,"chose_seed":false,"is_ascension_mode":true,"campfire_upgraded":3,"win_rate":0,"timestamp":1528060822,"campfire_choices":[{"data":"Dualcast","floor":6,"key":"SMITH"},{"data":"Redo","floor":8,"key":"SMITH"},{"data":"FTL","floor":10,"key":"SMITH"},{"floor":15,"key":"REST"}],"path_taken":["M","?","M","?","M","R","E","R","T","R","M","E","M","M","R","BOSS","M","$","M","?","?","E"],"build_version":"2018-05-31","seed_source_timestamp":29197715533376,"purchased_purges":1,"victory":false,"master_deck":["Strike_B","Strike_B","Strike_B","Defend_B","Defend_B","Defend_B","Defend_B","Zap+1","Dualcast+1","Hologram","Rebound","FTL+1","Redo+1","Leap","Fission+1","Melter","Steam+1"],"max_hp_per_floor":[82,82,82,82,82,82,82,82,82,82,82,82,82,82,82,82,87,87,87,87,87,87,87],"relics":["Cracked Core","Tiny Chest","Juzu Bracelet","Boot","Tiny House","Thread and Needle"],"card_choices":[{"not_picked":["Beam Cell","Lockon"],"picked":"Hologram","floor":1},{"not_picked":["White Noise","Compile Driver"],"picked":"Rebound","floor":3},{"not_picked":["Skim","Streamline"],"picked":"FTL","floor":5},{"not_picked":["Hologram","Conserve Battery"],"picked":"Redo","floor":7},{"not_picked":["Consume","Barrage"],"picked":"Leap","floor":11},{"not_picked":["BootSequence","Ball Lightning","Leap"],"picked":"SKIP","floor":12},{"not_picked":["Heatsinks","Barrage","Beam Cell"],"picked":"SKIP","floor":13},{"not_picked":["Beam Cell","Rebound","Undo"],"picked":"SKIP","floor":14},{"not_picked":["All For One","Buffer"],"picked":"Fission","floor":16},{"not_picked":["Turbo","Fusion"],"picked":"Melter","floor":17},{"not_picked":["Genetic Algorithm","FTL"],"picked":"Steam+1","floor":18},{"not_picked":["Stack+1","Beam Cell","Compile Driver"],"picked":"SKIP","floor":20}],"player_experience":622740,"potions_floor_usage":[7,16,16,20,23],"damage_taken":[{"damage":0,"enemies":"Cultist","floor":1,"turns":4},{"damage":10,"enemies":"Jaw Worm","floor":3,"turns":4},{"damage":4,"enemies":"2 Louse","floor":5,"turns":2},{"damage":11,"enemies":"Lagavulin","floor":7,"turns":5},{"damage":12,"enemies":"Lots of Slimes","floor":11,"turns":3},{"damage":3,"enemies":"Gremlin Nob","floor":12,"turns":3},{"damage":6,"enemies":"Exordium Thugs","floor":13,"turns":2},{"damage":4,"enemies":"2 Fungi Beasts","floor":14,"turns":2},{"damage":55,"enemies":"The Guardian","floor":16,"turns":10},{"damage":2,"enemies":"Chosen","floor":18,"turns":4},{"damage":20,"enemies":"2 Thieves","floor":20,"turns":4},{"damage":68,"enemies":"Gremlin Leader","floor":23,"turns":10}],"relics_obtained":[{"floor":7,"key":"Tiny Chest"},{"floor":9,"key":"Juzu Bracelet"},{"floor":12,"key":"Boot"}],"event_choices":[{"event_name":"Upgrade Shrine","player_choice":"Upgraded","floor":4,"damage_taken":0},{"event_name":"The Woman in Blue","player_choice":"Bought 0 Potions","floor":21,"damage_taken":0},{"event_name":"Vampires","player_choice":"Ignored","floor":22,"damage_taken":0}],"boss_relics":[{"not_picked":["Calling Bell","Eternal Feather"],"picked":"Tiny House"}],"items_purged_floors":[2],"potions_floor_spawned":[3,12,14,16],"seed_played":"207117893680609985","killed_by":"Gremlin Leader","ascension_level":2,"potions_obtained":[{"floor":3,"key":"AttackPotion"},{"floor":12,"key":"Poison Potion"},{"floor":14,"key":"Explosive Potion"},{"floor":16,"key":"Dexterity Potion"},{"floor":17,"key":"Explosive Potion"}],"is_trial":false}