{"gold_per_floor":[110,110,110,110,75,101,101,133,180,180,199,214,249,249,249,249],"floor_reached":16,"playtime":398,"items_purged":[],"score":324,"play_id":"98463f11-328b-4cca-a0f6-247350cd71d8","local_time":"20190507190850","is_ascension_mode":true,"campfire_choices":[{"data":"Clothesline","floor":7,"key":"SMITH"},{"data":"Shrug It Off","floor":15,"key":"SMITH"}],"neow_cost":"NONE","seed_source_timestamp":2138134697986765,"circlet_count":0,"master_deck":["AscendersBane","Strike_R","Strike_R+1","Strike_R+1","Strike_R","Defend_R","Defend_R","Defend_R","Defend_R","Bash+1","Shrug It Off+1","Clothesline+1","Feed","Feel No Pain","Battle Trance"],"relics":["Burning Blood","NeowsBlessing","Omamori","Art of War","Potion Belt","Mummified Hand","Centennial Puzzle"],"potions_floor_usage":[16],"damage_taken":[{"damage":0,"enemies":"Small Slimes","floor":1,"turns":1},{"damage":0,"enemies":"Gremlin Nob","floor":6,"turns":1},{"damage":0,"enemies":"3 Sentries","floor":8,"turns":2},{"damage":2,"enemies":"2 Louse","floor":11,"turns":2},{"damage":0,"enemies":"Cultist","floor":12,"turns":2},{"damage":30,"enemies":"Lagavulin","floor":13,"turns":7},{"damage":49,"enemies":"Hexaghost","floor":16,"turns":9}],"seed_played":"4682293296115040846","potions_obtained":[{"floor":6,"key":"Regen Potion"},{"floor":13,"key":"Ancient Potion"}],"is_trial":false,"path_per_floor":["M","$","?","?","?","E","R","E","T","?","M","M","E","?","R","B"],"character_chosen":"IRONCLAD","items_purchased":[],"campfire_rested":0,"item_purchase_floors":[],"current_hp_per_floor":[74,74,74,51,69,75,75,75,75,40,47,56,32,32,32,0],"gold":249,"neow_bonus":"THREE_ENEMY_KILL","is_prod":false,"is_daily":false,"chose_seed":false,"campfire_upgraded":2,"win_rate":0,"timestamp":1557270530,"path_taken":["M","$","?","?","?","E","R","E","T","?","M","M","E","?","R","BOSS"],"build_version":"2019-01-23","purchased_purges":0,"victory":false,"max_hp_per_floor":[75,75,75,75,75,75,75,75,75,75,78,81,81,81,81,81],"card_choices":[{"not_picked":["Sword Boomerang","Iron Wave"],"picked":"Shrug It Off","floor":1},{"not_picked":["Second Wind","Havoc"],"picked":"Clothesline","floor":6},{"not_picked":["Inflame","Carnage"],"picked":"Feed","floor":8},{"not_picked":["Body Slam","Burning Pact"],"picked":"Feel No Pain","floor":11},{"not_picked":["Cleave","Seeing Red"],"picked":"Battle Trance","floor":12},{"not_picked":["Heavy Blade","Flex","Clash"],"picked":"SKIP","floor":13}],"player_experience":377108,"relics_obtained":[{"floor":6,"key":"Omamori"},{"floor":8,"key":"Art of War"},{"floor":9,"key":"Potion Belt"},{"floor":13,"key":"Centennial Puzzle"}],"event_choices":[{"damage_healed":0,"gold_gain":0,"player_choice":"Grow","damage_taken":0,"max_hp_gain":0,"max_hp_loss":0,"event_name":"Living Wall","floor":3,"gold_loss":0,"cards_upgraded":["Bash"]},{"damage_healed":0,"gold_gain":0,"player_choice":"Entered Light","damage_taken":23,"max_hp_gain":0,"max_hp_loss":0,"event_name":"Shining Light","floor":4,"gold_loss":0,"cards_upgraded":["Strike_R","Strike_R"]},{"damage_healed":18,"gold_gain":0,"player_choice":"Healed","damage_taken":0,"max_hp_gain":0,"max_hp_loss":0,"event_name":"The Cleric","floor":5,"gold_loss":35},{"damage_healed":0,"gold_gain":0,"player_choice":"Success","damage_taken":35,"relics_obtained":["Mummified Hand"],"max_hp_gain":0,"max_hp_loss":0,"event_name":"Scrap Ooze","floor":10,"gold_loss":0},{"cards_removed":["Strike_R"],"damage_healed":0,"gold_gain":0,"player_choice":"Purged","damage_taken":0,"max_hp_gain":0,"max_hp_loss":0,"event_name":"Purifier","floor":14,"gold_loss":0}],"is_beta":false,"boss_relics":[],"items_purged_floors":[],"is_endless":false,"potions_floor_spawned":[6,13],"killed_by":"Hexaghost","ascension_level":19}