{"gold_per_floor":[109,109,11,24,42,42,62,32,32,32,65,29,60,81,81,81],"floor_reached":16,"playtime":1558,"items_purged":["Strike_R"],"score":119,"play_id":"dd96084d-ccc1-48da-af69-7de971fa6f73","local_time":"20190701130903","is_ascension_mode":true,"campfire_choices":[{"data":"Armaments","floor":6,"key":"SMITH"},{"floor":15,"key":"REST"}],"neow_cost":"NONE","seed_source_timestamp":234997805424083,"circlet_count":0,"master_deck":["Strike_R","Strike_R","Defend_R","Defend_R","Defend_R","Defend_R","Bash","Shrug It Off","Armaments+1","Headbutt","Pommel Strike","True Grit","Body Slam","Whirlwind","Body Slam","Feed"],"relics":["Burning Blood","Peace Pipe","Magic Flower","Toxic Egg 2","Odd Mushroom"],"potions_floor_usage":[5,13],"damage_taken":[{"damage":3,"enemies":"Small Slimes","floor":1,"turns":4},{"damage":1,"enemies":"Cultist","floor":4,"turns":3},{"damage":2,"enemies":"Jaw Worm","floor":5,"turns":5},{"damage":0,"enemies":"Large Slime","floor":7,"turns":6},{"damage":0,"enemies":"Looter","floor":8,"turns":4},{"damage":34,"enemies":"Gremlin Nob","floor":11,"turns":5},{"damage":47,"enemies":"Lagavulin","floor":13,"turns":7},{"damage":16,"enemies":"The Mushroom Lair","floor":14,"turns":5},{"damage":73,"enemies":"Slime Boss","floor":16,"turns":8}],"seed_played":"7446294938768288069","potions_obtained":[{"floor":4,"key":"Regen Potion"},{"floor":5,"key":"Fruit Juice"},{"floor":14,"key":"SpeedPotion"}],"is_trial":false,"path_per_floor":["M","?","$","M","M","R","M","M","T","$","E","$","E","?","R","B"],"character_chosen":"IRONCLAD","items_purchased":["Headbutt","Whirlwind"],"campfire_rested":1,"item_purchase_floors":[3,12],"current_hp_per_floor":[80,80,80,80,85,85,85,85,85,85,57,57,41,34,59,0],"gold":81,"neow_bonus":"REMOVE_CARD","is_prod":false,"is_daily":false,"chose_seed":false,"campfire_upgraded":1,"win_rate":0,"timestamp":1561957743,"path_taken":["M","?","?","M","M","R","?","?","T","$","E","$","E","?","R","BOSS"],"build_version":"2019-01-23","purchased_purges":1,"victory":false,"max_hp_per_floor":[80,80,80,80,85,85,85,85,85,85,85,85,85,85,85,85],"card_choices":[{"not_picked":["Wild Strike","Pommel Strike"],"picked":"Shrug It Off","floor":1},{"not_picked":["Iron Wave","Clothesline","Wild Strike"],"picked":"SKIP","floor":4},{"not_picked":["Thunderclap","Evolve"],"picked":"Pommel Strike","floor":5},{"not_picked":["Fiend Fire","Anger"],"picked":"True Grit","floor":7},{"not_picked":["Clothesline","Sword Boomerang","Entrench"],"picked":"SKIP","floor":8},{"not_picked":["Rupture","Iron Wave"],"picked":"Body Slam","floor":11},{"not_picked":["Clothesline","Infernal Blade"],"picked":"Body Slam","floor":13},{"not_picked":["Clash","Anger"],"picked":"Feed","floor":14}],"player_experience":87799,"relics_obtained":[{"floor":9,"key":"Peace Pipe"},{"floor":11,"key":"Magic Flower"},{"floor":13,"key":"Toxic Egg 2"},{"floor":14,"key":"Odd Mushroom"}],"event_choices":[{"damage_healed":0,"gold_gain":0,"cards_transformed":["Strike_R"],"player_choice":"Transformed","damage_taken":0,"max_hp_gain":0,"max_hp_loss":0,"event_name":"Transmorgrifier","floor":2,"gold_loss":0,"cards_obtained":["Armaments"]},{"damage_healed":0,"gold_gain":0,"player_choice":"Fought Mushrooms","damage_taken":0,"max_hp_gain":0,"max_hp_loss":0,"event_name":"Mushrooms","floor":14,"gold_loss":0}],"is_beta":false,"boss_relics":[],"items_purged_floors":[3],"is_endless":false,"potions_floor_spawned":[4,5,14],"killed_by":"Slime Boss","ascension_level":2}