{"gold_per_floor":[117,97,116,136,151,182,182,213,213,213,213],"floor_reached":11,"playtime":402,"items_purged":[],"score":137,"play_id":"abc07929-aa06-4197-a822-57bd16e97660","local_time":"20190630210354","is_ascension_mode":true,"campfire_choices":[{"floor":7,"key":"REST"},{"floor":10,"key":"REST"}],"neow_cost":"NONE","seed_source_timestamp":635667964408098,"circlet_count":0,"master_deck":["AscendersBane","Strike_B","Strike_B","Strike_B","Defend_B","Defend_B","Defend_B","Defend_B","Zap","Dualcast","Coolheaded","Sweeping Beam","Compile Driver","Hyperbeam","Leap","Redo","Self Repair"],"relics":["Cracked Core","Lantern","Matryoshka","Omamori","Bottled Lightning"],"potions_floor_usage":[8,11],"damage_taken":[{"damage":5,"enemies":"Jaw Worm","floor":1,"turns":5},{"damage":0,"enemies":"Cultist","floor":3,"turns":4},{"damage":11,"enemies":"Small Slimes","floor":4,"turns":3},{"damage":6,"enemies":"Blue Slaver","floor":5,"turns":3},{"damage":19,"enemies":"Gremlin Nob","floor":6,"turns":4},{"damage":36,"enemies":"Lagavulin","floor":8,"turns":9},{"damage":47,"enemies":"Gremlin Nob","floor":11,"turns":4}],"seed_played":"-9009801651128527726","potions_obtained":[{"floor":1,"key":"Energy Potion"},{"floor":2,"key":"Weak Potion"}],"is_trial":false,"path_per_floor":["M","?","M","M","M","E","R","E","T","R","E"],"character_chosen":"DEFECT","items_purchased":[],"campfire_rested":2,"item_purchase_floors":[],"current_hp_per_floor":[63,63,63,52,46,27,49,13,13,35,0],"gold":213,"neow_bonus":"TRANSFORM_CARD","is_prod":false,"is_daily":false,"chose_seed":false,"campfire_upgraded":0,"win_rate":0,"timestamp":1561943034,"path_taken":["M","?","M","?","M","E","R","E","T","R","E"],"build_version":"2019-01-23","purchased_purges":0,"victory":false,"max_hp_per_floor":[75,75,75,75,75,75,75,75,75,75,75],"card_choices":[{"not_picked":["White Noise","Steam"],"picked":"Sweeping Beam","floor":1},{"not_picked":["Gash","Sweeping Beam"],"picked":"Compile Driver","floor":3},{"not_picked":["Rebound","Steam"],"picked":"Hyperbeam","floor":4},{"not_picked":["Recycle","Go for the Eyes"],"picked":"Leap","floor":5},{"not_picked":["Stack","Hello World"],"picked":"Redo","floor":6},{"not_picked":["Chill","Coolheaded"],"picked":"Self Repair","floor":8}],"player_experience":451697,"relics_obtained":[{"floor":6,"key":"Lantern"},{"floor":8,"key":"Matryoshka"},{"floor":9,"key":"Omamori"},{"floor":9,"key":"Bottled Lightning"}],"event_choices":[{"damage_healed":0,"gold_gain":0,"player_choice":"Bought 1 Potion","damage_taken":0,"max_hp_gain":0,"max_hp_loss":0,"event_name":"The Woman in Blue","floor":2,"gold_loss":0}],"is_beta":false,"boss_relics":[],"items_purged_floors":[],"is_endless":false,"potions_floor_spawned":[1,4],"killed_by":"Gremlin Nob","ascension_level":13}