{"gold_per_floor":[116,128,143,143,143,178,178,178,178,208,219,234,234,248,248,351,351,365,377,377],"floor_reached":20,"playtime":1566,"items_purged":[],"score":186,"play_id":"bde0fade-ba34-4d6c-8a0b-79884a45f8f0","local_time":"20190629194210","is_ascension_mode":false,"campfire_choices":[{"floor":8,"key":"REST"},{"floor":13,"key":"REST"},{"data":"Defragment","floor":15,"key":"SMITH"}],"neow_cost":"NONE","seed_source_timestamp":85775105947892,"circlet_count":0,"master_deck":["Strike_B","Strike_B","Strike_B","Defend_B","Defend_B","Defend_B","Defend_B","Zap","Dualcast","Buffer","Sweeping Beam","Defragment+1","Sweeping Beam","Compile Driver","Seek","Storm","Stack","Hello World","Biased Cognition","Steam","BootSequence+1"],"relics":["Cracked Core","Blood Vial","Torii","Kunai","Orichalcum","Philosopher\u0027s Stone"],"potions_floor_usage":[16,16,20,20],"damage_taken":[{"damage":0,"enemies":"Small Slimes","floor":1,"turns":4},{"damage":1,"enemies":"Jaw Worm","floor":2,"turns":3},{"damage":1,"enemies":"2 Louse","floor":3,"turns":4},{"damage":30,"enemies":"3 Sentries","floor":6,"turns":6},{"damage":30,"enemies":"Gremlin Nob","floor":10,"turns":4},{"damage":8,"enemies":"Blue Slaver","floor":11,"turns":3},{"damage":2,"enemies":"2 Fungi Beasts","floor":12,"turns":3},{"damage":1,"enemies":"Red Slaver","floor":14,"turns":4},{"damage":6,"enemies":"Hexaghost","floor":16,"turns":9},{"damage":40,"enemies":"2 Thieves","floor":18,"turns":4},{"damage":28,"enemies":"3 Byrds","floor":19,"turns":4},{"damage":11,"enemies":"Snecko","floor":20,"turns":5}],"seed_played":"-7656448089532354554","potions_obtained":[{"floor":1,"key":"Poison Potion"},{"floor":10,"key":"SteroidPotion"},{"floor":12,"key":"Ancient Potion"},{"floor":14,"key":"Poison Potion"},{"floor":16,"key":"LiquidBronze"},{"floor":18,"key":"EssenceOfSteel"}],"is_trial":false,"path_per_floor":["M","M","M","$","?","E","?","R","T","E","M","M","R","M","R","B",null,"M","M","M"],"character_chosen":"DEFECT","items_purchased":[],"campfire_rested":2,"item_purchase_floors":[],"current_hp_per_floor":[75,74,73,73,61,33,26,48,48,20,14,14,36,37,37,33,75,35,9,0],"gold":377,"neow_bonus":"ONE_RANDOM_RARE_CARD","is_prod":false,"is_daily":false,"chose_seed":false,"campfire_upgraded":1,"win_rate":0.0,"timestamp":1561808530,"path_taken":["M","M","M","$","?","E","?","R","T","E","M","M","R","M","R","BOSS","M","M","M"],"build_version":"2019-01-23","purchased_purges":0,"victory":false,"max_hp_per_floor":[75,75,75,75,75,75,75,75,75,75,75,75,75,75,75,75,75,75,75,75],"card_choices":[{"not_picked":["Beam Cell","Redo"],"picked":"Sweeping Beam","floor":1},{"not_picked":["Redo","Sweeping Beam"],"picked":"Defragment","floor":2},{"not_picked":["Stack","Streamline"],"picked":"Sweeping Beam","floor":3},{"not_picked":["Hologram","Gash"],"picked":"Compile Driver","floor":6},{"not_picked":["Steam","Reinforced Body"],"picked":"Seek","floor":10},{"not_picked":["Go for the Eyes","Static Discharge"],"picked":"Storm","floor":11},{"not_picked":["Ball Lightning","Go for the Eyes"],"picked":"Stack","floor":12},{"not_picked":["Compile Driver","Auto Shields"],"picked":"Hello World","floor":14},{"not_picked":["Reboot","Amplify"],"picked":"Biased Cognition","floor":16},{"not_picked":["Beam Cell+1","Barrage"],"picked":"Steam","floor":18},{"not_picked":["Barrage","Gash"],"picked":"BootSequence+1","floor":19}],"player_experience":44868,"relics_obtained":[{"floor":6,"key":"Torii"},{"floor":9,"key":"Kunai"},{"floor":10,"key":"Orichalcum"}],"event_choices":[{"damage_healed":0,"gold_gain":0,"player_choice":"Success","damage_taken":12,"relics_obtained":["Blood Vial"],"max_hp_gain":0,"max_hp_loss":0,"event_name":"Scrap Ooze","floor":5,"gold_loss":0},{"cards_removed":["Strike_B"],"damage_healed":0,"gold_gain":0,"player_choice":"Card Removal","damage_taken":7,"max_hp_gain":0,"max_hp_loss":0,"event_name":"Golden Wing","floor":7,"gold_loss":0}],"is_beta":false,"boss_relics":[{"not_picked":["Cursed Key","Eternal Feather"],"picked":"Philosopher\u0027s Stone"}],"items_purged_floors":[],"is_endless":false,"potions_floor_spawned":[1,10,12,14,16,18],"killed_by":"Snecko","ascension_level":0}