{"gold_per_floor":[114,130,147,159,171,171,206,240,240,265,265,297,326,338,338,433,433,422,434,452,367,384,384,396,396],"floor_reached":25,"playtime":5092,"items_purged":[],"score":338,"play_id":"30de2ab5-d113-4e5e-857f-15e9871dd189","local_time":"20190630151245","is_ascension_mode":true,"campfire_choices":[{"data":"Noxious Fumes","floor":6,"key":"SMITH"},{"floor":11,"key":"REST"},{"data":"Glass Knife","floor":15,"key":"SMITH"},{"data":"A Thousand Cuts","floor":23,"key":"SMITH"}],"neow_cost":"NONE","seed_source_timestamp":152485465039411,"circlet_count":0,"master_deck":["Survivor","Neutralize","A Thousand Cuts+1","Cloak And Dagger+1","Cloak And Dagger","Footwork","Noxious Fumes+1","Dodge and Roll+1","Escape Plan","Glass Knife+1","Endless Agony","Escape Plan","Dodge and Roll","PiercingWail","After Image","Bane","Terror","Blur","Flechettes","Well Laid Plans","Footwork","After Image","Underhanded Strike","All Out Attack","Noxious Fumes+1","PiercingWail","Dodge and Roll+1","Dodge and Roll"],"relics":["Ring of the Snake","WingedGreaves","Regal Pillow","War Paint","Bronze Scales","Ornamental Fan","Bag of Marbles","Pandora\u0027s Box","Question Card"],"potions_floor_usage":[7,12,24,25,25],"damage_taken":[{"damage":2,"enemies":"Jaw Worm","floor":1,"turns":6},{"damage":0,"enemies":"2 Louse","floor":2,"turns":4},{"damage":1,"enemies":"Small Slimes","floor":3,"turns":4},{"damage":2,"enemies":"Exordium Wildlife","floor":4,"turns":5},{"damage":1,"enemies":"3 Louse","floor":5,"turns":4},{"damage":14,"enemies":"Lagavulin","floor":7,"turns":7},{"damage":21,"enemies":"3 Sentries","floor":8,"turns":8},{"damage":0,"enemies":"Lagavulin","floor":10,"turns":6},{"damage":17,"enemies":"Gremlin Nob","floor":12,"turns":4},{"damage":2,"enemies":"Lagavulin","floor":13,"turns":6},{"damage":0,"enemies":"Gremlin Gang","floor":14,"turns":4},{"damage":6,"enemies":"Hexaghost","floor":16,"turns":9},{"damage":1,"enemies":"2 Thieves","floor":18,"turns":4},{"damage":7,"enemies":"3 Byrds","floor":19,"turns":4},{"damage":21,"enemies":"Snake Plant","floor":20,"turns":4},{"damage":0,"enemies":"3 Cultists","floor":22,"turns":5},{"damage":3,"enemies":"Snecko","floor":24,"turns":5},{"damage":45,"enemies":"Slavers","floor":25,"turns":4}],"seed_played":"-129094887350803051","potions_obtained":[{"floor":3,"key":"EssenceOfSteel"},{"floor":4,"key":"Poison Potion"},{"floor":5,"key":"Fire Potion"},{"floor":12,"key":"Strength Potion"},{"floor":13,"key":"FearPotion"},{"floor":14,"key":"Fire Potion"},{"floor":18,"key":"Ancient Potion"}],"is_trial":false,"path_per_floor":["M","M","M","M","M","R","E","E","T","E","R","E","E","M","R","B",null,"M","M","M","?","M","R","M","E"],"character_chosen":"THE_SILENT","items_purchased":[],"campfire_rested":1,"item_purchase_floors":[],"current_hp_per_floor":[68,68,67,65,64,64,50,29,29,29,65,48,46,46,46,40,70,69,62,41,41,41,41,38,0],"gold":396,"neow_bonus":"TRANSFORM_CARD","is_prod":false,"is_daily":false,"chose_seed":false,"campfire_upgraded":3,"win_rate":0,"timestamp":1561878765,"path_taken":["M","M","M","M","M","R","E","E","T","E","R","E","E","M","R","BOSS","M","M","M","?","M","R","M","E"],"build_version":"2019-01-23","purchased_purges":0,"victory":false,"max_hp_per_floor":[70,70,70,70,70,70,70,70,70,70,70,70,70,70,70,70,70,70,70,70,70,70,70,70,70],"card_choices":[{"not_picked":["Underhanded Strike","Prepared"],"picked":"Cloak And Dagger","floor":1},{"not_picked":["Blur","Catalyst"],"picked":"Cloak And Dagger","floor":2},{"not_picked":["Deadly Poison","Backflip"],"picked":"Footwork","floor":3},{"not_picked":["Predator","Heel Hook"],"picked":"Noxious Fumes","floor":4},{"not_picked":["Quick Slash","Underhanded Strike"],"picked":"Dodge and Roll","floor":5},{"not_picked":["Skewer","Corpse Explosion"],"picked":"Escape Plan","floor":7},{"not_picked":["Sucker Punch","Dagger Spray"],"picked":"Glass Knife","floor":8},{"not_picked":["Bane","Heel Hook"],"picked":"Endless Agony","floor":10},{"not_picked":["Blade Dance","Masterful Stab"],"picked":"Escape Plan","floor":12},{"not_picked":["Slice","Doppelganger"],"picked":"Dodge and Roll","floor":13},{"not_picked":["Finisher","Flechettes"],"picked":"PiercingWail","floor":14},{"not_picked":["Wraith Form v2","Doppelganger"],"picked":"After Image","floor":16},{"not_picked":["Masterful Stab","Setup"],"picked":"Noxious Fumes+1","floor":18},{"not_picked":["Prepared","Concentrate","Outmaneuver+1"],"picked":"SKIP","floor":19},{"not_picked":["Outmaneuver","Terror"],"picked":"PiercingWail","floor":20},{"not_picked":["Quick Slash+1","Dagger Throw+1","PiercingWail"],"picked":"Dodge and Roll+1","floor":22},{"not_picked":["Slice","Blade Dance","Envenom"],"picked":"Dodge and Roll","floor":24}],"player_experience":61698,"relics_obtained":[{"floor":7,"key":"WingedGreaves"},{"floor":8,"key":"Regal Pillow"},{"floor":9,"key":"War Paint"},{"floor":10,"key":"Bronze Scales"},{"floor":12,"key":"Ornamental Fan"},{"floor":13,"key":"Bag of Marbles"}],"event_choices":[{"damage_healed":0,"gold_gain":0,"player_choice":"Obtained Relic","damage_taken":0,"relics_obtained":["Question Card"],"max_hp_gain":0,"max_hp_loss":0,"event_name":"Addict","floor":21,"gold_loss":85}],"is_beta":false,"boss_relics":[{"not_picked":["Lizard Tail","Eternal Feather"],"picked":"Pandora\u0027s Box"}],"items_purged_floors":[],"is_endless":false,"potions_floor_spawned":[3,4,5,12,13,14,18,22],"killed_by":"Slavers","ascension_level":3}