{"path_per_floor":["M","M","$","M","M","E","?","?","T","M","E","R","?","M","R"],"character_chosen":"DEFECT","items_purchased":[],"gold_per_floor":[116,127,52,63,74,106,106,106,106,121,155,155,155,175,175,175],"floor_reached":16,"campfire_rested":1,"playtime":626,"item_purchase_floors":[],"current_hp_per_floor":[69,68,68,68,64,43,43,48,48,48,34,34,16,12,36,0],"items_purged":["Strike_B"],"gold":175,"score":112,"play_id":"21d87a70-dd01-48d7-a2fa-83555b5f568e","local_time":"20180602141305","is_prod":false,"is_daily":false,"chose_seed":false,"is_ascension_mode":false,"campfire_upgraded":0,"win_rate":0.0,"timestamp":1527945185,"campfire_choices":[{"data":"1","floor":12,"key":"LIFT"},{"floor":15,"key":"REST"}],"path_taken":["M","M","$","M","M","E","?","?","T","M","E","R","?","M","R","BOSS"],"build_version":"2018-05-31","seed_source_timestamp":169870917343325,"purchased_purges":1,"victory":false,"master_deck":["Strike_B","Strike_B","Strike_B","Defend_B","Defend_B","Defend_B","Defend_B","Zap","Dualcast","Melter","Streamline","Genetic Algorithm","Cold Snap"],"max_hp_per_floor":[75,75,75,75,75,75,75,75,75,80,80,80,80,80,80,80],"relics":["Cracked Core","Art of War","Toolbox","Girya","Mummified Hand"],"card_choices":[{"not_picked":["Compile Driver","Consume","Fusion"],"picked":"SKIP","floor":1},{"not_picked":["Steam Power","Barrage"],"picked":"Melter","floor":2},{"not_picked":["Conserve Battery","Steam"],"picked":"Streamline","floor":4},{"not_picked":["Hologram","Rip and Tear"],"picked":"Go for the Eyes","floor":5},{"not_picked":["Consume","Doom and Gloom"],"picked":"Genetic Algorithm","floor":6},{"not_picked":["Turbo","Storm","Leap"],"picked":"SKIP","floor":10},{"not_picked":["Undo","Steam Power"],"picked":"Cold Snap","floor":11},{"not_picked":["Ball Lightning","Conserve Battery","Barrage"],"picked":"SKIP","floor":14}],"player_experience":596854,"potions_floor_usage":[6,10,10,14,16,16],"damage_taken":[{"damage":6,"enemies":"Jaw Worm","floor":1,"turns":4},{"damage":1,"enemies":"Cultist","floor":2,"turns":3},{"damage":0,"enemies":"Small Slimes","floor":4,"turns":3},{"damage":4,"enemies":"2 Fungi Beasts","floor":5,"turns":3},{"damage":21,"enemies":"Lagavulin","floor":6,"turns":6},{"damage":5,"enemies":"Lots of Slimes","floor":10,"turns":2},{"damage":14,"enemies":"3 Sentries","floor":11,"turns":8},{"damage":4,"enemies":"Gremlin Gang","floor":14,"turns":4},{"damage":40,"enemies":"Slime Boss","floor":16,"turns":8}],"relics_obtained":[{"floor":6,"key":"Art of War"},{"floor":9,"key":"Toolbox"},{"floor":11,"key":"Girya"}],"event_choices":[{"event_name":"The Lab","player_choice":"Got Potions","floor":7,"damage_taken":0},{"event_name":"Bonfire Elementals","player_choice":"COMMON","floor":8,"damage_taken":0},{"event_name":"Scrap Ooze","player_choice":"success","floor":13,"damage_taken":18}],"boss_relics":[],"items_purged_floors":[3],"potions_floor_spawned":[2,10,11],"seed_played":"784956035268249034","killed_by":"Slime Boss","ascension_level":0,"potions_obtained":[{"floor":2,"key":"AttackPotion"},{"floor":7,"key":"Fruit Juice"},{"floor":7,"key":"AttackPotion"},{"floor":7,"key":"SteroidPotion"},{"floor":10,"key":"Swift Potion"},{"floor":11,"key":"EssenceOfSteel"}],"is_trial":false}