{"path_per_floor":["M","M","?","M","M","R","E","R","T","T","R","?","$","?","R","B",null,"M","M","?","M","?","E","M"],"character_chosen":"THE_SILENT","items_purchased":[],"gold_per_floor":[116,129,129,140,154,154,189,189,189,189,189,189,114,114,114,212,212,212,212,212,212,212,212,212],"floor_reached":25,"campfire_rested":0,"playtime":2626,"current_hp_per_floor":[70,69,69,68,68,70,54,60,60,67,73,73,73,73,77,11,77,77,77,77,60,60,31,11],"items_purged":["Defend_G"],"gold":212,"play_id":"5c380e23-4bc3-4a90-96b7-3687eca76127","is_prod":false,"is_daily":false,"campfire_rituals":0,"campfire_upgraded":4,"is_hardmode":false,"path_taken":["M","M","?","M","M","R","E","R","T","?","R","?","$","?","R","BOSS","M","M","?","M","?","E","M","E"],"build_version":"2018-01-11-PROD2","purchased_purges":1,"victory":false,"master_deck":["Defend_G","Defend_G","Defend_G","Strike_G","Strike_G","Strike_G","Strike_G","Strike_G","Survivor","Neutralize","PiercingWail","Sucker Punch","Backflip","Dodge and Roll","Flying Knee","Bullet Time","Venomology","All Out Attack","Quick Slash","Deadly Poison","Poisoned Stab","Well Laid Plans","Quick Slash"],"max_hp_per_floor":[70,70,70,70,70,70,70,70,70,77,77,77,77,77,77,77,77,77,77,77,77,77,77,77],"relics":["Eternal Feather","Matryoshka","Dead Branch","Toolbox","Strawberry","Tingsha","Ectoplasm","Girya"],"campfire_meditates":0,"card_choices":[{"not_picked":["Prepared","Slice"],"picked":"PiercingWail"},{"not_picked":["Heel Hook","Catalyst"],"picked":"Sucker Punch"},{"not_picked":["Prepared","Dodge and Roll"],"picked":"Backflip"},{"not_picked":["Catalyst","Endless Agony"],"picked":"Dodge and Roll"},{"not_picked":["Deflect","PiercingWail"],"picked":"Flying Knee"},{"not_picked":["Night Terror","Bullet Time"],"picked":"Venomology"},{"not_picked":["Dodge and Roll","Calculated Gamble"],"picked":"All Out Attack"},{"not_picked":["Malaise","Slice"],"picked":"Quick Slash"},{"not_picked":["Deflect","Acrobatics"],"picked":"Deadly Poison"},{"not_picked":["Skewer","Burst"],"picked":"Well Laid Plans"},{"not_picked":["Leg Sweep","Prepared"],"picked":"Quick Slash"}],"player_experience":83400,"potions_floor_usage":[7,16,18,19,19,21,23,23,23,24,25,25],"damage_taken":[{"damage":0,"enemies":"Jaw Worm","floor":1,"turns":6},{"damage":1,"enemies":"Blue Slaver","floor":2,"turns":7},{"damage":1,"enemies":"Cultist","floor":4,"turns":5},{"damage":0,"enemies":"3 Louse","floor":5,"turns":4},{"damage":16,"enemies":"Gremlin Nob","floor":7,"turns":5},{"damage":66,"enemies":"Slime Boss","floor":16,"turns":19},{"damage":0,"enemies":"Shell Parasite","floor":18,"turns":4},{"damage":2,"enemies":"Chosen","floor":19,"turns":5},{"damage":17,"enemies":"Slaver and Parasite","floor":21,"turns":7},{"damage":48,"enemies":"Book of Stabbing","floor":23,"turns":9},{"damage":36,"enemies":"Centurion and Healer","floor":24,"turns":9},{"damage":16,"enemies":"Gremlin Leader","floor":25,"turns":8}],"event_choices":[{"event_name":"The Woman in Blue","player_choice":"Bought 0 Potions","floor":3,"damage_taken":0},{"event_name":"The Lab","player_choice":"Got Potions","floor":12,"damage_taken":0},{"event_name":"Transmorgrifier","player_choice":"Transform","floor":14,"damage_taken":0},{"event_name":"Cursed Tome","player_choice":"Ignored","floor":20,"damage_taken":0},{"event_name":"The Library","player_choice":"Read","floor":22,"damage_taken":0}],"boss_relics":[{"not_picked":["Runic Dome","Philosopher\u0027s Stone"],"picked":"Ectoplasm"}],"potions_floor_spawned":[1,5,7,18,21],"seed_played":"535198338163971081","killed_by":"Gremlin Leader","is_trial":false}