{"gold_per_floor":[118,136,156,81,97,132,142,142,142,176,0,0,0,26,26,98,98,117,167,82,110,135,147,159,202,271,283,315,327,34,52,52,126,126,142,17,17,17,17,29,129,129,155,167,185,220,220,233,233,233],"floor_reached":51,"playtime":2368,"items_purged":["Strike_R","Writhe","Strike_R"],"score":1396,"play_id":"54d789ae-c189-4997-ad49-18b2c8f8f86d","local_time":"20190507215950","is_ascension_mode":true,"campfire_choices":[{"data":"Spot Weakness","floor":8.0,"key":"SMITH"},{"data":"True Grit","floor":15.0,"key":"SMITH"},{"data":"Sword Boomerang","floor":23.0,"key":"SMITH"},{"floor":27.0,"key":"REST"},{"floor":29.0,"key":"REST"},{"floor":32.0,"key":"REST"},{"data":"Limit Break","floor":42,"key":"SMITH"},{"data":"Limit Break","floor":47,"key":"SMITH"},{"data":"Madness","floor":49,"key":"SMITH"}],"neow_cost":"NONE","seed_source_timestamp":0,"circlet_count":0,"master_deck":["AscendersBane","Strike_R","Strike_R","Strike_R","Defend_R","Defend_R","Defend_R","Defend_R","Bash","Headbutt","Spot Weakness+1","True Grit+1","Sword Boomerang+1","Twin Strike+1","Impervious","Reaper+1","Pommel Strike+1","Offering","Ghostly Armor","Spot Weakness+1","Sword Boomerang+1","Limit Break+1","Limit Break+1","Immolate+1","Madness","Madness+1","Uppercut+1","Reaper+1"],"special_seed":0,"relics":["Burning Blood","Art of War","Molten Egg 2","Singing Bowl","Matryoshka","Bag of Preparation","Kunai","Boot","Runic Pyramid","MawBank","Ice Cream","Sundial","Anchor","Tiny Chest","Coffee Dripper","Gambling Chip","Omamori","Letter Opener"],"potions_floor_usage":[35],"damage_taken":[{"damage":7.0,"enemies":"Cultist","floor":1.0,"turns":4.0},{"damage":4.0,"enemies":"Small Slimes","floor":2.0,"turns":4.0},{"damage":4.0,"enemies":"Jaw Worm","floor":3.0,"turns":4.0},{"damage":9.0,"enemies":"2 Fungi Beasts","floor":5.0,"turns":3.0},{"damage":20.0,"enemies":"3 Sentries","floor":6.0,"turns":8.0},{"damage":6.0,"enemies":"Exordium Thugs","floor":7.0,"turns":3.0},{"damage":8.0,"enemies":"Gremlin Nob","floor":10.0,"turns":3.0},{"damage":13.0,"enemies":"Lagavulin","floor":14.0,"turns":6.0},{"damage":11.0,"enemies":"The Guardian","floor":16.0,"turns":11.0},{"damage":6.0,"enemies":"Chosen","floor":18.0,"turns":4.0},{"damage":11.0,"enemies":"2 Thieves","floor":21.0,"turns":3.0},{"damage":19.0,"enemies":"Snecko","floor":22.0,"turns":5.0},{"damage":47.0,"enemies":"Book of Stabbing","floor":25.0,"turns":5.0},{"damage":67.0,"enemies":"Centurion and Healer","floor":28.0,"turns":6.0},{"damage":30.0,"enemies":"Shelled Parasite and Fungi","floor":31.0,"turns":4.0},{"damage":25.0,"enemies":"Champ","floor":33.0,"turns":8.0},{"damage":6,"enemies":"Orb Walker","floor":35,"turns":3},{"damage":1,"enemies":"3 Shapes","floor":40,"turns":4},{"damage":1,"enemies":"Mind Bloom Boss Battle","floor":41,"turns":5},{"damage":6,"enemies":"Maw","floor":44,"turns":4},{"damage":6,"enemies":"3 Darklings","floor":45,"turns":2},{"damage":18,"enemies":"Reptomancer","floor":46,"turns":4},{"damage":0,"enemies":"Transient","floor":48,"turns":6},{"damage":49,"enemies":"Time Eater","floor":50,"turns":5}],"seed_played":"-8229901201335763546","potions_obtained":[{"floor":1.0,"key":"Fire Potion"},{"floor":7.0,"key":"Energy Potion"},{"floor":10.0,"key":"AttackPotion"},{"floor":14.0,"key":"Poison Potion"},{"floor":16.0,"key":"EssenceOfSteel"},{"floor":25.0,"key":"LiquidBronze"},{"floor":28.0,"key":"AttackPotion"},{"floor":35,"key":"FearPotion"},{"floor":48,"key":"AttackPotion"}],"is_trial":false,"path_per_floor":["M","M","M","$","M","E","M","R","T","E","$","?","T","E","R","B",null,"M","?","?","M","M","R","?","E","T","R","M","R","$","M","R","B",null,"M","$","?","?","?","M","?","R","T","M","M","E","R","M","R","B",null],"character_chosen":"IRONCLAD","items_purchased":["Reaper+1","Sword Boomerang+1","Limit Break"],"campfire_rested":3,"item_purchase_floors":[11,30,30],"current_hp_per_floor":[67,69,71,71,68,54,54,54,54,52,52,52,52,45,45,57,71,77,77,77,74,75,75,75,47,47,70,30,54,54,59,81,81,81,83,83,68,70,70,77,87,87,87,89,89,91,91,93,93,50],"gold":233,"neow_bonus":"RANDOM_COMMON_RELIC","is_prod":false,"is_daily":false,"chose_seed":false,"campfire_upgraded":6,"win_rate":0,"timestamp":1557280790,"path_taken":["M","M","M","$","?","E","M","R","T","E","$","?","?","E","R","BOSS","M","?","?","M","?","R","?","E","T","R","M","R","$","M","R","BOSS","M","$","?","?","?","M","?","R","T","M","?","E","R","M","R","BOSS"],"build_version":"2019-01-23","purchased_purges":3,"victory":true,"max_hp_per_floor":[75,75,75,75,75,75,75,75,75,75,75,75,75,75,75,75,75,77,77,77,79,79,79,79,79,79,79,81,81,81,81,81,81,81,83,83,83,85,85,87,87,87,87,89,89,91,91,93,93,93],"card_choices":[{"not_picked":["Sever Soul","Twin Strike"],"picked":"Headbutt","floor":1.0},{"not_picked":["Cleave","Headbutt"],"picked":"Spot Weakness","floor":2.0},{"not_picked":["Iron Wave","Perfected Strike"],"picked":"True Grit","floor":3.0},{"not_picked":["Second Wind","Double Tap"],"picked":"Sword Boomerang","floor":5.0},{"not_picked":["Sever Soul","Clothesline"],"picked":"Twin Strike","floor":6.0},{"not_picked":["True Grit","Iron Wave+1","Rampage+1"],"picked":"SKIP","floor":7.0},{"not_picked":["Armaments","Sentinel"],"picked":"Impervious","floor":10.0},{"not_picked":["Battle Trance","Anger+1"],"picked":"Pommel Strike+1","floor":14.0},{"not_picked":["Brutality","Berserk"],"picked":"Offering","floor":16.0},{"not_picked":["Flex","Headbutt+1","Clash+1"],"picked":"Singing Bowl","floor":18.0},{"not_picked":["Combust","Wild Strike+1","Headbutt+1"],"picked":"Singing Bowl","floor":21.0},{"not_picked":["Clothesline+1","Clash+1"],"picked":"Ghostly Armor","floor":22.0},{"not_picked":["Pummel+1","Shockwave"],"picked":"Spot Weakness+1","floor":25.0},{"not_picked":["Rampage+1","Body Slam+1","Warcry"],"picked":"Singing Bowl","floor":28.0},{"not_picked":["Battle Trance","Burning Pact"],"picked":"Limit Break","floor":31.0},{"not_picked":["Feed+1","Double Tap"],"picked":"Immolate+1","floor":33.0},{"not_picked":["Iron Wave+1","Wild Strike+1","Twin Strike+1"],"picked":"Singing Bowl","floor":35},{"not_picked":["Sadistic Nature","Mind Blast+1","Flash of Steel+1"],"picked":"Singing Bowl","floor":38},{"not_picked":["Dual Wield+1","Thunderclap+1","Iron Wave+1"],"picked":"Singing Bowl","floor":40},{"not_picked":["Pommel Strike+1","Thunderclap+1"],"picked":"Uppercut+1","floor":41},{"not_picked":["Headbutt+1","Armaments+1","Perfected Strike+1"],"picked":"Singing Bowl","floor":44},{"not_picked":["Perfected Strike+1","Heavy Blade+1"],"picked":"Reaper+1","floor":45},{"not_picked":["Pummel+1","Anger+1","Twin Strike+1"],"picked":"Singing Bowl","floor":46},{"not_picked":["Cleave+1","Rampage+1","Havoc+1"],"picked":"Singing Bowl","floor":48}],"player_experience":377506,"relics_obtained":[{"floor":6.0,"key":"Molten Egg 2"},{"floor":9.0,"key":"Singing Bowl"},{"floor":10.0,"key":"Matryoshka"},{"floor":13.0,"key":"Bag of Preparation"},{"floor":13.0,"key":"Kunai"},{"floor":14.0,"key":"Boot"},{"floor":25.0,"key":"Sundial"},{"floor":26.0,"key":"Anchor"},{"floor":26.0,"key":"Tiny Chest"},{"floor":41,"key":"Gambling Chip"},{"floor":43,"key":"Omamori"},{"floor":46,"key":"Letter Opener"}],"event_choices":[{"damage_healed":0.0,"max_hp_gain":0.0,"max_hp_loss":0.0,"gold_gain":0.0,"event_name":"Liars Game","player_choice":"Ignored","floor":12.0,"gold_loss":0.0,"damage_taken":0.0},{"damage_healed":0.0,"max_hp_gain":0.0,"max_hp_loss":0.0,"gold_gain":50.0,"event_name":"Nest","player_choice":"Stole From Cult","floor":19.0,"gold_loss":0.0,"damage_taken":0.0},{"damage_healed":0.0,"max_hp_gain":0.0,"max_hp_loss":0.0,"gold_gain":0.0,"event_name":"Addict","player_choice":"Obtained Relic","floor":20.0,"gold_loss":85.0,"damage_taken":0.0,"relics_obtained":["MawBank"]},{"damage_healed":0.0,"max_hp_gain":0.0,"max_hp_loss":0.0,"gold_gain":0.0,"event_name":"The Mausoleum","player_choice":"Opened","floor":24.0,"gold_loss":0.0,"damage_taken":0.0,"relics_obtained":["Ice Cream"],"cards_obtained":["Writhe"]},{"damage_healed":0,"gold_gain":0,"player_choice":"Embrace Madness","damage_taken":15,"max_hp_gain":0,"max_hp_loss":0,"event_name":"Winding Halls","floor":37,"gold_loss":0,"cards_obtained":["Madness","Madness"]},{"damage_healed":0,"gold_gain":0,"player_choice":"Memory 1","damage_taken":0,"max_hp_gain":0,"max_hp_loss":0,"event_name":"SensoryStone","floor":38,"gold_loss":0},{"damage_healed":0,"gold_gain":0,"player_choice":"Ignored","damage_taken":0,"max_hp_gain":0,"max_hp_loss":0,"event_name":"Mysterious Sphere","floor":39,"gold_loss":0},{"damage_healed":0,"gold_gain":0,"player_choice":"Fight","damage_taken":0,"max_hp_gain":0,"max_hp_loss":0,"event_name":"MindBloom","floor":41,"gold_loss":0}],"is_beta":false,"boss_relics":[{"not_picked":["Fusion Hammer","Orrery"],"picked":"Runic Pyramid"},{"not_picked":["Snecko Eye","Black Star"],"picked":"Coffee Dripper"}],"items_purged_floors":[4,30,36],"is_endless":false,"potions_floor_spawned":[1,7,10,14,16,21,25,28,35,48],"ascension_level":19}