{"gold_per_floor":[109,129,144,160,171,171,204,204,204,229,245,274,288,259,259,359,359,369,369,385,385],"floor_reached":21,"playtime":1229,"items_purged":[],"score":364,"play_id":"8f3b0f7b-c18b-4e93-b394-2613ffca1489","local_time":"20181226022316","is_ascension_mode":true,"campfire_choices":[{"data":"Chaos","floor":6,"key":"SMITH"},{"floor":8,"key":"DIG"},{"floor":15,"key":"REST"}],"neow_cost":"TEN_PERCENT_HP_LOSS","seed_source_timestamp":99953241373091,"circlet_count":0,"master_deck":["Strike_B","Strike_B+1","Strike_B","Strike_B","Defend_B","Defend_B","Defend_B","Defend_B","Zap","Dualcast","Conserve Battery","Chaos+1","Force Field","Barrage","Beam Cell","Cold Snap+1","Loop","Barrage","Defragment","Turbo","Thunder Strike","Heatsinks+1","Barrage+1"],"relics":["Cracked Core","FossilizedHelix","Shovel","Pear","Question Card","Ornamental Fan","Whetstone","Eternal Feather","MutagenicStrength"],"potions_floor_usage":[7,7,12,12,16,16,16,16],"damage_taken":[{"damage":0,"enemies":"Cultist","floor":1,"turns":3},{"damage":0,"enemies":"Jaw Worm","floor":2,"turns":2},{"damage":12,"enemies":"Small Slimes","floor":3,"turns":3},{"damage":18,"enemies":"Exordium Thugs","floor":4,"turns":7},{"damage":8,"enemies":"Large Slime","floor":5,"turns":8},{"damage":0,"enemies":"Lagavulin","floor":7,"turns":6},{"damage":12,"enemies":"Gremlin Nob","floor":10,"turns":4},{"damage":14,"enemies":"Gremlin Gang","floor":11,"turns":5},{"damage":0,"enemies":"3 Sentries","floor":12,"turns":10},{"damage":0,"enemies":"2 Fungi Beasts","floor":13,"turns":2},{"damage":0,"enemies":"Slime Boss","floor":16,"turns":6},{"damage":5,"enemies":"3 Byrds","floor":18,"turns":5},{"damage":28,"enemies":"Shell Parasite","floor":20,"turns":5},{"damage":46,"enemies":"Shelled Parasite and Fungi","floor":21,"turns":3}],"seed_played":"4792292314820465118","potions_obtained":[{"floor":2,"key":"EssenceOfSteel"},{"floor":3,"key":"Explosive Potion"},{"floor":4,"key":"Ancient Potion"},{"floor":10,"key":"FearPotion"},{"floor":13,"key":"EntropicBrew"}],"is_trial":false,"path_per_floor":["M","M","M","M","M","R","E","R","T","E","M","E","M","?","R","B",null,"M","?","M","M"],"character_chosen":"DEFECT","items_purchased":[],"campfire_rested":1,"item_purchase_floors":[],"current_hp_per_floor":[68,68,56,38,30,30,30,40,40,28,14,14,14,14,37,37,78,73,73,45,0],"gold":385,"neow_bonus":"ONE_RARE_RELIC","is_prod":false,"is_daily":false,"chose_seed":false,"campfire_upgraded":1,"win_rate":0,"timestamp":1545819796,"path_taken":["M","M","M","M","M","R","E","R","T","E","M","E","M","?","R","BOSS","M","?","M","M"],"build_version":"2018-12-20","purchased_purges":0,"victory":false,"max_hp_per_floor":[68,68,68,68,68,68,68,78,78,78,78,78,78,78,78,78,78,78,78,78,78],"card_choices":[{"not_picked":["Ball Lightning","Sweeping Beam"],"picked":"Conserve Battery","floor":1},{"not_picked":["Storm","Steam"],"picked":"Chaos","floor":2},{"not_picked":["Static Discharge","Go for the Eyes"],"picked":"Force Field","floor":3},{"not_picked":["Go for the Eyes","Steam Power"],"picked":"Barrage","floor":4},{"not_picked":["Sweeping Beam","Leap"],"picked":"Beam Cell","floor":5},{"not_picked":["Leap","Stack"],"picked":"Cold Snap","floor":7},{"not_picked":["Leap","Blizzard","Tempest"],"picked":"Loop","floor":10},{"not_picked":["Cold Snap","Ball Lightning","Consume"],"picked":"Barrage","floor":11},{"not_picked":["Meteor Strike","Go for the Eyes","Self Repair"],"picked":"Defragment","floor":12},{"not_picked":["Fusion","Gash","Beam Cell"],"picked":"Turbo","floor":13},{"not_picked":["Meteor Strike","Creative AI","Buffer"],"picked":"Thunder Strike","floor":16},{"not_picked":["Stack","Cold Snap","Go for the Eyes"],"picked":"Heatsinks+1","floor":18},{"not_picked":["Darkness","Leap+1","Sweeping Beam"],"picked":"Barrage+1","floor":20}],"player_experience":122540,"relics_obtained":[{"floor":7,"key":"Shovel"},{"floor":8,"key":"Pear"},{"floor":9,"key":"Question Card"},{"floor":10,"key":"Ornamental Fan"},{"floor":12,"key":"Whetstone"}],"event_choices":[{"damage_healed":0,"gold_gain":0,"player_choice":"Left Gold","damage_taken":0,"max_hp_gain":0,"max_hp_loss":0,"event_name":"World of Goop","floor":14,"gold_loss":29},{"damage_healed":0,"gold_gain":0,"player_choice":"Inject Mutagens","damage_taken":0,"relics_obtained":["MutagenicStrength"],"max_hp_gain":0,"max_hp_loss":0,"event_name":"Drug Dealer","floor":19,"gold_loss":0}],"is_beta":false,"boss_relics":[{"not_picked":["Philosopher\u0027s Stone","Sozu"],"picked":"Eternal Feather"}],"items_purged_floors":[],"is_endless":false,"potions_floor_spawned":[2,3,4,10,13],"killed_by":"Shelled Parasite and Fungi","ascension_level":4}