{"gold_per_floor":[109,121,296,11,86,86,118,118,167,167,185,220,234,244,244,340,340,340,340,340,98,98,98,98,98,98,98,98,98,98,98,98,98,98,98,98,98,98,98,98,98,98,98,98,98,98,98,98,98,98],"floor_reached":51,"playtime":2560,"items_purged":["Doubt"],"score":1206,"play_id":"2a0c1b43-80cf-4765-84c3-8ab97fbebebb","local_time":"20190628222020","is_ascension_mode":true,"campfire_choices":[{"floor":6,"key":"REST"},{"floor":8,"key":"REST"},{"data":"Zap","floor":10,"key":"SMITH"},{"floor":15,"key":"REST"},{"data":"Consume","floor":23,"key":"SMITH"},{"data":"Rainbow","floor":25,"key":"SMITH"},{"data":"Redo","floor":30,"key":"SMITH"},{"floor":32,"key":"REST"},{"floor":40,"key":"REST"},{"floor":44,"key":"REST"},{"floor":49,"key":"REST"}],"neow_cost":"CURSE","seed_source_timestamp":465238966166123,"circlet_count":0,"master_deck":["AscendersBane","Strike_B","Strike_B","Strike_B","Strike_B","Defend_B+1","Defend_B+1","Defend_B","Defend_B","Zap+1","Dualcast","Rebound","Undo","Glacier","Ball Lightning","Redo+1","Consume+1","Chill","Rainbow+1","Hologram+1","Seek","Reboot","Madness","Madness","Decay"],"relics":["Cracked Core","Incense Burner","Runic Capacitor","Matryoshka","Oddly Smooth Stone","War Paint","Boot","Ectoplasm","Spirit Poop","Singing Bowl","Mercury Hourglass","Kunai","Bag of Preparation","Ancient Tea Set","Cursed Key","Peace Pipe","Ornamental Fan","Happy Flower","Orichalcum"],"potions_floor_usage":[39,47,50,50,50,50],"damage_taken":[{"damage":5,"enemies":"Small Slimes","floor":1,"turns":4},{"damage":1,"enemies":"2 Louse","floor":2,"turns":3},{"damage":36,"enemies":"Lagavulin","floor":7,"turns":8},{"damage":0,"enemies":"Jaw Worm","floor":11,"turns":3},{"damage":30,"enemies":"Gremlin Nob","floor":12,"turns":5},{"damage":2,"enemies":"Gremlin Gang","floor":13,"turns":5},{"damage":12,"enemies":"Exordium Thugs","floor":14,"turns":6},{"damage":17,"enemies":"Slime Boss","floor":16,"turns":11},{"damage":0,"enemies":"Spheric Guardian","floor":18,"turns":4},{"damage":3,"enemies":"Chosen","floor":19,"turns":4},{"damage":0,"enemies":"3 Cultists","floor":22,"turns":6},{"damage":0,"enemies":"Shelled Parasite and Fungi","floor":24,"turns":5},{"damage":0,"enemies":"Snecko","floor":27,"turns":6},{"damage":11,"enemies":"Gremlin Leader","floor":28,"turns":7},{"damage":0,"enemies":"Cultist and Chosen","floor":29,"turns":6},{"damage":4,"enemies":"Book of Stabbing","floor":31,"turns":5},{"damage":38,"enemies":"Champ","floor":33,"turns":12},{"damage":0,"enemies":"Orb Walker","floor":35,"turns":3},{"damage":22,"enemies":"3 Darklings","floor":38,"turns":6},{"damage":22,"enemies":"2 Orb Walkers","floor":39,"turns":6},{"damage":11,"enemies":"Nemesis","floor":41,"turns":7},{"damage":21,"enemies":"Reptomancer","floor":46,"turns":7},{"damage":19,"enemies":"Jaw Worm Horde","floor":47,"turns":6},{"damage":7,"enemies":"Transient","floor":48,"turns":5},{"damage":43,"enemies":"Awakened One","floor":50,"turns":16}],"seed_played":"1729937967051473549","potions_obtained":[{"floor":7,"key":"Strength Potion"},{"floor":12,"key":"SkillPotion"},{"floor":13,"key":"EntropicBrew"},{"floor":19,"key":"Weak Potion"},{"floor":46,"key":"Regen Potion"},{"floor":47,"key":"Dexterity Potion"}],"is_trial":false,"path_per_floor":["M","M","?","$","?","R","E","R","T","R","M","E","M","M","R","B",null,"M","M","?","$","M","R","M","R","T","M","E","M","R","E","R","B",null,"M","$","?","M","?","R","E","$","T","R","$","E","M","M","R","B",null],"character_chosen":"DEFECT","items_purchased":["Runic Capacitor","Singing Bowl"],"campfire_rested":7,"item_purchase_floors":[4,21],"current_hp_per_floor":[63,62,62,62,51,73,37,59,59,59,59,29,27,15,37,20,61,61,58,58,58,60,60,62,62,62,64,55,57,57,53,78,40,74,76,76,65,45,25,52,43,43,43,70,70,51,49,44,73,30],"gold":98,"neow_bonus":"ONE_RARE_RELIC","is_prod":false,"is_daily":false,"chose_seed":false,"campfire_upgraded":4,"win_rate":0,"timestamp":1561774820,"path_taken":["M","M","?","$","?","R","E","R","T","R","M","E","M","M","R","BOSS","M","M","?","$","M","R","M","R","T","?","E","M","R","E","R","BOSS","M","$","?","M","?","R","E","?","T","R","$","E","?","M","R","BOSS"],"build_version":"2019-01-23","purchased_purges":1,"victory":true,"max_hp_per_floor":[75,75,75,75,75,75,75,75,75,75,75,75,75,75,75,75,75,75,75,75,75,77,77,79,79,79,81,83,85,85,85,85,85,85,87,87,87,89,91,91,93,93,93,93,93,95,97,99,99,99],"card_choices":[{"not_picked":["Beam Cell","Steam"],"picked":"Rebound","floor":1},{"not_picked":["Reprogram","Gash"],"picked":"Undo","floor":2},{"not_picked":["Coolheaded","Undo"],"picked":"Glacier","floor":7},{"not_picked":["Coolheaded","Undo"],"picked":"Ball Lightning","floor":11},{"not_picked":["Storm","Sunder"],"picked":"Redo","floor":12},{"not_picked":["Blizzard","Compile Driver"],"picked":"Consume","floor":13},{"not_picked":["Stack","White Noise"],"picked":"Chill","floor":14},{"not_picked":["Meteor Strike","Echo Form"],"picked":"Rainbow","floor":16},{"not_picked":["Steam","Stack"],"picked":"Hologram+1","floor":18},{"not_picked":["Gash+1","Go for the Eyes+1","Sweeping Beam"],"picked":"SKIP","floor":19},{"not_picked":["Double Energy","Streamline","Steam Power"],"picked":"Singing Bowl","floor":22},{"not_picked":["Aggregate","Reprogram+1","Chill"],"picked":"Singing Bowl","floor":24},{"not_picked":["Glacier","Sunder+1","Aggregate"],"picked":"Singing Bowl","floor":27},{"not_picked":["Force Field","Sweeping Beam","Consume"],"picked":"Singing Bowl","floor":28},{"not_picked":["Gash+1","Coolheaded","Storm"],"picked":"Singing Bowl","floor":29},{"not_picked":["Barrage","Sweeping Beam"],"picked":"Seek","floor":31},{"not_picked":["Multi-Cast","Amplify"],"picked":"Reboot","floor":33},{"not_picked":["Recycle","Coolheaded","Lockon"],"picked":"Singing Bowl","floor":35},{"not_picked":["Go for the Eyes+1","Auto Shields","Cold Snap+1"],"picked":"Singing Bowl","floor":38},{"not_picked":["Fusion","Steam+1","Rip and Tear+1"],"picked":"Singing Bowl","floor":39},{"not_picked":["Skim+1","Recycle+1","Chaos+1"],"picked":"Singing Bowl","floor":41},{"not_picked":["Blizzard+1","Ball Lightning+1","Capacitor"],"picked":"Singing Bowl","floor":46},{"not_picked":["Skim","Coolheaded","Conserve Battery+1"],"picked":"Singing Bowl","floor":47},{"not_picked":["Sweeping Beam+1","Melter+1","Self Repair"],"picked":"Singing Bowl","floor":48}],"player_experience":443890,"relics_obtained":[{"floor":7,"key":"Matryoshka"},{"floor":9,"key":"Oddly Smooth Stone"},{"floor":9,"key":"War Paint"},{"floor":12,"key":"Boot"},{"floor":26,"key":"Mercury Hourglass"},{"floor":26,"key":"Kunai"},{"floor":28,"key":"Bag of Preparation"},{"floor":31,"key":"Ancient Tea Set"},{"floor":39,"key":"Peace Pipe"},{"floor":41,"key":"Ornamental Fan"},{"floor":43,"key":"Happy Flower"},{"floor":46,"key":"Orichalcum"}],"event_choices":[{"damage_healed":0,"gold_gain":175,"player_choice":"AGREE","damage_taken":0,"max_hp_gain":0,"max_hp_loss":0,"event_name":"Liars Game","floor":3,"gold_loss":0,"cards_obtained":["Doubt"]},{"damage_healed":0,"gold_gain":75,"player_choice":"Gather Gold","damage_taken":11,"max_hp_gain":0,"max_hp_loss":0,"event_name":"World of Goop","floor":5,"gold_loss":0},{"cards_removed":["Clumsy"],"damage_healed":0,"gold_gain":0,"player_choice":"Offered Curse","damage_taken":0,"relics_obtained":["Spirit Poop"],"max_hp_gain":0,"max_hp_loss":0,"event_name":"Bonfire Elementals","floor":20,"gold_loss":0},{"damage_healed":0,"gold_gain":0,"player_choice":"Embrace Madness","damage_taken":11,"max_hp_gain":0,"max_hp_loss":0,"event_name":"Winding Halls","floor":37,"gold_loss":0,"cards_obtained":["Madness","Madness"]},{"damage_healed":0,"gold_gain":0,"player_choice":"Fight","damage_taken":0,"max_hp_gain":0,"max_hp_loss":0,"event_name":"Mysterious Sphere","floor":39,"gold_loss":0}],"is_beta":false,"boss_relics":[{"not_picked":["Black Star","Philosopher\u0027s Stone"],"picked":"Ectoplasm"},{"not_picked":["White Beast Statue","Busted Crown"],"picked":"Cursed Key"}],"items_purged_floors":[4],"is_endless":false,"potions_floor_spawned":[7,12,13,14,19,22,29,35,46,47,48],"ascension_level":11}