{"gold_per_floor":[12,28,38,38,213,245,245,39,39,71,146,161,192,208,208,307,307,323,323,323,323,84,84,142,156,156,173,173,17,52,64,64,64],"floor_reached":33,"playtime":1424,"items_purged":["Doubt"],"score":364,"play_id":"6061aa1e-fb9d-4587-83d2-86dc2bb1038b","local_time":"20190309114524","is_ascension_mode":true,"campfire_choices":[{"floor":7,"key":"REST"},{"floor":15,"key":"REST"},{"data":"Machine Learning","floor":23,"key":"SMITH"},{"floor":28,"key":"REST"},{"floor":32,"key":"REST"}],"neow_cost":"NO_GOLD","seed_source_timestamp":727725130846814,"circlet_count":0,"master_deck":["Strike_B+1","Strike_B+1","Defend_B+1","Defend_B+1","Defend_B+1","Defend_B+1","Zap","Dualcast","Coolheaded","Sunder","Leap","Gash","FTL","Gash","Scrape","Trip","Cold Snap","Beam Cell","Machine Learning+1","Static Discharge","Leap","Go for the Eyes+1","Gash","Beam Cell"],"relics":["Cracked Core","Pear","Dream Catcher","Happy Flower","Pantograph","Nuclear Battery","MutagenicStrength","Meat on the Bone","Tiny Chest","Question Card","Vajra","WingedGreaves"],"potions_floor_usage":[10,30,33,33],"damage_taken":[{"damage":0,"enemies":"Small Slimes","floor":1,"turns":3},{"damage":7,"enemies":"Jaw Worm","floor":2,"turns":2},{"damage":0,"enemies":"2 Louse","floor":3,"turns":1},{"damage":25,"enemies":"Lagavulin","floor":6,"turns":6},{"damage":22,"enemies":"3 Sentries","floor":10,"turns":6},{"damage":19,"enemies":"Exordium Thugs","floor":12,"turns":3},{"damage":14,"enemies":"Gremlin Nob","floor":13,"turns":3},{"damage":12,"enemies":"Large Slime","floor":14,"turns":5},{"damage":18,"enemies":"The Guardian","floor":16,"turns":9},{"damage":15,"enemies":"Shell Parasite","floor":18,"turns":4},{"damage":24,"enemies":"Gremlin Leader","floor":24,"turns":7},{"damage":12,"enemies":"2 Thieves","floor":25,"turns":4},{"damage":25,"enemies":"Sentry and Sphere","floor":27,"turns":8},{"damage":13,"enemies":"Book of Stabbing","floor":30,"turns":4},{"damage":32,"enemies":"Snake Plant","floor":31,"turns":3},{"damage":75,"enemies":"Champ","floor":33,"turns":8}],"seed_played":"6706715277998762691","potions_obtained":[{"floor":2,"key":"Regen Potion"},{"floor":6,"key":"LiquidBronze"},{"floor":12,"key":"Strength Potion"},{"floor":13,"key":"SteroidPotion"},{"floor":27,"key":"FocusPotion"},{"floor":30,"key":"Swift Potion"}],"is_trial":false,"path_per_floor":["M","M","M","?","?","E","R","$","T","E","?","M","E","M","R","B",null,"M","?","?","?","$","R","E","M","T","M","R","$","E","M","R","B"],"character_chosen":"DEFECT","items_purchased":["Scrape","Trip","Meat on the Bone","Vajra"],"campfire_rested":4,"item_purchase_floors":[8,8,22,29],"current_hp_per_floor":[75,68,68,68,68,53,78,78,78,71,60,41,27,15,40,47,85,70,70,70,70,70,70,46,46,46,33,58,58,45,25,50,0],"gold":64,"neow_bonus":"TRANSFORM_TWO_CARDS","is_prod":false,"is_daily":false,"chose_seed":false,"campfire_upgraded":1,"win_rate":0,"timestamp":1552149924,"path_taken":["M","M","M","?","?","E","R","$","T","E","?","M","E","M","R","BOSS","M","?","?","?","$","R","E","?","T","M","R","$","E","M","R","BOSS"],"build_version":"2019-01-23","purchased_purges":1,"victory":false,"max_hp_per_floor":[75,75,75,75,75,85,85,85,85,85,85,85,85,85,85,85,85,85,85,85,85,85,85,85,85,85,85,85,85,85,85,85,85],"card_choices":[{"not_picked":["Cold Snap","Go for the Eyes"],"picked":"Leap","floor":1},{"not_picked":["Genetic Algorithm","Sweeping Beam"],"picked":"Gash","floor":2},{"not_picked":["Compile Driver","Aggregate"],"picked":"FTL","floor":3},{"not_picked":["Genetic Algorithm","Rip and Tear"],"picked":"Gash","floor":6},{"not_picked":["Loop","Redo"],"picked":"Cold Snap","floor":10},{"not_picked":["Turbo","Aggregate","Rebound"],"picked":"SKIP","floor":12},{"not_picked":["Storm","Redo","Aggregate"],"picked":"SKIP","floor":13},{"not_picked":["Stack","Redo"],"picked":"Beam Cell","floor":14},{"not_picked":["Rainbow","Hyperbeam"],"picked":"Machine Learning","floor":16},{"not_picked":["Conserve Battery+1","Sweeping Beam"],"picked":"Static Discharge","floor":18},{"not_picked":["Rebound","Cold Snap","Stack"],"picked":"SKIP","floor":24},{"not_picked":["Redo","Lockon"],"picked":"Leap","floor":25},{"not_picked":["Tempest","Static Discharge+1","Steam Power"],"picked":"Go for the Eyes+1","floor":27},{"not_picked":["Conserve Battery","Leap","Rebound+1"],"picked":"Gash","floor":28},{"not_picked":["Go for the Eyes","Auto Shields","Barrage"],"picked":"Beam Cell","floor":30},{"not_picked":["Redo","Compile Driver","Streamline","Ball Lightning"],"picked":"SKIP","floor":31}],"player_experience":285259,"relics_obtained":[{"floor":6,"key":"Pear"},{"floor":9,"key":"Dream Catcher"},{"floor":10,"key":"Happy Flower"},{"floor":13,"key":"Pantograph"},{"floor":24,"key":"Tiny Chest"},{"floor":26,"key":"Question Card"},{"floor":30,"key":"WingedGreaves"}],"event_choices":[{"damage_healed":0,"gold_gain":0,"player_choice":"Leave","damage_taken":0,"max_hp_gain":0,"max_hp_loss":0,"event_name":"The Cleric","floor":4,"gold_loss":0},{"damage_healed":0,"gold_gain":175,"player_choice":"AGREE","damage_taken":0,"max_hp_gain":0,"max_hp_loss":0,"event_name":"Liars Game","floor":5,"gold_loss":0,"cards_obtained":["Doubt"]},{"damage_healed":0,"gold_gain":75,"player_choice":"Gather Gold","damage_taken":11,"max_hp_gain":0,"max_hp_loss":0,"event_name":"World of Goop","floor":11,"gold_loss":0},{"damage_healed":0,"gold_gain":0,"player_choice":"Inject Mutagens","damage_taken":0,"relics_obtained":["MutagenicStrength"],"max_hp_gain":0,"max_hp_loss":0,"event_name":"Drug Dealer","floor":19,"gold_loss":0},{"damage_healed":0,"gold_gain":0,"player_choice":"Simplicity","damage_taken":0,"max_hp_gain":0,"max_hp_loss":0,"event_name":"Back to Basics","floor":20,"gold_loss":0,"cards_upgraded":["Strike_B","Strike_B","Defend_B","Defend_B","Defend_B","Defend_B"]},{"damage_healed":0,"gold_gain":0,"player_choice":"Ignored","damage_taken":0,"max_hp_gain":0,"max_hp_loss":0,"event_name":"Ghosts","floor":21,"gold_loss":0}],"is_beta":false,"boss_relics":[{"not_picked":["Velvet Choker","Runic Pyramid"],"picked":"Nuclear Battery"}],"items_purged_floors":[8],"is_endless":false,"potions_floor_spawned":[2,6,12,13,27,30,31],"killed_by":"Champ","ascension_level":4}