{"gold_per_floor":[13,31,42,57,22,22,37,65,65,91,101,113,113,38,38,143,143,153,165,89,89,14,44,64,64,64,64,64,75,100,100],"floor_reached":31,"playtime":966,"items_purged":["Strike_B"],"score":344,"play_id":"c6702579-2725-4ce7-856b-35ab13441243","local_time":"20190407210310","is_ascension_mode":true,"campfire_choices":[{"data":"Zap","floor":6,"key":"SMITH"},{"floor":15,"key":"REST"},{"floor":25,"key":"REST"},{"data":"Storm","floor":28,"key":"SMITH"}],"neow_cost":"NO_GOLD","seed_source_timestamp":247019425547793,"circlet_count":0,"master_deck":["Strike_B","Defend_B","Defend_B","Zap+1","Dualcast","Redo","Streamline","Streamline","Creative AI+1","Conserve Battery","Glacier","Electrodynamics","Loop","Ball Lightning+1","Storm+1","Necronomicurse","White Noise+1","Auto Shields"],"relics":["Cracked Core","Sundial","Pear","Letter Opener","Velvet Choker","Necronomicon","Boot","The Courier","Ice Cream"],"potions_floor_usage":[12,23,30,30],"damage_taken":[{"damage":1,"enemies":"Cultist","floor":1,"turns":3},{"damage":2,"enemies":"Jaw Worm","floor":2,"turns":4},{"damage":7,"enemies":"Small Slimes","floor":3,"turns":2},{"damage":10,"enemies":"2 Fungi Beasts","floor":4,"turns":3},{"damage":11,"enemies":"Exordium Thugs","floor":7,"turns":3},{"damage":25,"enemies":"Lagavulin","floor":8,"turns":6},{"damage":33,"enemies":"Gremlin Nob","floor":10,"turns":4},{"damage":4,"enemies":"3 Louse","floor":11,"turns":2},{"damage":1,"enemies":"Blue Slaver","floor":12,"turns":2},{"damage":7,"enemies":"Hexaghost","floor":16,"turns":10},{"damage":12,"enemies":"3 Byrds","floor":18,"turns":3},{"damage":7,"enemies":"Spheric Guardian","floor":19,"turns":4},{"damage":13,"enemies":"Slavers","floor":23,"turns":4},{"damage":20,"enemies":"Snake Plant","floor":24,"turns":4},{"damage":0,"enemies":"Sentry and Sphere","floor":29,"turns":3},{"damage":30,"enemies":"Book of Stabbing","floor":30,"turns":3},{"damage":15,"enemies":"Shelled Parasite and Fungi","floor":31,"turns":1}],"seed_played":"4196722743007862589","potions_obtained":[{"floor":3,"key":"Explosive Potion"},{"floor":7,"key":"Ancient Potion"},{"floor":10,"key":"Block Potion"},{"floor":11,"key":"Fire Potion"},{"floor":12,"key":"SpeedPotion"},{"floor":23,"key":"SteroidPotion"}],"is_trial":false,"path_per_floor":["M","M","M","M","?","R","M","E","T","E","M","M","?","$","R","B",null,"M","M","$","?","?","E","M","R","T","?","R","M","E","M"],"character_chosen":"DEFECT","items_purchased":["Storm"],"campfire_rested":2,"item_purchase_floors":[20],"current_hp_per_floor":[74,72,65,55,73,73,62,37,47,14,10,9,9,9,34,27,85,73,66,66,50,50,37,17,42,42,42,42,42,12,0],"gold":100,"neow_bonus":"REMOVE_TWO","is_prod":false,"is_daily":false,"chose_seed":false,"campfire_upgraded":2,"win_rate":0,"timestamp":1554685390,"path_taken":["M","M","M","M","?","R","M","E","T","E","M","M","?","$","R","BOSS","M","M","$","?","?","E","M","R","T","?","R","M","E","M"],"build_version":"2019-01-23","purchased_purges":1,"victory":false,"max_hp_per_floor":[75,75,75,75,75,75,75,75,85,85,85,85,85,85,85,85,85,85,85,85,85,85,85,85,85,85,85,85,85,85,85],"card_choices":[{"not_picked":["Consume","Beam Cell"],"picked":"Redo","floor":1},{"not_picked":["Compile Driver","Gash"],"picked":"Streamline","floor":2},{"not_picked":["Blizzard","Hello World","Redo"],"picked":"SKIP","floor":3},{"not_picked":["Go for the Eyes","Turbo","Gash"],"picked":"SKIP","floor":4},{"not_picked":["Steam","Tempest"],"picked":"Streamline","floor":7},{"not_picked":["Sweeping Beam","Cold Snap"],"picked":"Creative AI","floor":8},{"not_picked":["Compile Driver","Hologram"],"picked":"Conserve Battery","floor":10},{"not_picked":["Ball Lightning","Chill"],"picked":"Glacier","floor":11},{"not_picked":["Aggregate","Genetic Algorithm","Turbo"],"picked":"SKIP","floor":12},{"not_picked":["Echo Form","Creative AI"],"picked":"Electrodynamics","floor":16},{"not_picked":["Gash+1","Melter"],"picked":"Loop","floor":18},{"not_picked":["Compile Driver","Turbo+1"],"picked":"Ball Lightning+1","floor":19},{"not_picked":["Static Discharge+1","Creative AI"],"picked":"White Noise+1","floor":23},{"not_picked":["Cold Snap","Gash","Sweeping Beam"],"picked":"SKIP","floor":24},{"not_picked":["Beam Cell","Redo","Skim+1"],"picked":"SKIP","floor":29},{"not_picked":["Static Discharge","Hologram"],"picked":"Auto Shields","floor":30}],"player_experience":360812,"relics_obtained":[{"floor":8,"key":"Sundial"},{"floor":9,"key":"Pear"},{"floor":10,"key":"Letter Opener"},{"floor":21,"key":"Necronomicon"},{"floor":23,"key":"Boot"},{"floor":26,"key":"The Courier"},{"floor":30,"key":"Ice Cream"}],"event_choices":[{"damage_healed":18,"gold_gain":0,"player_choice":"Healed","damage_taken":0,"max_hp_gain":0,"max_hp_loss":0,"event_name":"The Cleric","floor":5,"gold_loss":35},{"damage_healed":0,"gold_gain":0,"player_choice":"Forge","damage_taken":0,"max_hp_gain":0,"max_hp_loss":0,"event_name":"Accursed Blacksmith","floor":13,"gold_loss":0,"cards_upgraded":["Creative AI"]},{"damage_healed":0,"gold_gain":0,"player_choice":"Obtained Book","damage_taken":16,"max_hp_gain":0,"max_hp_loss":0,"event_name":"Cursed Tome","floor":21,"gold_loss":0},{"cards_removed":["Strike_B"],"damage_healed":0,"gold_gain":0,"player_choice":"Gave Gold","damage_taken":0,"max_hp_gain":0,"max_hp_loss":0,"event_name":"Beggar","floor":22,"gold_loss":75},{"cards_removed":["Defend_B"],"damage_healed":0,"gold_gain":0,"player_choice":"Purged","damage_taken":0,"max_hp_gain":0,"max_hp_loss":0,"event_name":"Purifier","floor":27,"gold_loss":0}],"is_beta":false,"boss_relics":[{"not_picked":["Philosopher\u0027s Stone","White Beast Statue"],"picked":"Velvet Choker"}],"items_purged_floors":[14],"is_endless":false,"potions_floor_spawned":[3,7,10,11,12,16,18,23,29],"killed_by":"Shelled Parasite and Fungi","ascension_level":4}