{"gold_per_floor":[116,116,116,129,142,175,175,189,189,189,214,233,158,217,217,314,314,314,274,274,18,18,18,18,18,18,18,18,18,18,18,18,18],"floor_reached":33,"playtime":1392,"items_purged":["Defend_R"],"score":277,"play_id":"43842629-ef68-4678-938d-8cdd6b5f66a4","local_time":"20190515155140","is_ascension_mode":false,"campfire_choices":[{"data":"Perfected Strike","floor":7,"key":"SMITH"},{"data":"Iron Wave","floor":10,"key":"SMITH"},{"floor":15,"key":"REST"},{"data":"Double Tap","floor":24,"key":"SMITH"},{"data":"Pommel Strike","floor":28,"key":"SMITH"},{"floor":32,"key":"REST"}],"neow_cost":"NONE","seed_source_timestamp":912053874499500,"circlet_count":0,"master_deck":["Strike_R+1","Strike_R","Strike_R","Strike_R+1","Strike_R+1","Defend_R","Defend_R","Defend_R","Bash+1","Shrug It Off","Flex","Perfected Strike+1","Iron Wave+1","Sword Boomerang","Pommel Strike+1","Shrug It Off","Double Tap+1","Perfected Strike+1","Shrug It Off","Pommel Strike+1","Clothesline+1","Sword Boomerang+1"],"relics":["Burning Blood","Anchor","Matryoshka","Peace Pipe","Ectoplasm","Molten Egg 2","Old Coin","Whetstone"],"potions_floor_usage":[11,16,33],"damage_taken":[{"damage":6,"enemies":"Jaw Worm","floor":1,"turns":3},{"damage":3,"enemies":"2 Louse","floor":4,"turns":4},{"damage":1,"enemies":"Cultist","floor":5,"turns":3},{"damage":50,"enemies":"3 Sentries","floor":6,"turns":11},{"damage":3,"enemies":"Red Slaver","floor":8,"turns":3},{"damage":23,"enemies":"Lagavulin","floor":11,"turns":5},{"damage":2,"enemies":"Blue Slaver","floor":12,"turns":3},{"damage":45,"enemies":"Hexaghost","floor":16,"turns":9},{"damage":10,"enemies":"3 Byrds","floor":18,"turns":6},{"damage":12,"enemies":"Shell Parasite","floor":20,"turns":3},{"damage":17,"enemies":"Gremlin Leader","floor":23,"turns":7},{"damage":0,"enemies":"Cultist and Chosen","floor":25,"turns":4},{"damage":5,"enemies":"Chosen and Byrds","floor":27,"turns":3},{"damage":20,"enemies":"Snake Plant","floor":30,"turns":3},{"damage":0,"enemies":"Snecko","floor":31,"turns":3},{"damage":91,"enemies":"Collector","floor":33,"turns":6}],"seed_played":"2139549043687037530","potions_obtained":[{"floor":4,"key":"FearPotion"},{"floor":5,"key":"AttackPotion"},{"floor":25,"key":"Swift Potion"},{"floor":31,"key":"Weak Potion"}],"is_trial":false,"path_per_floor":["M","?","?","M","M","E","R","M","T","R","E","M","$","?","R","B",null,"M","?","M","$","?","E","R","M","T","M","R","$","M","M","R","B"],"character_chosen":"IRONCLAD","items_purchased":["Molten Egg 2"],"campfire_rested":2,"item_purchase_floors":[21],"current_hp_per_floor":[80,80,80,80,80,36,36,39,39,39,22,26,26,26,50,11,80,76,76,70,70,70,59,59,65,65,66,66,66,52,58,80,0],"gold":18,"neow_bonus":"UPGRADE_CARD","is_prod":false,"is_daily":false,"chose_seed":false,"campfire_upgraded":4,"win_rate":0,"timestamp":1557931900,"path_taken":["M","?","?","?","M","E","R","M","T","R","E","M","?","?","R","BOSS","M","?","?","$","?","E","R","M","T","M","R","$","M","?","R","BOSS"],"build_version":"2019-01-23","purchased_purges":1,"victory":false,"max_hp_per_floor":[80,80,80,80,80,80,80,80,80,80,80,80,80,80,80,80,80,80,80,80,80,80,80,80,80,80,80,80,80,80,80,80,80],"card_choices":[{"not_picked":["Rupture","Iron Wave"],"picked":"Shrug It Off","floor":1},{"not_picked":["Warcry","Pummel"],"picked":"Flex","floor":4},{"not_picked":["Power Through","True Grit"],"picked":"Perfected Strike","floor":5},{"not_picked":["Shrug It Off","Intimidate"],"picked":"Iron Wave","floor":6},{"not_picked":["Combust","Second Wind"],"picked":"Sword Boomerang","floor":8},{"not_picked":["Blood for Blood","Exhume"],"picked":"Pommel Strike","floor":11},{"not_picked":["Headbutt","Sword Boomerang"],"picked":"Shrug It Off","floor":12},{"not_picked":["Fiend Fire","Brutality"],"picked":"Double Tap","floor":16},{"not_picked":["Corruption+1","Flex"],"picked":"Perfected Strike","floor":18},{"not_picked":["Heavy Blade","Flex"],"picked":"Shrug It Off","floor":20},{"not_picked":["Perfected Strike+1","Clash+1"],"picked":"Pommel Strike+1","floor":23},{"not_picked":["Evolve","Disarm"],"picked":"Clothesline+1","floor":25},{"not_picked":["Corruption","Rupture","Heavy Blade+1"],"picked":"SKIP","floor":27},{"not_picked":["Combust","Brutality","Warcry+1"],"picked":"SKIP","floor":30},{"not_picked":["Searing Blow+1","Clash+1"],"picked":"Sword Boomerang+1","floor":31}],"player_experience":1281443,"relics_obtained":[{"floor":6,"key":"Anchor"},{"floor":9,"key":"Matryoshka"},{"floor":11,"key":"Peace Pipe"},{"floor":23,"key":"Old Coin"},{"floor":26,"key":"Whetstone"}],"event_choices":[{"damage_healed":0,"gold_gain":0,"player_choice":"Ignored","damage_taken":0,"max_hp_gain":0,"max_hp_loss":0,"event_name":"Liars Game","floor":2,"gold_loss":0},{"damage_healed":0,"gold_gain":0,"player_choice":"Ignored","damage_taken":0,"max_hp_gain":0,"max_hp_loss":0,"event_name":"NoteForYourself","floor":3,"gold_loss":0},{"damage_healed":0,"gold_gain":59,"player_choice":"Gained Gold","damage_taken":0,"max_hp_gain":0,"max_hp_loss":0,"event_name":"Golden Wing","floor":14,"gold_loss":0},{"damage_healed":0,"gold_gain":0,"player_choice":"Upgraded Two","damage_taken":0,"max_hp_gain":0,"max_hp_loss":0,"event_name":"Designer","floor":19,"gold_loss":40,"cards_upgraded":["Strike_R","Perfected Strike"]},{"damage_healed":0,"gold_gain":0,"player_choice":"Ignored","damage_taken":0,"max_hp_gain":0,"max_hp_loss":0,"event_name":"Golden Shrine","floor":22,"gold_loss":0}],"is_beta":false,"boss_relics":[{"not_picked":["Calling Bell","Runic Dome"],"picked":"Ectoplasm"}],"items_purged_floors":[13],"is_endless":false,"potions_floor_spawned":[4,5,25,31],"killed_by":"Collector","ascension_level":0}