{"gold_per_floor":[118,118,131,231,248,280,50,75,112,124,153,165,197,219,231,341,353,376,388,410,521,549,561,601,220,220,234,109,109,109,127,127,224,224,243,19,31,31,48,48,82,92,117,117,117,127,127],"floor_reached":47,"playtime":1601,"items_purged":["Defend_R","Strike_R","Strike_R","Bash"],"score":682,"play_id":"c39978e5-92ee-4c2c-a27c-943fd1b6151d","local_time":"20190705161254","is_ascension_mode":true,"campfire_choices":[{"floor":10,"key":"REST"},{"floor":12,"key":"REST"},{"data":"Limit Break","floor":15,"key":"SMITH"},{"data":"Whirlwind","floor":23,"key":"SMITH"},{"data":"Seeing Red","floor":32,"key":"SMITH"},{"floor":40,"key":"REST"},{"floor":44,"key":"REST"}],"neow_cost":"NONE","seed_source_timestamp":919156836761,"circlet_count":0,"master_deck":["Strike_R+1","Defend_R","Defend_R","Defend_R","Thunderclap+1","Ghostly Armor","Whirlwind+1","Spot Weakness","Limit Break+1","Double Tap","Ghostly Armor+1","Warcry+1","Seeing Red+1","Battle Trance","Seeing Red"],"relics":["Black Blood","Omamori","MawBank","Art of War","Velvet Choker","Self Forming Clay","Whetstone","PreservedInsect","Ginger","Mercury Hourglass","Oddly Smooth Stone"],"potions_floor_usage":[6,8,16,27,33,47,47],"damage_taken":[{"damage":5,"enemies":"2 Louse","floor":1,"turns":3},{"damage":10,"enemies":"Small Slimes","floor":3,"turns":4},{"damage":9,"enemies":"Cultist","floor":5,"turns":5},{"damage":61,"enemies":"Lagavulin","floor":6,"turns":9},{"damage":5,"enemies":"3 Sentries","floor":8,"turns":4},{"damage":36,"enemies":"Large Slime","floor":11,"turns":6},{"damage":12,"enemies":"Red Slaver","floor":13,"turns":4},{"damage":6,"enemies":"Blue Slaver","floor":14,"turns":5},{"damage":28,"enemies":"Hexaghost","floor":16,"turns":8},{"damage":12,"enemies":"Chosen","floor":18,"turns":5},{"damage":3,"enemies":"3 Byrds","floor":20,"turns":4},{"damage":8,"enemies":"Snecko","floor":22,"turns":5},{"damage":19,"enemies":"Slavers","floor":24,"turns":2},{"damage":26,"enemies":"Chosen and Byrds","floor":27,"turns":5},{"damage":6,"enemies":"3 Cultists","floor":31,"turns":3},{"damage":27,"enemies":"Collector","floor":33,"turns":7},{"damage":31,"enemies":"3 Shapes","floor":35,"turns":3},{"damage":0,"enemies":"3 Darklings","floor":37,"turns":2},{"damage":38,"enemies":"Transient","floor":39,"turns":5},{"damage":30,"enemies":"Giant Head","floor":41,"turns":6},{"damage":33,"enemies":"Sphere and 2 Shapes","floor":42,"turns":3},{"damage":38,"enemies":"Spire Growth","floor":46,"turns":6},{"damage":21,"enemies":"Transient","floor":47,"turns":3}],"seed_played":"-7765837310376734252","potions_obtained":[{"floor":3,"key":"Weak Potion"},{"floor":6,"key":"Explosive Potion"},{"floor":8,"key":"GamblersBrew"},{"floor":11,"key":"Fire Potion"},{"floor":20,"key":"FearPotion"},{"floor":24,"key":"BloodPotion"},{"floor":31,"key":"PowerPotion"},{"floor":37,"key":"Energy Potion"},{"floor":42,"key":"AttackPotion"}],"is_trial":false,"path_per_floor":["M","?","M","?","M","E","$","E","T","R","M","R","M","M","R","B",null,"M","?","M","?","M","R","E","$","T","M","$","?","$","M","R","B",null,"M","$","M","$","M","R","E","M","T","R","$","M","M"],"character_chosen":"IRONCLAD","items_purchased":["Limit Break","Whetstone","PreservedInsect","Battle Trance"],"campfire_rested":4,"item_purchase_floors":[7,25,25,36],"current_hp_per_floor":[81,81,77,77,74,19,19,20,20,46,16,42,36,36,36,14,70,64,64,67,67,65,65,52,52,52,54,54,54,54,54,54,33,74,53,53,63,63,35,61,41,18,18,44,44,16,0],"gold":127,"neow_bonus":"TEN_PERCENT_HP_BONUS","is_prod":false,"is_daily":false,"chose_seed":false,"campfire_upgraded":3,"win_rate":0,"timestamp":1562335974,"path_taken":["M","?","M","?","M","E","$","E","T","R","M","R","M","?","R","BOSS","M","?","?","?","M","R","E","?","T","M","$","?","$","?","R","BOSS","M","$","M","$","M","R","E","M","T","R","?","M","M"],"build_version":"2019-07-01","purchased_purges":4,"victory":false,"max_hp_per_floor":[88,88,88,88,88,88,88,88,88,88,88,88,88,88,88,88,88,88,88,88,88,88,88,88,88,88,88,88,88,88,88,88,88,88,88,88,88,88,88,88,88,88,88,88,88,88,88],"card_choices":[{"not_picked":["Armaments","Clash"],"picked":"Thunderclap","floor":1},{"not_picked":["Warcry","Rampage"],"picked":"Ghostly Armor","floor":3},{"not_picked":["Clash","Thunderclap"],"picked":"Whirlwind","floor":5},{"not_picked":["Reckless Charge","Exhume"],"picked":"Spot Weakness","floor":6},{"not_picked":["Anger","Wild Strike","Iron Wave"],"picked":"SKIP","floor":8},{"not_picked":["Blood for Blood","Heavy Blade","Iron Wave"],"picked":"SKIP","floor":11},{"not_picked":["Twin Strike","Evolve","Rampage"],"picked":"SKIP","floor":13},{"not_picked":["Iron Wave","Clothesline","Berserk"],"picked":"SKIP","floor":14},{"not_picked":["Reaper","Barricade"],"picked":"Double Tap","floor":16},{"not_picked":["Combust","Twin Strike"],"picked":"Ghostly Armor+1","floor":18},{"not_picked":["Armaments","Clash+1"],"picked":"Warcry+1","floor":20},{"not_picked":["Clash","Anger+1","Clothesline"],"picked":"SKIP","floor":22},{"not_picked":["Demon Form","Combust+1","Body Slam"],"picked":"SKIP","floor":24},{"not_picked":["Sword Boomerang","Dropkick","Twin Strike+1"],"picked":"SKIP","floor":27},{"not_picked":["Burning Pact","Iron Wave+1"],"picked":"Seeing Red","floor":31},{"not_picked":["Rage+1","Wild Strike","Cleave"],"picked":"SKIP","floor":35},{"not_picked":["Clash","Armaments+1","Hemokinesis"],"picked":"SKIP","floor":37},{"not_picked":["Anger+1","Pommel Strike","Burning Pact"],"picked":"SKIP","floor":39},{"not_picked":["Cleave+1","Infernal Blade+1"],"picked":"Seeing Red","floor":41},{"not_picked":["Headbutt","Rupture+1","Rage+1"],"picked":"SKIP","floor":42},{"not_picked":["Dual Wield","Intimidate+1","Clash+1"],"picked":"SKIP","floor":46}],"player_experience":163823,"relics_obtained":[{"floor":6,"key":"Omamori"},{"floor":8,"key":"MawBank"},{"floor":9,"key":"Art of War"},{"floor":24,"key":"Self Forming Clay"},{"floor":26,"key":"Ginger"},{"floor":41,"key":"Mercury Hourglass"},{"floor":43,"key":"Oddly Smooth Stone"}],"event_choices":[{"cards_removed":["Strike_R"],"damage_healed":0,"gold_gain":0,"player_choice":"Forget","damage_taken":0,"max_hp_gain":0,"max_hp_loss":0,"event_name":"Living Wall","floor":2,"gold_loss":0},{"damage_healed":0,"gold_gain":100,"player_choice":"Pray","damage_taken":0,"max_hp_gain":0,"max_hp_loss":0,"event_name":"Golden Shrine","floor":4,"gold_loss":0},{"cards_removed":["Strike_R"],"damage_healed":0,"gold_gain":0,"player_choice":"Purged","damage_taken":0,"max_hp_gain":0,"max_hp_loss":0,"event_name":"Purifier","floor":19,"gold_loss":0},{"damage_healed":0,"gold_gain":99,"player_choice":"Stole From Cult","damage_taken":0,"max_hp_gain":0,"max_hp_loss":0,"event_name":"Nest","floor":21,"gold_loss":0},{"damage_healed":0,"gold_gain":0,"player_choice":"Ignored","damage_taken":0,"max_hp_gain":0,"max_hp_loss":0,"event_name":"Ghosts","floor":29,"gold_loss":0}],"is_beta":false,"boss_relics":[{"not_picked":["Runic Dome","Busted Crown"],"picked":"Velvet Choker"},{"not_picked":["White Beast Statue","Philosopher\u0027s Stone"],"picked":"Black Blood"}],"items_purged_floors":[7,25,28,36],"is_endless":false,"potions_floor_spawned":[3,6,8,11,20,24,31,37,39,42],"killed_by":"Transient","ascension_level":7}