{"path_per_floor":["M","M","?","M","M","E","M","?","T","$","R","E","R","E","R","B",null,"M","$","M","M","?","M","M","?","T","?","E","R","E","M","R","B",null,"M","?","?","M","M","E","R","M","T"],"character_chosen":"THE_SILENT","items_purchased":["Meat on the Bone","Footwork","Well Laid Plans","Backflip"],"gold_per_floor":[116,126,126,146,167,211,236,411,411,17,17,50,50,85,85,216,216,234,146,167,192,192,210,230,145,225,225,264,264,305,328,328,454,454,468,468,468,482,507,547,547,568,568],"floor_reached":44,"campfire_rested":0,"playtime":7406,"current_hp_per_floor":[68,65,48,48,47,44,44,44,44,44,44,41,41,38,38,46,70,70,70,58,49,49,50,50,50,60,44,36,36,25,38,38,47,84,51,51,51,45,45,26,40,34,34],"items_purged":["Doubt"],"gold":568,"play_id":"e38c52e5-4904-4526-9703-7d0a7cab08d4","is_prod":false,"is_daily":false,"campfire_rituals":0,"campfire_upgraded":6,"is_hardmode":false,"path_taken":["M","M","?","M","M","E","?","?","T","$","R","E","R","E","R","BOSS","M","$","M","M","?","M","M","?","T","?","E","R","E","M","R","BOSS","M","?","?","M","?","E","R","M","T","E"],"build_version":"2018-01-11-PROD2","purchased_purges":1,"victory":false,"master_deck":["Defend_G","Defend_G","Defend_G","Defend_G","Defend_G","Strike_G","Strike_G","Strike_G","Strike_G","Survivor","Neutralize","Footwork","Poisoned Stab","Leg Sweep","Dash","Burst","Bouncing Flask","Footwork","Deflect","Backflip","Burst","Prepared","Well Laid Plans","Backflip","Prepared","Acrobatics","Escape Plan","Pain","Necronomicurse","Outmaneuver","Flying Knee","Adrenaline","Writhe","Predator","Backflip","Grand Finale","Prepared","Injury"],"max_hp_per_floor":[70,70,70,70,70,70,70,70,70,70,70,70,70,70,70,70,70,70,70,70,70,70,72,72,72,82,82,82,82,82,84,84,84,84,84,84,84,84,84,86,86,86,86],"relics":["Ring of the Snake","Golden Idol","Singing Bowl","Frozen Eye","Meat on the Bone","Ninja Scroll","Frozen Egg","Cursed Key","Lantern","Pear","Necronomicon","Ice Cream","Smiling Mask","Eternal Feather","Pen Nib","Ornamental Fan"],"campfire_meditates":0,"card_choices":[{"not_picked":["Dodge and Roll","Acrobatics"],"picked":"Footwork"},{"not_picked":["Skewer","Dagger Throw"],"picked":"Poisoned Stab"},{"not_picked":["Acrobatics","Dodge and Roll"],"picked":"Leg Sweep"},{"not_picked":["Envenom","Cloak And Dagger"],"picked":"Dash"},{"not_picked":["Setup","Caltrops"],"picked":"Burst"},{"not_picked":["Endless Agony","Dodge and Roll"],"picked":"Bouncing Flask"},{"not_picked":["Calculated Gamble","Eviscerate"],"picked":"Deflect"},{"not_picked":["Outmaneuver","Dagger Spray"],"picked":"Backflip"},{"not_picked":["Tools of the Trade","Die Die Die"],"picked":"Burst"},{"not_picked":["Slice","Dagger Throw"],"picked":"Prepared"},{"not_picked":["Flying Knee","Deflect"],"picked":"Prepared"},{"not_picked":["Dagger Spray","Crippling Poison"],"picked":"Acrobatics"},{"not_picked":["PiercingWail","Dash"],"picked":"Escape Plan"},{"not_picked":["Endless Agony","Acrobatics"],"picked":"Outmaneuver"},{"not_picked":["Outmaneuver","Reflex"],"picked":"Flying Knee"},{"not_picked":["Die Die Die","Tactician"],"picked":"Adrenaline"},{"not_picked":["PiercingWail","Deadly Poison"],"picked":"Predator"},{"not_picked":["Dodge and Roll","Dagger Throw"],"picked":"Backflip"},{"not_picked":["Deadly Poison","Poisoned Stab"],"picked":"Grand Finale"},{"not_picked":["PiercingWail","Outmaneuver"],"picked":"Prepared"}],"player_experience":175683,"potions_floor_usage":[24,28,30],"damage_taken":[{"damage":2.0,"enemies":"Blue Slaver","floor":1.0,"turns":5.0},{"damage":3.0,"enemies":"2 Louse","floor":2.0,"turns":2.0},{"damage":0.0,"enemies":"Jaw Worm","floor":4.0,"turns":3.0},{"damage":1.0,"enemies":"Red Slaver","floor":5.0,"turns":7.0},{"damage":18.0,"enemies":"Lagavulin","floor":6.0,"turns":10.0},{"damage":0.0,"enemies":"2 Fungi Beasts","floor":7.0,"turns":5.0},{"damage":3.0,"enemies":"3 Sentries","floor":12.0,"turns":13.0},{"damage":3.0,"enemies":"Gremlin Nob","floor":14.0,"turns":4.0},{"damage":4.0,"enemies":"Hexaghost","floor":16.0,"turns":13.0},{"damage":0.0,"enemies":"Spheric Guardian","floor":18.0,"turns":2.0},{"damage":12.0,"enemies":"Shell Parasite","floor":20.0,"turns":5.0},{"damage":9.0,"enemies":"3 Cultists","floor":21.0,"turns":9.0},{"damage":1,"enemies":"Chosen and Byrds","floor":23,"turns":8},{"damage":0,"enemies":"Snecko","floor":24,"turns":4},{"damage":20,"enemies":"Book of Stabbing","floor":28,"turns":7},{"damage":23,"enemies":"Gremlin Leader","floor":30,"turns":7},{"damage":1,"enemies":"Snake Plant","floor":31,"turns":3},{"damage":3,"enemies":"Champ","floor":33,"turns":12},{"damage":33,"enemies":"3 Darklings","floor":35,"turns":8},{"damage":6,"enemies":"Orb Walker","floor":38,"turns":3},{"damage":12,"enemies":"4 Shapes","floor":39,"turns":6},{"damage":33,"enemies":"2 Orb Walkers","floor":40,"turns":7},{"damage":18,"enemies":"Sphere and 2 Shapes","floor":42,"turns":6},{"damage":38,"enemies":"Giant Head","floor":44,"turns":8}],"event_choices":[{"event_name":"Golden Idol","player_choice":"Take Damage","floor":3.0,"damage_taken":0.0},{"event_name":"Liars Game","player_choice":"agreed","floor":8.0,"damage_taken":0.0},{"event_name":"Back to Basics","player_choice":"Simplicity","floor":22.0,"damage_taken":0.0},{"event_name":"Addict","player_choice":"Obtained Relic","floor":25,"damage_taken":0},{"event_name":"Cursed Tome","player_choice":"Obtained Book","floor":27,"damage_taken":0},{"event_name":"Tomb of Lord Red Mask","player_choice":"Ignored","floor":37,"damage_taken":0}],"boss_relics":[{"not_picked":["The Specimen","Runic Pyramid"],"picked":"Eternal Feather"}],"potions_floor_spawned":[1,7,12,20,21,31,35,38,40],"seed_played":"3715058635102253104","killed_by":"Giant Head","is_trial":false}