{"gold_per_floor":[114,131,131,143,156,156,156,156,156,179,199,224,255,255,255,255],"floor_reached":16,"playtime":545,"items_purged":[],"score":203,"play_id":"5ad5bfb2-59a2-46f2-847b-d256c19f71fe","local_time":"20190120000347","is_ascension_mode":true,"campfire_choices":[{"data":"Neutralize","floor":6,"key":"SMITH"},{"data":"Dash","floor":8,"key":"SMITH"},{"data":"Footwork","floor":15,"key":"SMITH"}],"neow_cost":"NONE","seed_source_timestamp":307745386017437,"circlet_count":0,"master_deck":["AscendersBane","Defend_G","Defend_G","Defend_G","Defend_G","Defend_G","Strike_G","Strike_G","Strike_G","Strike_G","Strike_G","Survivor","Neutralize+1","Footwork+1","Dash+1","Slice","Blur","Bouncing Flask+1","Backflip"],"relics":["Ring of the Snake","Golden Idol","Bag of Marbles","Ninja Scroll"],"potions_floor_usage":[5,10,13],"damage_taken":[{"damage":0,"enemies":"Cultist","floor":1,"turns":4},{"damage":12,"enemies":"Small Slimes","floor":2,"turns":5},{"damage":0,"enemies":"2 Louse","floor":4,"turns":4},{"damage":35,"enemies":"Exordium Thugs","floor":5,"turns":7},{"damage":0,"enemies":"Gremlin Gang","floor":10,"turns":1},{"damage":0,"enemies":"Blue Slaver","floor":11,"turns":2},{"damage":0,"enemies":"2 Fungi Beasts","floor":12,"turns":4},{"damage":13,"enemies":"3 Sentries","floor":13,"turns":10},{"damage":29,"enemies":"The Guardian","floor":16,"turns":6}],"seed_played":"-2761578917259621196","potions_obtained":[{"floor":1,"key":"Regen Potion"},{"floor":5,"key":"AttackPotion"},{"floor":10,"key":"Explosive Potion"}],"is_trial":false,"path_per_floor":["M","M","?","M","M","R","?","R","T","M","M","M","E","?","R","B"],"character_chosen":"THE_SILENT","items_purchased":[],"campfire_rested":0,"item_purchase_floors":[],"current_hp_per_floor":[65,53,58,58,38,38,38,38,38,38,38,38,25,25,25,0],"gold":255,"neow_bonus":"TEN_PERCENT_HP_BONUS","is_prod":false,"is_daily":false,"chose_seed":false,"campfire_upgraded":3,"win_rate":0,"timestamp":1547942627,"path_taken":["M","?","?","M","M","R","?","R","T","M","M","M","E","?","R","BOSS"],"build_version":"2019-01-17v2","purchased_purges":0,"victory":false,"max_hp_per_floor":[72,72,77,77,77,77,70,70,70,70,70,70,70,70,70,70],"card_choices":[{"not_picked":["Slice","Well Laid Plans"],"picked":"Footwork","floor":1},{"not_picked":["Well Laid Plans","Quick Slash"],"picked":"Dash","floor":2},{"not_picked":["Acrobatics","Infinite Blades","Bane"],"picked":"SKIP","floor":4},{"not_picked":["Prepared","Terror"],"picked":"Slice","floor":5},{"not_picked":["Underhanded Strike","Skewer","Wraith Form v2"],"picked":"SKIP","floor":10},{"not_picked":["Underhanded Strike","Bane"],"picked":"Blur","floor":11},{"not_picked":["Blade Dance","Setup"],"picked":"Bouncing Flask","floor":12},{"not_picked":["Outmaneuver","Leg Sweep"],"picked":"Backflip","floor":13}],"player_experience":1200799,"relics_obtained":[{"floor":9,"key":"Bag of Marbles"},{"floor":13,"key":"Ninja Scroll"}],"event_choices":[{"damage_healed":0,"gold_gain":0,"player_choice":"Donut","damage_taken":0,"max_hp_gain":5,"max_hp_loss":0,"event_name":"Big Fish","floor":3,"gold_loss":0},{"damage_healed":0,"gold_gain":0,"player_choice":"Lose Max HP","damage_taken":0,"relics_obtained":["Golden Idol"],"max_hp_gain":0,"max_hp_loss":7,"event_name":"Golden Idol","floor":7,"gold_loss":0},{"damage_healed":0,"gold_gain":0,"player_choice":"Forge","damage_taken":0,"max_hp_gain":0,"max_hp_loss":0,"event_name":"Accursed Blacksmith","floor":14,"gold_loss":0,"cards_upgraded":["Bouncing Flask"]}],"is_beta":false,"boss_relics":[],"items_purged_floors":[],"is_endless":false,"potions_floor_spawned":[1,5,10],"killed_by":"The Guardian","ascension_level":19}