{"gold_per_floor":[131,206,84,122,122,122,122,122,122,122,163,163,241,278,278,303],"floor_reached":16,"playtime":865,"items_purged":[],"score":98,"play_id":"305be9da-0590-4c1e-9235-4e23f19f23dc","local_time":"20190703201627","is_ascension_mode":false,"campfire_choices":[{"data":"Armaments","floor":6,"key":"SMITH"},{"data":"HandOfGreed","floor":8,"key":"SMITH"},{"data":"Pommel Strike","floor":10,"key":"SMITH"},{"data":"Anger","floor":12,"key":"SMITH"},{"data":"Cleave","floor":15,"key":"SMITH"}],"neow_cost":"CURSE","seed_source_timestamp":355779985371009,"circlet_count":0,"master_deck":["Strike_R","Strike_R","Strike_R","Strike_R","Strike_R","Defend_R","Defend_R","Defend_R","Defend_R","Bash","Panacea","HandOfGreed+1","Writhe","Pommel Strike+1","Armaments+1","Regret","Anger+1","Bloodletting","Cleave+1"],"relics":["Burning Blood","Dream Catcher","Gambling Chip","Pear","Kunai","PreservedInsect"],"potions_floor_usage":[13,16],"damage_taken":[{"damage":3,"enemies":"Small Slimes","floor":1,"turns":3},{"damage":1,"enemies":"Cultist","floor":4,"turns":3},{"damage":6,"enemies":"Jaw Worm","floor":11,"turns":5},{"damage":24,"enemies":"3 Sentries","floor":13,"turns":7},{"damage":5,"enemies":"Exordium Thugs","floor":14,"turns":4},{"damage":56,"enemies":"Slime Boss","floor":16,"turns":6}],"seed_played":"4396494029030931595","potions_obtained":[{"floor":4,"key":"AttackPotion"},{"floor":13,"key":"Regen Potion"}],"is_trial":false,"path_per_floor":["M","?","?","M","?","R","?","R","T","R","M","R","E","M","R","B"],"character_chosen":"IRONCLAD","items_purchased":[],"campfire_rested":0,"item_purchase_floors":[],"current_hp_per_floor":[80,69,69,74,56,56,66,66,66,66,66,66,48,49,49,0],"gold":303,"neow_bonus":"RANDOM_COLORLESS_2","is_prod":false,"is_daily":false,"chose_seed":false,"campfire_upgraded":5,"win_rate":0.0,"timestamp":1562152587,"path_taken":["M","?","?","?","?","R","?","R","T","R","M","R","E","M","R","BOSS"],"build_version":"2019-07-01","purchased_purges":0,"victory":false,"max_hp_per_floor":[80,80,80,80,80,80,90,90,90,90,90,90,90,90,90,90],"card_choices":[{"not_picked":["Bloodletting","Reckless Charge"],"picked":"Pommel Strike","floor":1},{"not_picked":["Rage","Pommel Strike"],"picked":"Armaments","floor":4},{"not_picked":["Clothesline","Fire Breathing"],"picked":"Anger","floor":11},{"not_picked":["Sword Boomerang","Battle Trance"],"picked":"Bloodletting","floor":13},{"not_picked":["Carnage","Thunderclap"],"picked":"Cleave","floor":14}],"player_experience":5629,"relics_obtained":[{"floor":9,"key":"Kunai"},{"floor":13,"key":"PreservedInsect"}],"event_choices":[{"damage_healed":0,"gold_gain":75,"player_choice":"Gather Gold","damage_taken":11,"max_hp_gain":0,"max_hp_loss":0,"event_name":"World of Goop","floor":2,"gold_loss":0},{"damage_healed":0,"gold_gain":0,"player_choice":"Paid Gold","damage_taken":0,"relics_obtained":["Dream Catcher"],"max_hp_gain":0,"max_hp_loss":0,"event_name":"WeMeetAgain","floor":3,"gold_loss":122},{"damage_healed":0,"gold_gain":0,"player_choice":"Success","damage_taken":18,"relics_obtained":["Gambling Chip"],"max_hp_gain":0,"max_hp_loss":0,"event_name":"Scrap Ooze","floor":5,"gold_loss":0},{"damage_healed":0,"gold_gain":0,"player_choice":"Box","damage_taken":0,"relics_obtained":["Pear"],"max_hp_gain":0,"max_hp_loss":0,"event_name":"Big Fish","floor":7,"gold_loss":0,"cards_obtained":["Regret"]}],"is_beta":false,"boss_relics":[],"items_purged_floors":[],"is_endless":false,"potions_floor_spawned":[4,13],"killed_by":"Slime Boss","ascension_level":0}