{"gold_per_floor":[117,127,140,240,255,287,287,184,231,260,272,233,243,243,243,243],"floor_reached":16,"playtime":856,"items_purged":[],"score":132,"play_id":"ee7a44d3-8be1-452c-af9b-f403eb4f14ba","local_time":"20181226000959","is_ascension_mode":true,"campfire_choices":[{"data":"Dualcast","floor":7,"key":"SMITH"},{"data":"Chill","floor":11,"key":"SMITH"},{"data":"White Noise","floor":15,"key":"SMITH"}],"neow_cost":"NONE","seed_source_timestamp":92329106451251,"circlet_count":0,"master_deck":["Strike_B","Strike_B","Strike_B","Strike_B","Defend_B","Defend_B","Defend_B","Defend_B","Zap","Dualcast+1","Conserve Battery","Cold Snap","White Noise+1","Hologram","Go for the Eyes","Genetic Algorithm","Self Repair","Chill+1","Turbo","Barrage"],"relics":["Cracked Core","Shuriken","Centennial Puzzle","MawBank","FaceOfCleric"],"potions_floor_usage":[6,16,16],"damage_taken":[{"damage":2,"enemies":"Jaw Worm","floor":1,"turns":3},{"damage":0,"enemies":"Cultist","floor":2,"turns":4},{"damage":4,"enemies":"Small Slimes","floor":3,"turns":3},{"damage":10,"enemies":"Red Slaver","floor":5,"turns":4},{"damage":17,"enemies":"3 Sentries","floor":6,"turns":11},{"damage":18,"enemies":"Gremlin Nob","floor":10,"turns":4},{"damage":10,"enemies":"Exordium Wildlife","floor":13,"turns":7},{"damage":39,"enemies":"Slime Boss","floor":16,"turns":6}],"seed_played":"-30034449280213919","potions_obtained":[{"floor":3,"key":"Block Potion"},{"floor":6,"key":"SkillPotion"},{"floor":10,"key":"FearPotion"}],"is_trial":false,"path_per_floor":["M","M","M","?","M","E","R","$","T","E","R","$","M","?","R","B"],"character_chosen":"DEFECT","items_purchased":["Genetic Algorithm","Self Repair","Turbo"],"campfire_rested":0,"item_purchase_floors":[8,8,12],"current_hp_per_floor":[80,80,76,76,66,49,49,49,49,38,38,38,35,35,35,0],"gold":243,"neow_bonus":"TEN_PERCENT_HP_BONUS","is_prod":false,"is_daily":false,"chose_seed":false,"campfire_upgraded":3,"win_rate":0,"timestamp":1545811799,"path_taken":["M","M","M","?","M","E","R","$","T","E","R","?","M","?","R","BOSS"],"build_version":"2018-12-20","purchased_purges":0,"victory":false,"max_hp_per_floor":[82,82,82,82,82,82,82,82,82,82,82,82,82,82,82,82],"card_choices":[{"not_picked":["Ball Lightning","Steam Power"],"picked":"Conserve Battery","floor":1},{"not_picked":["Sweeping Beam","Doom and Gloom"],"picked":"Cold Snap","floor":2},{"not_picked":["Ball Lightning","Gash"],"picked":"White Noise","floor":3},{"not_picked":["Biased Cognition","Barrage"],"picked":"Hologram","floor":5},{"not_picked":["Rip and Tear","Gash"],"picked":"Go for the Eyes","floor":6},{"not_picked":["Conserve Battery","Barrage"],"picked":"Chill","floor":10},{"not_picked":["Steam","Streamline"],"picked":"Barrage","floor":13}],"player_experience":115604,"relics_obtained":[{"floor":6,"key":"Shuriken"},{"floor":9,"key":"Centennial Puzzle"},{"floor":10,"key":"MawBank"}],"event_choices":[{"damage_healed":0,"gold_gain":100,"player_choice":"Pray","damage_taken":0,"max_hp_gain":0,"max_hp_loss":0,"event_name":"Golden Shrine","floor":4,"gold_loss":0},{"damage_healed":0,"gold_gain":0,"player_choice":"Trade","damage_taken":0,"relics_obtained":["FaceOfCleric"],"max_hp_gain":0,"max_hp_loss":0,"event_name":"FaceTrader","floor":14,"gold_loss":0}],"is_beta":false,"boss_relics":[],"items_purged_floors":[],"is_endless":false,"potions_floor_spawned":[3,6,10],"killed_by":"Slime Boss","ascension_level":4}