{"gold_per_floor":[142,142,142,159,80,111,111,146,194,194,211,91,118,133,133,233,233,251,6,16,36,62,95,108,108,108,83,100,100],"floor_reached":29,"playtime":1745,"items_purged":["Strike_G","Regret"],"score":331,"play_id":"5f4353f4-83ee-4360-89e5-dc0db1a99125","local_time":"20190310162502","is_ascension_mode":true,"campfire_choices":[{"floor":7,"key":"REST"},{"data":"1","floor":15,"key":"LIFT"},{"floor":25,"key":"REST"}],"neow_cost":"NONE","seed_source_timestamp":826981236590617,"circlet_count":0,"master_deck":["Defend_G","Defend_G","Defend_G","Defend_G","Defend_G","Strike_G","Strike_G","Strike_G","Strike_G","Survivor","Neutralize","Footwork","Predator","Well Laid Plans","Poisoned Stab","Adrenaline","Dodge and Roll","Dagger Spray","Deadly Poison","PiercingWail","Malaise","Clumsy","Pain","Quick Slash","Bouncing Flask","Crippling Poison","Blur","Well Laid Plans","Poisoned Stab","Poisoned Stab+1","Bane"],"relics":["Ring of the Snake","Tiny Chest","Bag of Preparation","CultistMask","Dream Catcher","Girya","Anchor","Happy Flower","Calling Bell","Juzu Bracelet","Question Card","Turnip","Oddly Smooth Stone","Bag of Marbles","Potion Belt","Prayer Wheel"],"potions_floor_usage":[11,23,23],"damage_taken":[{"damage":7,"enemies":"Small Slimes","floor":1,"turns":4},{"damage":0,"enemies":"2 Louse","floor":4,"turns":5},{"damage":19,"enemies":"3 Sentries","floor":6,"turns":11},{"damage":20,"enemies":"Lagavulin","floor":8,"turns":7},{"damage":0,"enemies":"Cultist","floor":11,"turns":2},{"damage":0,"enemies":"3 Sentries","floor":13,"turns":10},{"damage":0,"enemies":"Red Slaver","floor":14,"turns":4},{"damage":6,"enemies":"The Guardian","floor":16,"turns":11},{"damage":16,"enemies":"3 Byrds","floor":18,"turns":6},{"damage":8,"enemies":"Shell Parasite","floor":20,"turns":7},{"damage":21,"enemies":"Snake Plant","floor":21,"turns":5},{"damage":12,"enemies":"Book of Stabbing","floor":23,"turns":7},{"damage":13,"enemies":"Snecko","floor":24,"turns":5},{"damage":26,"enemies":"Shelled Parasite and Fungi","floor":28,"turns":5},{"damage":18,"enemies":"Sentry and Sphere","floor":29,"turns":5}],"seed_played":"-7449590557521715804","potions_obtained":[{"floor":1,"key":"EssenceOfSteel"},{"floor":8,"key":"SteroidPotion"},{"floor":10,"key":"Ancient Potion"},{"floor":10,"key":"Fruit Juice"},{"floor":10,"key":"Fire Potion"},{"floor":11,"key":"Swift Potion"},{"floor":18,"key":"PowerPotion"},{"floor":21,"key":"Regen Potion"},{"floor":23,"key":"Strength Potion"}],"is_trial":false,"path_per_floor":["M","?","?","M","$","E","R","E","T","?","M","$","E","M","R","B",null,"M","$","M","M","T","E","M","R","T","$","M","M"],"character_chosen":"THE_SILENT","items_purchased":["Well Laid Plans","Dagger Spray","Oddly Smooth Stone","Poisoned Stab"],"campfire_rested":2,"item_purchase_floors":[5,12,19,27],"current_hp_per_floor":[63,56,56,56,56,37,58,38,38,38,43,43,43,43,43,37,75,59,59,51,30,30,33,20,42,42,42,16,0],"gold":100,"neow_bonus":"RANDOM_COMMON_RELIC","is_prod":false,"is_daily":false,"chose_seed":false,"campfire_upgraded":0,"win_rate":0,"timestamp":1552249502,"path_taken":["M","?","?","?","?","E","R","E","T","?","M","$","E","M","R","BOSS","M","$","M","M","?","E","M","R","T","$","M","M"],"build_version":"2019-01-23","purchased_purges":2,"victory":false,"max_hp_per_floor":[70,70,70,70,70,70,70,70,70,70,75,75,75,75,75,75,75,75,75,75,75,75,75,75,75,75,75,75,75],"card_choices":[{"not_picked":["Quick Slash","Dagger Spray"],"picked":"Footwork","floor":1},{"not_picked":["Distraction","Caltrops"],"picked":"Predator","floor":4},{"not_picked":["Deflect","Deadly Poison"],"picked":"Poisoned Stab","floor":6},{"not_picked":["Choke","Flying Knee"],"picked":"Adrenaline","floor":7},{"not_picked":["Expertise","Dagger Throw","Acrobatics"],"picked":"SKIP","floor":8},{"not_picked":["Reflex","Outmaneuver"],"picked":"Dodge and Roll","floor":11},{"not_picked":["Accuracy","Bane"],"picked":"Deadly Poison","floor":13},{"not_picked":["Cloak And Dagger","Acrobatics"],"picked":"PiercingWail","floor":14},{"not_picked":["Glass Knife","After Image"],"picked":"Malaise","floor":16},{"not_picked":["Cloak And Dagger","Infinite Blades","Underhanded Strike","Acrobatics"],"picked":"SKIP","floor":18},{"not_picked":["Outmaneuver+1","Infinite Blades","Acrobatics"],"picked":"Quick Slash","floor":20},{"not_picked":["Underhanded Strike+1","Heel Hook+1","Choke"],"picked":"Bouncing Flask","floor":21},{"not_picked":["Slice","Prepared","A Thousand Cuts"],"picked":"Crippling Poison","floor":23},{"not_picked":["Outmaneuver","Dagger Throw","Backflip"],"picked":"Blur","floor":24},{"not_picked":["Heel Hook+1","Tactician","Slice"],"picked":"Well Laid Plans","floor":25},{"not_picked":["Dagger Throw","Outmaneuver","Infinite Blades"],"picked":"Poisoned Stab+1","floor":28},{"not_picked":["Deadly Poison","Flying Knee","Deflect"],"picked":"Bane","floor":28}],"player_experience":290808,"relics_obtained":[{"floor":6,"key":"Dream Catcher"},{"floor":8,"key":"Girya"},{"floor":9,"key":"Anchor"},{"floor":13,"key":"Happy Flower"},{"floor":17,"key":"Juzu Bracelet"},{"floor":17,"key":"Question Card"},{"floor":17,"key":"Turnip"},{"floor":22,"key":"Bag of Marbles"},{"floor":23,"key":"Potion Belt"},{"floor":26,"key":"Prayer Wheel"}],"event_choices":[{"damage_healed":0,"gold_gain":0,"player_choice":"Success","damage_taken":7,"relics_obtained":["Bag of Preparation"],"max_hp_gain":0,"max_hp_loss":0,"event_name":"Scrap Ooze","floor":2,"gold_loss":0},{"damage_healed":0,"gold_gain":0,"player_choice":"Trade","damage_taken":0,"relics_obtained":["CultistMask"],"max_hp_gain":0,"max_hp_loss":0,"event_name":"FaceTrader","floor":3,"gold_loss":0},{"damage_healed":0,"gold_gain":0,"player_choice":"Got Potions","damage_taken":0,"max_hp_gain":0,"max_hp_loss":0,"event_name":"Lab","floor":10,"gold_loss":0}],"is_beta":false,"boss_relics":[{"not_picked":["Coffee Dripper","Runic Pyramid"],"picked":"Calling Bell"}],"items_purged_floors":[12,19],"is_endless":false,"potions_floor_spawned":[1,8,11,13,14,18,21,23],"killed_by":"Sentry and Sphere","ascension_level":3}