{"gold_per_floor":[110,30,47,12,32,32,59,70,124,124,124,137,180,205,205,325,325,346,346,346,369,118,118,153,153,153,153,172,297,297,329,329,433,483,500,500,500,511,511,511,511,237,237,250,168,11,111,128,128,128],"floor_reached":51,"playtime":2774,"items_purged":["Zap+1"],"score":1027,"play_id":"99246852-8ed4-4ae0-9d4c-1ba6b89684af","local_time":"20190622210200","is_ascension_mode":true,"campfire_choices":[{"data":"Zap","floor":6,"key":"SMITH"},{"data":"Go for the Eyes","floor":10,"key":"SMITH"},{"floor":15,"key":"REST"},{"data":"Coolheaded","floor":23,"key":"SMITH"},{"data":"Hologram","floor":25,"key":"SMITH"},{"floor":27,"key":"REST"},{"floor":32,"key":"REST"},{"data":"Hyperbeam","floor":40,"key":"SMITH"},{"floor":49,"key":"REST"}],"neow_cost":"PERCENT_DAMAGE","seed_source_timestamp":0,"circlet_count":0,"master_deck":["Strike_B","Strike_B","Strike_B","Strike_B","Defend_B","Defend_B","Defend_B","Defend_B","Dualcast","Go for the Eyes+1","Coolheaded+1","BootSequence+1","Conserve Battery","FTL","Gash","Hyperbeam+1","Seek+1","Fusion+1","Gash","RitualDagger+1","Gash","Hologram+1","Double Energy+1","Redo+1","White Noise+1","Core Surge","Reprogram+1","Gash"],"special_seed":0,"relics":["Cracked Core","Kunai","Orichalcum","Bloody Idol","Lantern","Nuclear Battery","Juzu Bracelet","Lee\u0027s Waffle","War Paint","Bag of Preparation","Incense Burner","Toxic Egg 2","Singing Bowl","Tiny House","Vajra","Calipers","Strawberry","Oddly Smooth Stone","Turnip"],"potions_floor_usage":[7,8,13,16,29,33,33,35,50,50,50],"damage_taken":[{"damage":9.0,"enemies":"Small Slimes","floor":1.0,"turns":4.0},{"damage":0.0,"enemies":"2 Louse","floor":3.0,"turns":2.0},{"damage":0.0,"enemies":"Jaw Worm","floor":5.0,"turns":3.0},{"damage":2,"enemies":"Lagavulin","floor":7,"turns":7},{"damage":5,"enemies":"Blue Slaver","floor":8,"turns":3},{"damage":5,"enemies":"Exordium Wildlife","floor":12,"turns":5},{"damage":15,"enemies":"Gremlin Nob","floor":13,"turns":4},{"damage":0,"enemies":"2 Fungi Beasts","floor":14,"turns":3},{"damage":26,"enemies":"The Guardian","floor":16,"turns":11},{"damage":0,"enemies":"Spheric Guardian","floor":18,"turns":2},{"damage":34,"enemies":"Book of Stabbing","floor":24,"turns":6},{"damage":3,"enemies":"Shell Parasite","floor":28,"turns":3},{"damage":0,"enemies":"Colosseum Slavers","floor":29,"turns":1},{"damage":20,"enemies":"Colosseum Nobs","floor":29,"turns":5},{"damage":13,"enemies":"Slavers","floor":31,"turns":4},{"damage":70,"enemies":"Collector","floor":33,"turns":13},{"damage":7,"enemies":"Orb Walker","floor":35,"turns":3},{"damage":3,"enemies":"3 Shapes","floor":38,"turns":4},{"damage":59,"enemies":"Transient","floor":44,"turns":5},{"damage":0,"enemies":"Mind Bloom Boss Battle","floor":47,"turns":4},{"damage":0,"enemies":"Sphere and 2 Shapes","floor":48,"turns":3},{"damage":54,"enemies":"Awakened One","floor":50,"turns":16}],"seed_played":"-6997439297875654895","potions_obtained":[{"floor":1.0,"key":"EntropicBrew"},{"floor":3.0,"key":"FocusPotion"},{"floor":12,"key":"Block Potion"},{"floor":24,"key":"Poison Potion"},{"floor":28,"key":"Weak Potion"},{"floor":29,"key":"Ancient Potion"},{"floor":34,"key":"SkillPotion"},{"floor":44,"key":"Ancient Potion"},{"floor":47,"key":"GamblersBrew"}],"is_trial":false,"path_per_floor":["M","$","M","?","M","R","E","M","T","R","?","M","E","M","R","B",null,"M","?","?","T","$","R","E","R","T","R","M","?","?","E","R","B",null,"M","?","?","M","?","R","?","$","T","M","?","$","?","M","R","B",null],"character_chosen":"DEFECT","items_purchased":["Sunder","Gash","Lee\u0027s Waffle","Strength Potion","Vajra","Oddly Smooth Stone"],"campfire_rested":4,"item_purchase_floors":[2,22,22,42,42,46],"current_hp_per_floor":[55,55,55,77,77,77,75,70,70,70,48,43,28,28,54,28,74,74,74,68,68,96,96,62,62,62,90,87,67,67,59,87,22,86,84,86,86,90,90,90,90,90,90,38,45,45,52,59,93,39],"gold":128,"neow_bonus":"TWENTY_PERCENT_HP_BONUS","is_prod":false,"is_daily":false,"chose_seed":false,"campfire_upgraded":5,"win_rate":0,"timestamp":1561251720,"path_taken":["M","$","M","?","M","R","E","M","T","R","?","M","E","M","R","BOSS","M","?","?","?","$","R","E","R","T","R","M","?","?","E","R","BOSS","M","?","?","M","?","R","?","$","T","M","?","$","?","M","R","BOSS"],"build_version":"2019-01-23","purchased_purges":1,"victory":true,"max_hp_per_floor":[89,89,89,89,89,89,89,89,89,89,89,89,89,89,89,89,89,89,89,89,89,96,96,96,96,96,96,96,96,96,96,96,96,103,103,105,100,102,102,102,102,102,102,104,111,111,113,115,115,115],"card_choices":[{"not_picked":["Capacitor","Tempest"],"picked":"Go for the Eyes","floor":1.0},{"not_picked":["Go for the Eyes","Redo"],"picked":"Coolheaded","floor":3.0},{"not_picked":["Rebound","Leap"],"picked":"BootSequence","floor":5},{"not_picked":["Lockon","Loop"],"picked":"Conserve Battery","floor":7},{"not_picked":["Cold Snap","Reinforced Body"],"picked":"FTL","floor":8},{"not_picked":["Sunder","Steam Power"],"picked":"Gash","floor":12},{"not_picked":["Cold Snap","Sunder"],"picked":"Hyperbeam","floor":13},{"not_picked":["Leap","Force Field","Tempest"],"picked":"SKIP","floor":14},{"not_picked":["Machine Learning","Biased Cognition"],"picked":"Seek","floor":16},{"not_picked":["Barrage","Cold Snap+1"],"picked":"Fusion+1","floor":18},{"not_picked":["Force Field+1","Heatsinks"],"picked":"Hologram","floor":24},{"not_picked":["Aggregate+1","Redo"],"picked":"Double Energy+1","floor":28},{"not_picked":["Aggregate+1","Compile Driver"],"picked":"Redo+1","floor":29},{"not_picked":["Barrage","Melter+1"],"picked":"White Noise+1","floor":31},{"not_picked":["Buffer","Rainbow+1"],"picked":"Core Surge","floor":33},{"not_picked":["Turbo+1","Defragment+1","Force Field+1"],"picked":"Singing Bowl","floor":34},{"not_picked":["Go for the Eyes+1","Streamline"],"picked":"Reprogram+1","floor":35},{"not_picked":["Madness+1","Purity+1","Discovery+1"],"picked":"Singing Bowl","floor":36},{"not_picked":["Leap+1","Ball Lightning","BootSequence+1"],"picked":"Singing Bowl","floor":38},{"not_picked":["Tempest+1","Hologram+1","Leap+1"],"picked":"Singing Bowl","floor":44},{"not_picked":["Aggregate+1","Leap+1","Streamline+1"],"picked":"Singing Bowl","floor":47},{"not_picked":["Double Energy+1","Chill+1","Sunder"],"picked":"Singing Bowl","floor":48}],"player_experience":433698,"relics_obtained":[{"floor":7,"key":"Kunai"},{"floor":9,"key":"Orichalcum"},{"floor":13,"key":"Lantern"},{"floor":21,"key":"Juzu Bracelet"},{"floor":24,"key":"War Paint"},{"floor":26,"key":"Bag of Preparation"},{"floor":29,"key":"Incense Burner"},{"floor":29,"key":"Toxic Egg 2"},{"floor":31,"key":"Singing Bowl"},{"floor":43,"key":"Calipers"},{"floor":47,"key":"Turnip"}],"event_choices":[{"damage_healed":22.0,"max_hp_gain":0.0,"max_hp_loss":0.0,"gold_gain":0.0,"event_name":"The Cleric","player_choice":"Healed","floor":4.0,"gold_loss":35.0,"damage_taken":0.0},{"damage_healed":0,"gold_gain":0,"player_choice":"Take Damage","damage_taken":22,"relics_obtained":["Golden Idol"],"max_hp_gain":0,"max_hp_loss":0,"event_name":"Golden Idol","floor":11,"gold_loss":0},{"damage_healed":0,"gold_gain":0,"player_choice":"Read","damage_taken":0,"max_hp_gain":0,"max_hp_loss":0,"event_name":"The Library","floor":19,"gold_loss":0,"cards_obtained":["Gash"]},{"damage_healed":0,"gold_gain":0,"player_choice":"Joined the Cult","damage_taken":6,"max_hp_gain":0,"max_hp_loss":0,"event_name":"Nest","floor":20,"gold_loss":0,"cards_obtained":["RitualDagger"]},{"damage_healed":0,"gold_gain":0,"player_choice":"Fight","damage_taken":0,"max_hp_gain":0,"max_hp_loss":0,"event_name":"Colosseum","floor":29,"gold_loss":0},{"damage_healed":0,"gold_gain":0,"player_choice":"Fought Nobs","damage_taken":0,"max_hp_gain":0,"max_hp_loss":0,"event_name":"Colosseum","floor":29,"gold_loss":0},{"damage_healed":0,"gold_gain":0,"player_choice":"Gave Idol","damage_taken":0,"relics_obtained":["Bloody Idol"],"max_hp_gain":0,"max_hp_loss":0,"event_name":"Forgotten Altar","floor":30,"relics_lost":["Golden Idol"],"gold_loss":0},{"damage_healed":0,"gold_gain":0,"player_choice":"Memory 1","damage_taken":0,"max_hp_gain":0,"max_hp_loss":0,"event_name":"SensoryStone","floor":36,"gold_loss":0},{"damage_healed":0,"gold_gain":0,"player_choice":"Max HP","damage_taken":0,"max_hp_gain":0,"max_hp_loss":5,"event_name":"Winding Halls","floor":37,"gold_loss":0},{"damage_healed":0,"gold_gain":0,"player_choice":"Ignored","damage_taken":0,"max_hp_gain":0,"max_hp_loss":0,"event_name":"Tomb of Lord Red Mask","floor":39,"gold_loss":0},{"damage_healed":0,"gold_gain":0,"cards_transformed":["Sunder"],"player_choice":"Transformed","damage_taken":0,"max_hp_gain":0,"max_hp_loss":0,"event_name":"Transmorgrifier","floor":41,"gold_loss":0,"cards_obtained":["Gash"]},{"damage_healed":0,"gold_gain":0,"player_choice":"Paid Gold","damage_taken":0,"relics_obtained":["Strawberry"],"max_hp_gain":0,"max_hp_loss":0,"event_name":"WeMeetAgain","floor":45,"gold_loss":82},{"damage_healed":0,"gold_gain":0,"player_choice":"Fight","damage_taken":0,"max_hp_gain":0,"max_hp_loss":0,"event_name":"MindBloom","floor":47,"gold_loss":0}],"is_beta":false,"boss_relics":[{"not_picked":["Coffee Dripper","Velvet Choker"],"picked":"Nuclear Battery"},{"not_picked":["Calling Bell","Eternal Feather"],"picked":"Tiny House"}],"items_purged_floors":[42],"is_endless":false,"potions_floor_spawned":[1,3,8,12,24,28,29,29,44,47,48],"ascension_level":9}