{"path_per_floor":["M","?","?","M","$","R","E","R","T","E","R","$","R","M","R","B",null,"M","M","M","M","$","R","E","R","T","?","$","M","?","M","R","B",null,"M","$","M","?","M","R","M","R","T","E","$","E","?","M","R","B"],"character_chosen":"THE_SILENT","items_purchased":[],"gold_per_floor":[109,109,109,124,49,49,82,82,131,163,163,63,63,74,74,176,176,142,156,166,184,59,59,93,93,93,93,43,58,58,75,75,173,173,193,143,159,0,13,13,24,24,24,53,3,28,128,140,140,140],"floor_reached":51,"campfire_rested":2,"playtime":4480,"current_hp_per_floor":[70,70,70,70,70,70,44,44,44,42,42,42,42,42,42,40,80,56,54,54,27,27,51,34,34,34,18,18,18,90,82,82,61,90,90,90,85,85,59,67,48,56,56,48,48,44,44,51,86,90],"items_purged":["Defend_G","Strike_G","Defend_G","Defend_G","Strike_G","Strike_G"],"gold":140,"play_id":"89c95abb-2690-4413-a369-6ddc9d59dc8f","is_prod":false,"is_daily":false,"campfire_rituals":0,"campfire_upgraded":9,"is_hardmode":false,"path_taken":["M","?","?","M","?","R","E","R","T","E","R","$","R","M","R","BOSS","M","M","?","M","$","R","E","R","T","?","?","?","?","M","R","BOSS","M","$","M","?","M","R","M","R","T","E","$","E","?","M","R","BOSS"],"build_version":"2018-01-18-PROD4","purchased_purges":6,"victory":true,"master_deck":["Defend_G","Defend_G","Strike_G","Survivor","Neutralize","Backflip","Bouncing Flask","Blur","Noxious Fumes","Leg Sweep","Adrenaline","Sucker Punch","Backflip","Well Laid Plans","Acrobatics","Deadly Poison","Outmaneuver","Quick Slash","Noxious Fumes","Bane","Prepared","Cloak And Dagger"],"max_hp_per_floor":[70,70,70,70,70,70,70,70,70,80,80,80,80,80,80,80,80,80,80,80,80,80,80,80,80,80,80,80,80,90,90,90,90,90,90,90,90,90,90,90,90,90,90,90,90,90,90,90,90,90],"relics":["Ring of the Snake","Frozen Eye","Vajra","Pear","Black Star","Shuriken","Smiling Mask","Paper Crane","Enchiridion","Eternal Feather","Red Mask","Bird Faced Urn","Juzu Bracelet","Anchor","War Paint","Bronze Scales"],"campfire_meditates":0,"card_choices":[{"not_picked":["Slice","Setup"],"picked":"Backflip"},{"not_picked":["Bane","Sucker Punch"],"picked":"Bouncing Flask"},{"not_picked":["Dagger Spray","Infinite Blades"],"picked":"Blur"},{"not_picked":["Deflect","A Thousand Cuts"],"picked":"Noxious Fumes"},{"not_picked":["Cloak And Dagger","Bouncing Flask"],"picked":"Leg Sweep"},{"not_picked":["Bullet Time","Night Terror"],"picked":"Adrenaline"},{"not_picked":["Dagger Spray","Dagger Throw"],"picked":"Sucker Punch"},{"not_picked":["Dodge and Roll","Blur"],"picked":"Backflip"},{"not_picked":["Dodge and Roll","Predator"],"picked":"Well Laid Plans"},{"not_picked":["Flying Knee","Cloak And Dagger"],"picked":"Acrobatics"},{"not_picked":["Backstab","Finisher"],"picked":"Deadly Poison"},{"not_picked":["Glass Knife","Cloak And Dagger"],"picked":"Outmaneuver"},{"not_picked":["Accuracy","Distraction"],"picked":"Quick Slash"},{"not_picked":["Flying Knee","Malaise"],"picked":"Noxious Fumes"},{"not_picked":["Outmaneuver","Sucker Punch"],"picked":"Bane"},{"not_picked":["Slice","PiercingWail"],"picked":"Prepared"},{"not_picked":["Endless Agony","Skewer"],"picked":"Cloak And Dagger"}],"player_experience":241232,"potions_floor_usage":[50,50,50],"damage_taken":[{"damage":0.0,"enemies":"Small Slimes","floor":1.0,"turns":5.0},{"damage":0.0,"enemies":"Blue Slaver","floor":4.0,"turns":6.0},{"damage":26.0,"enemies":"Lagavulin","floor":7.0,"turns":5.0},{"damage":12.0,"enemies":"Gremlin Nob","floor":10.0,"turns":3.0},{"damage":0.0,"enemies":"Jaw Worm","floor":14.0,"turns":3.0},{"damage":2.0,"enemies":"Hexaghost","floor":16.0,"turns":8.0},{"damage":24.0,"enemies":"2 Thieves","floor":18.0,"turns":5.0},{"damage":2.0,"enemies":"Spheric Guardian","floor":19.0,"turns":3.0},{"damage":0.0,"enemies":"Snake Plant","floor":20.0,"turns":6.0},{"damage":27.0,"enemies":"3 Cultists","floor":21.0,"turns":6.0},{"damage":17.0,"enemies":"Slavers","floor":24.0,"turns":6.0},{"damage":0.0,"enemies":"Snecko","floor":29.0,"turns":4.0},{"damage":8.0,"enemies":"Sentry and Sphere","floor":31.0,"turns":4.0},{"damage":21.0,"enemies":"Champ","floor":33.0,"turns":13.0},{"damage":0,"enemies":"3 Shapes","floor":35,"turns":6},{"damage":5,"enemies":"3 Darklings","floor":37,"turns":5},{"damage":26,"enemies":"4 Shapes","floor":39,"turns":7},{"damage":19,"enemies":"Sphere and 2 Shapes","floor":41,"turns":6},{"damage":16,"enemies":"Nemesis","floor":44,"turns":10},{"damage":12,"enemies":"2 Orb Walkers","floor":46,"turns":8},{"damage":1,"enemies":"3 Darklings","floor":48,"turns":4},{"damage":0,"enemies":"Awakened One","floor":50,"turns":16}],"event_choices":[{"event_name":"Transmorgrifier","player_choice":"Transform","floor":2.0,"damage_taken":0.0},{"event_name":"Accursed Blacksmith","player_choice":"Forge","floor":3.0,"damage_taken":0.0},{"event_name":"Cursed Tome","player_choice":"Obtained Book","floor":27.0,"damage_taken":0.0},{"event_name":"Bonfire Elementals","player_choice":"RARE","floor":30.0,"damage_taken":0.0},{"event_name":"Tomb of Lord Red Mask","player_choice":"Paid","floor":38,"damage_taken":0},{"event_name":"Golden Shrine","player_choice":"Pray","floor":47,"damage_taken":0}],"boss_relics":[{"not_picked":["Runic Pyramid","Tiny House"],"picked":"Eternal Feather"}],"potions_floor_spawned":[4,14,18,20,21,35,37,41],"seed_played":"4618736686064528029","is_trial":false}