{"gold_per_floor":[111,131,131,143,155,155,171,205,205,218,238,513,513,539,539,539],"floor_reached":16,"playtime":1182,"items_purged":[],"score":139,"play_id":"59bb6639-533d-4a3b-b891-694c90432a1a","local_time":"20190629104437","is_ascension_mode":false,"campfire_choices":[{"data":"Zap","floor":6,"key":"SMITH"},{"floor":13,"key":"REST"},{"floor":15,"key":"REST"}],"neow_cost":"NONE","seed_source_timestamp":53906644373726,"circlet_count":0,"master_deck":["Strike_B","Strike_B","Strike_B","Strike_B","Defend_B","Defend_B","Defend_B","Defend_B","Zap+1","Dualcast","Genetic Algorithm","Rebound","Rip and Tear","Capacitor","Streamline","Cold Snap","Lockon","Regret","Blizzard"],"relics":["Philosopher\u0027s Stone","Ginger","Darkstone Periapt","Gremlin Horn","Pear"],"potions_floor_usage":[16,16],"damage_taken":[{"damage":0,"enemies":"Small Slimes","floor":1,"turns":4},{"damage":0,"enemies":"Cultist","floor":2,"turns":3},{"damage":2,"enemies":"2 Louse","floor":4,"turns":2},{"damage":12,"enemies":"Gremlin Gang","floor":5,"turns":4},{"damage":4,"enemies":"2 Fungi Beasts","floor":7,"turns":3},{"damage":33,"enemies":"3 Sentries","floor":8,"turns":8},{"damage":3,"enemies":"Exordium Wildlife","floor":10,"turns":3},{"damage":0,"enemies":"3 Louse","floor":11,"turns":2},{"damage":21,"enemies":"Lagavulin","floor":14,"turns":6},{"damage":68,"enemies":"Hexaghost","floor":16,"turns":9}],"seed_played":"812881135649742365","potions_obtained":[{"floor":5,"key":"LiquidBronze"},{"floor":7,"key":"Dexterity Potion"},{"floor":10,"key":"Strength Potion"},{"floor":14,"key":"AttackPotion"}],"is_trial":false,"path_per_floor":["M","M","?","M","M","R","M","E","T","M","M","?","R","E","R","B"],"character_chosen":"DEFECT","items_purchased":[],"campfire_rested":2,"item_purchase_floors":[],"current_hp_per_floor":[75,75,75,73,61,61,57,24,24,21,21,27,51,40,67,0],"gold":539,"neow_bonus":"BOSS_RELIC","is_prod":false,"is_daily":false,"chose_seed":false,"campfire_upgraded":1,"win_rate":0.0,"timestamp":1561776277,"path_taken":["M","M","?","?","M","R","M","E","T","M","?","?","R","E","R","BOSS"],"build_version":"2019-01-23","purchased_purges":0,"victory":false,"max_hp_per_floor":[75,75,75,75,75,75,75,75,75,75,75,81,81,91,91,91],"card_choices":[{"not_picked":["Steam","Hologram"],"picked":"Cold Snap","floor":1},{"not_picked":["Hologram","Compile Driver"],"picked":"Genetic Algorithm","floor":2},{"not_picked":["Self Repair","Blizzard"],"picked":"Rebound","floor":4},{"not_picked":["All For One","Beam Cell"],"picked":"Rip and Tear","floor":5},{"not_picked":["Conserve Battery","Compile Driver"],"picked":"Capacitor","floor":7},{"not_picked":["Scrape","Compile Driver"],"picked":"Streamline","floor":8},{"not_picked":["Go for the Eyes","Stack"],"picked":"Cold Snap","floor":10},{"not_picked":["Skim","Undo"],"picked":"Lockon","floor":11},{"not_picked":["Ball Lightning","Streamline"],"picked":"Blizzard","floor":14}],"player_experience":37207,"relics_obtained":[{"floor":8,"key":"Darkstone Periapt"},{"floor":9,"key":"Gremlin Horn"},{"floor":14,"key":"Pear"}],"event_choices":[{"cards_removed":["Cold Snap"],"damage_healed":0,"gold_gain":0,"player_choice":"Gave Card","damage_taken":0,"relics_obtained":["Ginger"],"max_hp_gain":0,"max_hp_loss":0,"event_name":"WeMeetAgain","floor":3,"gold_loss":0},{"damage_healed":0,"gold_gain":275,"player_choice":"Desecrate","damage_taken":0,"max_hp_gain":0,"max_hp_loss":0,"event_name":"Golden Shrine","floor":12,"gold_loss":0,"cards_obtained":["Regret"]}],"is_beta":false,"boss_relics":[],"items_purged_floors":[],"is_endless":false,"potions_floor_spawned":[5,7,10,14],"killed_by":"Hexaghost","ascension_level":0}