{"gold_per_floor":[109,109,109,129,146,146,180,180,251,278,296,111,122,134,134,212,212,224,224,11,31,41,41,41,41,41,58,58,69,69,88,88,88],"floor_reached":33,"playtime":2612,"items_purged":["Strike_G","Strike_G"],"score":492,"play_id":"6c6dd719-88c3-4cfa-8c22-ccf8f96d7bbb","local_time":"20190705154442","is_ascension_mode":true,"campfire_choices":[{"data":"Neutralize","floor":6,"key":"SMITH"},{"data":"Well Laid Plans","floor":15,"key":"SMITH"},{"floor":23,"key":"REST"},{"floor":28,"key":"REST"},{"floor":32,"key":"REST"}],"neow_cost":"NONE","seed_source_timestamp":64445144279173,"circlet_count":0,"master_deck":["AscendersBane","Strike_G","Strike_G","Strike_G","Defend_G","Defend_G","Defend_G","Defend_G","Defend_G","Survivor","Neutralize+1","PiercingWail","Poisoned Stab+1","Well Laid Plans+1","Leg Sweep","Crippling Poison","Dagger Throw","Flying Knee","Flying Knee","Caltrops","A Thousand Cuts+1","Noxious Fumes","PiercingWail","Deadly Poison","Decay","Leg Sweep"],"relics":["Ring of the Snake","NeowsBlessing","Happy Flower","Bottled Tornado","Ginger","Snecko Eye","Sundial"],"potions_floor_usage":[7,10,13,21,31,31],"damage_taken":[{"damage":0,"enemies":"2 Louse","floor":1,"turns":1},{"damage":0,"enemies":"Cultist","floor":4,"turns":1},{"damage":0,"enemies":"Jaw Worm","floor":5,"turns":1},{"damage":28,"enemies":"Gremlin Nob","floor":7,"turns":6},{"damage":6,"enemies":"3 Sentries","floor":10,"turns":10},{"damage":8,"enemies":"3 Louse","floor":11,"turns":4},{"damage":2,"enemies":"Exordium Thugs","floor":13,"turns":4},{"damage":4,"enemies":"Large Slime","floor":14,"turns":7},{"damage":11,"enemies":"The Guardian","floor":16,"turns":12},{"damage":11,"enemies":"Shell Parasite","floor":18,"turns":7},{"damage":6,"enemies":"3 Byrds","floor":21,"turns":3},{"damage":30,"enemies":"Snake Plant","floor":22,"turns":6},{"damage":23,"enemies":"Snecko","floor":27,"turns":5},{"damage":3,"enemies":"3 Cultists","floor":29,"turns":5},{"damage":24,"enemies":"Chosen and Byrds","floor":31,"turns":10},{"damage":42,"enemies":"Collector","floor":33,"turns":6}],"seed_played":"-5090177827917214268","potions_obtained":[{"floor":3,"key":"GhostInAJar"},{"floor":3,"key":"Regen Potion"},{"floor":7,"key":"AttackPotion"},{"floor":14,"key":"SteroidPotion"},{"floor":16,"key":"GhostInAJar"},{"floor":18,"key":"Swift Potion"},{"floor":22,"key":"Weak Potion"},{"floor":27,"key":"Swift Potion"}],"is_trial":false,"path_per_floor":["M","?","?","M","M","R","E","?","T","E","M","$","M","M","R","B",null,"M","?","$","M","M","R","$","?","T","M","R","M","?","M","R","B"],"character_chosen":"THE_SILENT","items_purchased":["Fire Potion","Flying Knee","Noxious Fumes","PiercingWail"],"campfire_rested":3,"item_purchase_floors":[12,12,20,20],"current_hp_per_floor":[59,64,64,64,64,64,36,36,36,30,22,22,34,30,30,19,58,47,47,47,41,11,32,32,32,32,9,30,27,27,3,24,0],"gold":88,"neow_bonus":"THREE_ENEMY_KILL","is_prod":false,"is_daily":false,"chose_seed":false,"campfire_upgraded":2,"win_rate":0,"timestamp":1562355882,"path_taken":["M","?","?","?","?","R","E","?","T","E","M","$","M","M","R","BOSS","M","?","?","M","M","R","$","?","T","?","R","M","?","M","R","BOSS"],"build_version":"2019-07-01","purchased_purges":2,"victory":false,"max_hp_per_floor":[66,71,71,71,71,71,71,71,71,71,71,71,71,71,71,71,71,71,71,71,71,71,71,71,71,71,71,71,71,71,71,71,71],"card_choices":[{"not_picked":["Slice","Endless Agony"],"picked":"PiercingWail","floor":1},{"not_picked":["Escape Plan","Dagger Spray"],"picked":"Poisoned Stab","floor":4},{"not_picked":["Poisoned Stab","Flying Knee"],"picked":"Well Laid Plans","floor":5},{"not_picked":["Deflect","Masterful Stab"],"picked":"Leg Sweep","floor":7},{"not_picked":["Phantasmal Killer","Bouncing Flask"],"picked":"Crippling Poison","floor":10},{"not_picked":["Prepared","Accuracy"],"picked":"Dagger Throw","floor":11},{"not_picked":["Slice","Dagger Spray"],"picked":"Flying Knee","floor":13},{"not_picked":["Outmaneuver","Bane"],"picked":"Caltrops","floor":14},{"not_picked":["Adrenaline","Phantasmal Killer"],"picked":"A Thousand Cuts","floor":16},{"not_picked":["Dagger Throw","Sucker Punch+1","Footwork"],"picked":"SKIP","floor":18},{"not_picked":["PiercingWail","Dagger Throw","Setup"],"picked":"SKIP","floor":21},{"not_picked":["All Out Attack","Backflip"],"picked":"Deadly Poison","floor":22},{"not_picked":["PiercingWail","Crippling Poison"],"picked":"Leg Sweep","floor":27},{"not_picked":["Calculated Gamble","Deflect","Slice"],"picked":"SKIP","floor":29},{"not_picked":["Quick Slash","Caltrops","Slice"],"picked":"SKIP","floor":31}],"player_experience":2387810,"relics_obtained":[{"floor":7,"key":"Happy Flower"},{"floor":9,"key":"Bottled Tornado"},{"floor":10,"key":"Ginger"},{"floor":26,"key":"Sundial"}],"event_choices":[{"damage_healed":0,"gold_gain":0,"player_choice":"Donut","damage_taken":0,"max_hp_gain":5,"max_hp_loss":0,"event_name":"Big Fish","floor":2,"gold_loss":0},{"damage_healed":0,"gold_gain":0,"player_choice":"Got Potions","damage_taken":0,"max_hp_gain":0,"max_hp_loss":0,"event_name":"Lab","floor":3,"gold_loss":0},{"damage_healed":0,"gold_gain":0,"player_choice":"Grow","damage_taken":0,"max_hp_gain":0,"max_hp_loss":0,"event_name":"Living Wall","floor":8,"gold_loss":0,"cards_upgraded":["Poisoned Stab"]},{"damage_healed":0,"gold_gain":0,"player_choice":"Upgraded","damage_taken":0,"max_hp_gain":0,"max_hp_loss":0,"event_name":"Upgrade Shrine","floor":19,"gold_loss":0,"cards_upgraded":["A Thousand Cuts"]},{"damage_healed":0,"gold_gain":0,"player_choice":"Cursed","damage_taken":0,"max_hp_gain":0,"max_hp_loss":0,"event_name":"Wheel of Change","floor":25,"gold_loss":0,"cards_obtained":["Decay"]}],"is_beta":false,"boss_relics":[{"not_picked":["White Beast Statue","Velvet Choker"],"picked":"Snecko Eye"}],"items_purged_floors":[12,20],"is_endless":false,"potions_floor_spawned":[4,7,14,16,18,22,27],"killed_by":"Collector","ascension_level":18}