{"gold_per_floor":[109,184,184,184,196,225,241,241,267,267,267,267,297,313,313,384,384,403,25,25,25,25,25,52,70,70,70,70,70,103,115,115,191,191,204,304,318,318,58,91,91,117,117,117,127,137,137,147,147,147],"floor_reached":50,"playtime":1964,"items_purged":["Pain"],"score":1208,"play_id":"d294fa54-ff9e-4f95-8b8e-5555c9fc1e77","local_time":"20190116133546","is_ascension_mode":true,"campfire_choices":[{"data":"Inflame","floor":10,"key":"SMITH"},{"data":"Heavy Blade","floor":12,"key":"SMITH"},{"floor":15,"key":"REST"},{"data":"Sword Boomerang","floor":23,"key":"SMITH"},{"data":"Shrug It Off","floor":27,"key":"SMITH"},{"floor":32,"key":"REST"},{"data":"Double Tap","floor":41,"key":"SMITH"},{"floor":49,"key":"REST"}],"neow_cost":"NONE","seed_source_timestamp":9443719067309,"circlet_count":0,"master_deck":["AscendersBane","Strike_R+1","Strike_R+1","Strike_R+1","Defend_R+1","Defend_R+1","Defend_R+1","Defend_R+1","Bash+1","Shrug It Off+1","Inflame+1","Heavy Blade+1","Sword Boomerang+1","Feed","Uppercut+1","Rage+1","Twin Strike+1","Body Slam+1","Double Tap+1","Carnage+1","Blood for Blood+1","Pommel Strike+1","Shrug It Off+1","Iron Wave+1","Limit Break","Pommel Strike+1","Finesse"],"relics":["Burning Blood","NeowsBlessing","Orichalcum","Self Forming Clay","Boot","Bag of Marbles","Philosopher\u0027s Stone","Lee\u0027s Waffle","Red Skull","Enchiridion","Molten Egg 2","Bottled Tornado","Meat on the Bone","Astrolabe","Ice Cream","Happy Flower","Blood Vial","Pen Nib","Dodecahedron"],"potions_floor_usage":[13,16,24,30,30,30,33,33,36,45,45],"damage_taken":[{"damage":0,"enemies":"Jaw Worm","floor":1,"turns":1},{"damage":0,"enemies":"2 Louse","floor":5,"turns":1},{"damage":0,"enemies":"Gremlin Nob","floor":6,"turns":1},{"damage":6,"enemies":"Cultist","floor":7,"turns":4},{"damage":22,"enemies":"Lagavulin","floor":13,"turns":5},{"damage":5,"enemies":"2 Fungi Beasts","floor":14,"turns":4},{"damage":51,"enemies":"Hexaghost","floor":16,"turns":8},{"damage":42,"enemies":"Shell Parasite","floor":18,"turns":4},{"damage":21,"enemies":"Colosseum Slavers","floor":22,"turns":4},{"damage":16,"enemies":"Slavers","floor":24,"turns":3},{"damage":0,"enemies":"Spheric Guardian","floor":25,"turns":2},{"damage":6,"enemies":"Gremlin Leader","floor":30,"turns":4},{"damage":8,"enemies":"Cultist and Chosen","floor":31,"turns":4},{"damage":100,"enemies":"Automaton","floor":33,"turns":9},{"damage":7,"enemies":"Orb Walker","floor":35,"turns":2},{"damage":20,"enemies":"Mind Bloom Boss Battle","floor":36,"turns":4},{"damage":6,"enemies":"3 Shapes","floor":37,"turns":5},{"damage":15,"enemies":"Nemesis","floor":40,"turns":5},{"damage":19,"enemies":"Giant Head","floor":42,"turns":5},{"damage":6,"enemies":"Jaw Worm Horde","floor":45,"turns":2},{"damage":0,"enemies":"Transient","floor":46,"turns":6},{"damage":32,"enemies":"Maw","floor":48,"turns":6},{"damage":90,"enemies":"Awakened One","floor":50,"turns":4}],"seed_played":"6745456194645193479","potions_obtained":[{"floor":6,"key":"Block Potion"},{"floor":7,"key":"AttackPotion"},{"floor":16,"key":"Swift Potion"},{"floor":24,"key":"Weak Potion"},{"floor":25,"key":"Block Potion"},{"floor":29,"key":"EntropicBrew"},{"floor":30,"key":"SpeedPotion"},{"floor":35,"key":"SkillPotion"},{"floor":36,"key":"Energy Potion"},{"floor":42,"key":"Block Potion"},{"floor":46,"key":"PowerPotion"}],"is_trial":false,"path_per_floor":["M","?","?","?","M","E","M","?","T","R","?","R","E","M","R","B",null,"M","$","?","?","?","R","E","M","T","R","$","?","E","M","R","B",null,"M","?","M","?","$","E","R","E","T","?","M","M","?","M","R","B"],"character_chosen":"IRONCLAD","items_purchased":["Lee\u0027s Waffle","Red Skull","Happy Flower","Iron Wave+1"],"campfire_rested":3,"item_purchase_floors":[19,19,39,39],"current_hp_per_floor":[74,63,63,63,69,75,75,49,49,49,54,54,38,39,63,18,65,29,87,66,66,51,51,44,50,50,50,50,50,53,66,94,24,80,79,65,65,65,65,56,56,57,57,57,62,70,70,58,88,0],"gold":147,"neow_bonus":"THREE_ENEMY_KILL","is_prod":false,"is_daily":false,"chose_seed":false,"campfire_upgraded":5,"win_rate":0,"timestamp":1547645746,"path_taken":["M","?","?","?","?","E","M","?","T","R","?","R","E","M","R","BOSS","M","$","?","?","?","R","E","M","T","R","$","?","E","M","R","BOSS","M","?","M","?","$","E","R","E","T","?","M","?","?","M","R","BOSS"],"build_version":"2019-01-10","purchased_purges":1,"victory":false,"max_hp_per_floor":[75,75,75,75,75,75,75,75,75,75,80,80,80,80,80,80,80,80,87,87,87,87,87,90,90,90,90,90,90,93,96,96,99,99,99,99,99,99,99,99,99,99,99,99,102,102,102,102,102,102],"card_choices":[{"not_picked":["Wild Strike","Reckless Charge","Warcry"],"picked":"SKIP","floor":1},{"not_picked":["Clash","Thunderclap"],"picked":"Shrug It Off","floor":5},{"not_picked":["Anger","Uppercut"],"picked":"Inflame","floor":6},{"not_picked":["Perfected Strike","Flex"],"picked":"Heavy Blade","floor":7},{"not_picked":["Feel No Pain","Burning Pact"],"picked":"Sword Boomerang","floor":13},{"not_picked":["Barricade","Perfected Strike","Clothesline"],"picked":"SKIP","floor":14},{"not_picked":["Exhume","Berserk"],"picked":"Feed","floor":16},{"not_picked":["Sword Boomerang","Warcry","Anger"],"picked":"SKIP","floor":18},{"not_picked":["Rage","Cleave"],"picked":"Uppercut","floor":24},{"not_picked":["Clash+1","Exhume"],"picked":"Rage+1","floor":25},{"not_picked":["Demon Form","Warcry"],"picked":"Twin Strike+1","floor":30},{"not_picked":["Clothesline+1","Ghostly Armor"],"picked":"Body Slam+1","floor":31},{"not_picked":["Dark Embrace","Impervious"],"picked":"Double Tap","floor":33},{"not_picked":["Perfected Strike+1","Warcry"],"picked":"Pommel Strike+1","floor":35},{"not_picked":["Sever Soul+1","Body Slam+1"],"picked":"Shrug It Off","floor":36},{"not_picked":["Twin Strike+1","Shockwave","Burning Pact"],"picked":"SKIP","floor":37},{"not_picked":["Corruption","Cleave+1","Thunderclap+1"],"picked":"SKIP","floor":40},{"not_picked":["Warcry","Metallicize","Evolve"],"picked":"SKIP","floor":42},{"not_picked":["Power Through","Anger+1"],"picked":"Limit Break","floor":45},{"not_picked":["Carnage+1","Blood for Blood+1"],"picked":"Pommel Strike+1","floor":46},{"not_picked":["Swift Strike+1","Deep Breath"],"picked":"Finesse","floor":47},{"not_picked":["Cleave+1","Rage","Pommel Strike+1"],"picked":"SKIP","floor":48}],"player_experience":1151096,"relics_obtained":[{"floor":6,"key":"Orichalcum"},{"floor":9,"key":"Boot"},{"floor":13,"key":"Bag of Marbles"},{"floor":20,"key":"Enchiridion"},{"floor":24,"key":"Molten Egg 2"},{"floor":26,"key":"Bottled Tornado"},{"floor":30,"key":"Meat on the Bone"},{"floor":36,"key":"Ice Cream"},{"floor":40,"key":"Blood Vial"},{"floor":42,"key":"Pen Nib"},{"floor":43,"key":"Dodecahedron"}],"event_choices":[{"damage_healed":0,"gold_gain":75,"player_choice":"Gather Gold","damage_taken":11,"max_hp_gain":0,"max_hp_loss":0,"event_name":"World of Goop","floor":2,"gold_loss":0},{"damage_healed":0,"gold_gain":0,"player_choice":"Grow","damage_taken":0,"max_hp_gain":0,"max_hp_loss":0,"event_name":"Living Wall","floor":3,"gold_loss":0,"cards_upgraded":["Bash"]},{"damage_healed":0,"gold_gain":0,"player_choice":"Cursed","damage_taken":0,"max_hp_gain":0,"max_hp_loss":0,"event_name":"Wheel of Change","floor":4,"gold_loss":0,"cards_obtained":["Decay"]},{"damage_healed":0,"gold_gain":0,"player_choice":"Success","damage_taken":26,"relics_obtained":["Self Forming Clay"],"max_hp_gain":0,"max_hp_loss":0,"event_name":"Scrap Ooze","floor":8,"gold_loss":0},{"damage_healed":0,"gold_gain":0,"player_choice":"Donut","damage_taken":0,"max_hp_gain":5,"max_hp_loss":0,"event_name":"Big Fish","floor":11,"gold_loss":0},{"damage_healed":0,"gold_gain":0,"player_choice":"Obtained Book","damage_taken":21,"max_hp_gain":0,"max_hp_loss":0,"event_name":"Cursed Tome","floor":20,"gold_loss":0},{"damage_healed":0,"gold_gain":0,"player_choice":"Simplicity","damage_taken":0,"max_hp_gain":0,"max_hp_loss":0,"event_name":"Back to Basics","floor":21,"gold_loss":0,"cards_upgraded":["Strike_R","Strike_R","Strike_R","Strike_R","Strike_R","Defend_R","Defend_R","Defend_R","Defend_R"]},{"damage_healed":0,"gold_gain":0,"player_choice":"Fight","damage_taken":0,"max_hp_gain":0,"max_hp_loss":0,"event_name":"Colosseum","floor":22,"gold_loss":0},{"damage_healed":0,"gold_gain":0,"player_choice":"Fled From Nobs","damage_taken":0,"max_hp_gain":0,"max_hp_loss":0,"event_name":"Colosseum","floor":22,"gold_loss":0},{"damage_healed":0,"gold_gain":0,"player_choice":"Got Potions","damage_taken":0,"max_hp_gain":0,"max_hp_loss":0,"event_name":"Lab","floor":29,"gold_loss":0},{"damage_healed":0,"gold_gain":0,"player_choice":"Fight","damage_taken":0,"max_hp_gain":0,"max_hp_loss":0,"event_name":"MindBloom","floor":36,"gold_loss":0},{"damage_healed":0,"gold_gain":0,"player_choice":"Ignored","damage_taken":0,"max_hp_gain":0,"max_hp_loss":0,"event_name":"Tomb of Lord Red Mask","floor":38,"gold_loss":0},{"damage_healed":0,"gold_gain":0,"player_choice":"Upgraded","damage_taken":0,"max_hp_gain":0,"max_hp_loss":0,"event_name":"Upgrade Shrine","floor":44,"gold_loss":0,"cards_upgraded":["Shrug It Off"]},{"damage_healed":0,"gold_gain":0,"player_choice":"Memory 1","damage_taken":0,"max_hp_gain":0,"max_hp_loss":0,"event_name":"SensoryStone","floor":47,"gold_loss":0}],"is_beta":false,"boss_relics":[{"not_picked":["Orrery","Runic Pyramid"],"picked":"Philosopher\u0027s Stone"},{"not_picked":["Runic Dome","Runic Cube"],"picked":"Astrolabe"}],"items_purged_floors":[39],"is_endless":false,"potions_floor_spawned":[6,7,16,24,25,30,35,36,42,46],"killed_by":"Awakened One","ascension_level":19}