{"gold_per_floor":[209,209,56,67,342,377,390,390,417,417,443,443,453,480,480,480],"floor_reached":16,"playtime":516,"items_purged":["Strike_R"],"score":230,"play_id":"e3f9f687-d8b0-4b86-8f61-72527549ce19","local_time":"20190407161422","is_ascension_mode":true,"campfire_choices":[{"floor":8,"key":"REST"},{"data":"Whirlwind","floor":10,"key":"SMITH"},{"floor":12,"key":"REST"},{"data":"Armaments","floor":15,"key":"SMITH"}],"neow_cost":"NONE","seed_source_timestamp":230142272349054,"circlet_count":0,"master_deck":["AscendersBane","Strike_R","Strike_R","Strike_R","Defend_R","Defend_R","Defend_R","Defend_R","Bash","Thunderclap","Whirlwind+1","Twin Strike","Regret","Ghostly Armor","Shrug It Off","Armaments+1","Pommel Strike","Clothesline"],"relics":["Burning Blood","Happy Flower","Strawberry","Lantern","Gremlin Horn"],"potions_floor_usage":[6,11],"damage_taken":[{"damage":1,"enemies":"Small Slimes","floor":1,"turns":4},{"damage":12,"enemies":"Jaw Worm","floor":4,"turns":3},{"damage":35,"enemies":"Gremlin Nob","floor":6,"turns":4},{"damage":0,"enemies":"2 Louse","floor":7,"turns":2},{"damage":26,"enemies":"Lagavulin","floor":11,"turns":4},{"damage":0,"enemies":"Gremlin Gang","floor":13,"turns":1},{"damage":27,"enemies":"3 Sentries","floor":14,"turns":7},{"damage":60,"enemies":"Hexaghost","floor":16,"turns":11}],"seed_played":"6220192294491612522","potions_obtained":[{"floor":4,"key":"Energy Potion"},{"floor":6,"key":"Strength Potion"},{"floor":14,"key":"Dexterity Potion"}],"is_trial":false,"path_per_floor":["M","?","$","M","?","E","M","R","T","R","E","R","M","E","R","B"],"character_chosen":"IRONCLAD","items_purchased":["Whirlwind"],"campfire_rested":2,"item_purchase_floors":[3],"current_hp_per_floor":[73,66,66,60,60,31,37,59,66,66,46,70,76,55,55,0],"gold":480,"neow_bonus":"HUNDRED_GOLD","is_prod":false,"is_daily":false,"chose_seed":false,"campfire_upgraded":2,"win_rate":0,"timestamp":1554668062,"path_taken":["M","?","?","M","?","E","M","R","T","R","E","R","?","E","R","BOSS"],"build_version":"2019-01-23","purchased_purges":1,"victory":false,"max_hp_per_floor":[75,75,75,75,75,75,75,75,82,82,82,82,82,82,82,82],"card_choices":[{"not_picked":["True Grit","Dual Wield"],"picked":"Thunderclap","floor":1},{"not_picked":["Searing Blow","Warcry"],"picked":"Twin Strike","floor":4},{"not_picked":["Twin Strike","Headbutt"],"picked":"Ghostly Armor","floor":6},{"not_picked":["Intimidate","Hemokinesis"],"picked":"Shrug It Off","floor":7},{"not_picked":["Sword Boomerang","Iron Wave"],"picked":"Armaments","floor":11},{"not_picked":["Thunderclap","Havoc"],"picked":"Pommel Strike","floor":13},{"not_picked":["Bloodletting","Dark Embrace"],"picked":"Clothesline","floor":14}],"player_experience":359527,"relics_obtained":[{"floor":6,"key":"Happy Flower"},{"floor":9,"key":"Strawberry"},{"floor":11,"key":"Lantern"},{"floor":14,"key":"Gremlin Horn"}],"event_choices":[{"cards_removed":["Strike_R"],"damage_healed":0,"gold_gain":0,"player_choice":"Card Removal","damage_taken":7,"max_hp_gain":0,"max_hp_loss":0,"event_name":"Golden Wing","floor":2,"gold_loss":0},{"damage_healed":0,"gold_gain":275,"player_choice":"Desecrate","damage_taken":0,"max_hp_gain":0,"max_hp_loss":0,"event_name":"Golden Shrine","floor":5,"gold_loss":0,"cards_obtained":["Regret"]}],"is_beta":false,"boss_relics":[],"items_purged_floors":[3],"is_endless":false,"potions_floor_spawned":[4,6,14],"killed_by":"Hexaghost","ascension_level":19}