{"gold_per_floor":[115,115,135,151,216,250,269,302,302,302,321,371,40,54,54,155,155,170,240,290,141,171,171,186,254,299,299,349,366,291,341,341,437,437,447,11,72,88,88,138,138,155,155,169,180,213,213,241,253,265],"floor_reached":50,"playtime":4422,"items_purged":[],"score":643,"play_id":"6aedf2e6-09b6-470b-8133-2b7877a5058c","local_time":"20190619081601","is_ascension_mode":true,"campfire_choices":[{"floor":10,"key":"REST"},{"data":"Accuracy","floor":15,"key":"SMITH"},{"data":"Accuracy","floor":23,"key":"SMITH"},{"floor":27,"key":"REST"},{"data":"Well Laid Plans","floor":32,"key":"SMITH"},{"floor":41,"key":"RECALL"},{"floor":47,"key":"REST"},{"floor":49,"key":"REST"}],"neow_cost":"NONE","seed_source_timestamp":583400082688427,"circlet_count":0,"master_deck":["Defend_G","Defend_G","Defend_G","Defend_G","Defend_G","Strike_G","Strike_G","Strike_G","Strike_G","Survivor","Neutralize","Blind","Crippling Poison","Cloak And Dagger","Accuracy+1","Accuracy+1","Infinite Blades","Catalyst","Die Die Die","Backflip","Bullet Time+1","Blade Dance+1","Die Die Die","Blade Dance+1","PiercingWail+1","Blade Dance+1","Dark Shackles+1","Well Laid Plans+1","Acrobatics+1","Backstab","Well Laid Plans","Prepared+1","Expertise+1","All Out Attack","Tactician+1","Dagger Throw+1"],"relics":["Ring of the Snake","SsserpentHead","Centennial Puzzle","Meat on the Bone","Incense Burner","Toxic Egg 2","Busted Crown","Nilry\u0027s Codex","Bag of Marbles","Peace Pipe","Sozu","Bottled Lightning","Anchor","Molten Egg 2","Lantern","MawBank"],"potions_floor_usage":[6,8,8,16,18,19,24,33,42,50],"damage_taken":[{"damage":0,"enemies":"Jaw Worm","floor":1,"turns":4},{"damage":0,"enemies":"Cultist","floor":3,"turns":4},{"damage":1,"enemies":"Small Slimes","floor":5,"turns":3},{"damage":43,"enemies":"Gremlin Nob","floor":6,"turns":7},{"damage":17,"enemies":"Exordium Thugs","floor":7,"turns":5},{"damage":0,"enemies":"Lagavulin","floor":8,"turns":6},{"damage":0,"enemies":"Large Slime","floor":11,"turns":4},{"damage":4,"enemies":"Gremlin Gang","floor":14,"turns":2},{"damage":12,"enemies":"Hexaghost","floor":16,"turns":8},{"damage":1,"enemies":"Spheric Guardian","floor":18,"turns":5},{"damage":8,"enemies":"Chosen","floor":19,"turns":5},{"damage":3,"enemies":"3 Cultists","floor":24,"turns":3},{"damage":14,"enemies":"Snecko","floor":25,"turns":4},{"damage":6,"enemies":"Sentry and Sphere","floor":29,"turns":4},{"damage":3,"enemies":"Automaton","floor":33,"turns":7},{"damage":0,"enemies":"3 Darklings","floor":35,"turns":4},{"damage":1,"enemies":"3 Shapes","floor":37,"turns":5},{"damage":7,"enemies":"3 Darklings","floor":38,"turns":3},{"damage":14,"enemies":"Spire Growth","floor":42,"turns":5},{"damage":0,"enemies":"Jaw Worm Horde","floor":44,"turns":2},{"damage":31,"enemies":"Sphere and 2 Shapes","floor":45,"turns":7},{"damage":14,"enemies":"Giant Head","floor":46,"turns":6},{"damage":3,"enemies":"Nemesis","floor":48,"turns":9},{"damage":66,"enemies":"Time Eater","floor":50,"turns":11}],"seed_played":"4134286909456140067","potions_obtained":[{"floor":1,"key":"PowerPotion"},{"floor":3,"key":"Ancient Potion"},{"floor":5,"key":"Dexterity Potion"},{"floor":12,"key":"Dexterity Potion"},{"floor":12,"key":"GamblersBrew"},{"floor":12,"key":"Block Potion"},{"floor":14,"key":"SkillPotion"},{"floor":16,"key":"Strength Potion"},{"floor":19,"key":"FearPotion"},{"floor":22,"key":"Regen Potion"},{"floor":25,"key":"EssenceOfSteel"},{"floor":33,"key":"GhostInAJar"}],"is_trial":false,"path_per_floor":["M","?","M","$","M","E","M","E","T","R","M","?","$","M","R","B",null,"M","M","?","$","?","R","M","M","T","R","?","M","$","?","R","B",null,"M","$","M","M","$","?","R","M","T","M","M","E","R","E","R","B"],"character_chosen":"THE_SILENT","items_purchased":["Accuracy","Toxic Egg 2","Bullet Time+1","Bag of Marbles","Well Laid Plans","Acrobatics+1","Bottled Lightning","Anchor","Well Laid Plans"],"campfire_rested":4,"item_purchase_floors":[4,13,13,21,30,30,36,36,36],"current_hp_per_floor":[70,70,70,70,69,26,9,9,9,30,42,42,42,38,38,38,70,69,61,45,45,45,45,51,37,37,58,58,52,52,52,52,49,70,70,70,69,62,62,62,62,48,48,48,29,27,48,45,66,0],"gold":265,"neow_bonus":"RANDOM_COLORLESS","is_prod":false,"is_daily":false,"chose_seed":false,"campfire_upgraded":3,"win_rate":0,"timestamp":1560957361,"path_taken":["M","?","M","?","?","E","M","E","T","R","M","?","$","M","R","BOSS","M","?","?","$","?","R","M","?","T","R","?","M","?","?","R","BOSS","M","$","?","M","$","?","R","M","T","M","M","E","R","E","R","BOSS"],"build_version":"2019-01-23","purchased_purges":0,"victory":false,"max_hp_per_floor":[70,70,70,70,70,70,70,70,70,70,70,70,70,70,70,70,70,70,70,70,70,70,70,70,70,70,70,70,70,70,70,70,70,70,70,70,70,70,70,70,70,70,70,70,70,70,70,70,70,70],"card_choices":[{"not_picked":["Slice","Poisoned Stab"],"picked":"Crippling Poison","floor":1},{"not_picked":["Slice","Deflect"],"picked":"Cloak And Dagger","floor":3},{"not_picked":["Cloak And Dagger","Skewer"],"picked":"Accuracy","floor":5},{"not_picked":["Reflex","Masterful Stab"],"picked":"Infinite Blades","floor":6},{"not_picked":["Escape Plan","Flechettes"],"picked":"Catalyst","floor":7},{"not_picked":["PiercingWail","Sucker Punch"],"picked":"Die Die Die","floor":8},{"not_picked":["Predator","Sucker Punch"],"picked":"Backflip","floor":11},{"not_picked":["Outmaneuver+1","All Out Attack"],"picked":"Blade Dance+1","floor":14},{"not_picked":["A Thousand Cuts","Malaise+1"],"picked":"Die Die Die","floor":16},{"not_picked":[],"picked":"Blade Dance+1","floor":18},{"not_picked":[],"picked":"PiercingWail+1","floor":19},{"not_picked":[],"picked":"Blade Dance+1","floor":24},{"not_picked":["Flying Knee+1"],"picked":"SKIP","floor":25},{"not_picked":["Dagger Throw"],"picked":"SKIP","floor":29},{"not_picked":[],"picked":"Backstab","floor":35},{"not_picked":[],"picked":"Prepared+1","floor":37},{"not_picked":[],"picked":"Expertise+1","floor":38},{"not_picked":["Masterful Stab+1"],"picked":"SKIP","floor":42},{"not_picked":["Blade Dance+1"],"picked":"SKIP","floor":44},{"not_picked":["Slice+1"],"picked":"SKIP","floor":45},{"not_picked":[],"picked":"Tactician+1","floor":46},{"not_picked":[],"picked":"Dagger Throw+1","floor":48}],"player_experience":325631,"relics_obtained":[{"floor":6,"key":"Centennial Puzzle"},{"floor":8,"key":"Meat on the Bone"},{"floor":9,"key":"Incense Burner"},{"floor":20,"key":"Nilry\u0027s Codex"},{"floor":43,"key":"Molten Egg 2"},{"floor":46,"key":"Lantern"},{"floor":48,"key":"MawBank"}],"event_choices":[{"damage_healed":0,"gold_gain":0,"player_choice":"Trade","damage_taken":0,"relics_obtained":["SsserpentHead"],"max_hp_gain":0,"max_hp_loss":0,"event_name":"FaceTrader","floor":2,"gold_loss":0},{"damage_healed":0,"gold_gain":0,"player_choice":"Got Potions","damage_taken":0,"max_hp_gain":0,"max_hp_loss":0,"event_name":"Lab","floor":12,"gold_loss":0},{"damage_healed":0,"gold_gain":0,"player_choice":"Obtained Book","damage_taken":16,"max_hp_gain":0,"max_hp_loss":0,"event_name":"Cursed Tome","floor":20,"gold_loss":0},{"damage_healed":0,"gold_gain":0,"player_choice":"Bought 1 Potion","damage_taken":0,"max_hp_gain":0,"max_hp_loss":0,"event_name":"The Woman in Blue","floor":22,"gold_loss":0},{"damage_healed":0,"gold_gain":0,"player_choice":"1 cards matched","damage_taken":0,"max_hp_gain":0,"max_hp_loss":0,"event_name":"Match and Keep!","floor":28,"gold_loss":0,"cards_obtained":["Dark Shackles"]},{"damage_healed":0,"gold_gain":0,"player_choice":"Gave Potion","damage_taken":0,"relics_obtained":["Peace Pipe"],"max_hp_gain":0,"max_hp_loss":0,"event_name":"WeMeetAgain","floor":31,"gold_loss":0},{"damage_healed":0,"gold_gain":0,"cards_transformed":["Strike_G"],"player_choice":"Transformed","damage_taken":0,"max_hp_gain":0,"max_hp_loss":0,"event_name":"Transmorgrifier","floor":40,"gold_loss":0,"cards_obtained":["All Out Attack"]}],"is_beta":false,"boss_relics":[{"not_picked":["Runic Pyramid","Cursed Key"],"picked":"Busted Crown"},{"not_picked":["Black Star","Astrolabe"],"picked":"Sozu"}],"items_purged_floors":[],"is_endless":false,"potions_floor_spawned":[1,3,5,14,16,19,25,33,37,42,48],"killed_by":"Time Eater","ascension_level":2}