{"gold_per_floor":[109,154,166,166,176,203,223,250,250,283,283,298,312,337,337,408,408,422,422,422,422,438,471,484,519,545,559,21,21,35,51,51,125,125,137,154,154,166,182,182,182,199,225,240,22,47,72,88,88,88],"floor_reached":51,"playtime":2387,"items_purged":["Flex"],"score":1528,"play_id":"a585d29e-88b0-40e5-8a1c-f301733af658","local_time":"20190114230917","is_ascension_mode":true,"campfire_choices":[{"data":"Whirlwind","floor":11,"key":"SMITH"},{"data":"Pommel Strike","floor":15,"key":"SMITH"},{"floor":29,"key":"REST"},{"floor":32,"key":"REST"},{"data":"Bash","floor":40,"key":"SMITH"},{"data":"Demon Form","floor":49,"key":"SMITH"}],"neow_cost":"NONE","seed_source_timestamp":328421188825481,"circlet_count":0,"master_deck":["AscendersBane","Strike_R","Strike_R+1","Strike_R","Strike_R","Strike_R+1","Defend_R","Defend_R","Defend_R","Bash+1","Whirlwind+1","Pommel Strike+1","Metallicize","Shrug It Off","Iron Wave","Pommel Strike","Rampage","Barricade","Clothesline+1","Clothesline+1","Iron Wave+1","Uppercut+1","Armaments","Perfected Strike+1","Flame Barrier","Demon Form+1","Metamorphosis","Perfected Strike+1"],"relics":["Burning Blood","PreservedInsect","Lantern","Bag of Marbles","Anchor","Self Forming Clay","Darkstone Periapt","StoneCalendar","Molten Egg 2","Snecko Eye","Nilry\u0027s Codex","Vajra","MutagenicStrength","Pear","Dream Catcher","Smiling Mask","Shuriken","Bottled Flame","Busted Crown","Whetstone","Oddly Smooth Stone","Paper Frog","Orichalcum"],"potions_floor_usage":[6,7,12,16,18,22,23,33,50,50],"damage_taken":[{"damage":6,"enemies":"Cultist","floor":1,"turns":3},{"damage":7,"enemies":"Small Slimes","floor":3,"turns":4},{"damage":7,"enemies":"Jaw Worm","floor":5,"turns":3},{"damage":0,"enemies":"3 Sentries","floor":6,"turns":1},{"damage":13,"enemies":"Large Slime","floor":7,"turns":5},{"damage":24,"enemies":"Lagavulin","floor":8,"turns":6},{"damage":0,"enemies":"3 Sentries","floor":10,"turns":3},{"damage":0,"enemies":"Exordium Wildlife","floor":12,"turns":1},{"damage":1,"enemies":"Exordium Thugs","floor":13,"turns":3},{"damage":16,"enemies":"Lagavulin","floor":14,"turns":5},{"damage":15,"enemies":"Slime Boss","floor":16,"turns":7},{"damage":0,"enemies":"Spheric Guardian","floor":18,"turns":1},{"damage":13,"enemies":"3 Byrds","floor":22,"turns":4},{"damage":32,"enemies":"Gremlin Leader","floor":23,"turns":7},{"damage":0,"enemies":"Snecko","floor":24,"turns":2},{"damage":24,"enemies":"Slavers","floor":25,"turns":3},{"damage":8,"enemies":"Snake Plant","floor":27,"turns":2},{"damage":0,"enemies":"Centurion and Healer","floor":30,"turns":1},{"damage":0,"enemies":"3 Cultists","floor":31,"turns":1},{"damage":38,"enemies":"Collector","floor":33,"turns":5},{"damage":6,"enemies":"3 Shapes","floor":35,"turns":1},{"damage":0,"enemies":"3 Darklings","floor":36,"turns":1},{"damage":0,"enemies":"Spire Growth","floor":38,"turns":3},{"damage":0,"enemies":"Transient","floor":39,"turns":6},{"damage":0,"enemies":"Sphere and 2 Shapes","floor":42,"turns":1},{"damage":0,"enemies":"Writhing Mass","floor":44,"turns":3},{"damage":10,"enemies":"Giant Head","floor":46,"turns":6},{"damage":13,"enemies":"4 Shapes","floor":48,"turns":1},{"damage":31,"enemies":"Awakened One","floor":50,"turns":9}],"seed_played":"-5008243177050811415","potions_obtained":[{"floor":5,"key":"Explosive Potion"},{"floor":6,"key":"Swift Potion"},{"floor":10,"key":"AttackPotion"},{"floor":12,"key":"SpeedPotion"},{"floor":14,"key":"SpeedPotion"},{"floor":16,"key":"Fire Potion"},{"floor":18,"key":"Explosive Potion"},{"floor":22,"key":"Poison Potion"},{"floor":27,"key":"SkillPotion"},{"floor":44,"key":"Strength Potion"}],"is_trial":false,"path_per_floor":["M","T","M","T","M","E","M","E","T","E","R","M","M","E","R","B",null,"M","?","T","?","M","E","M","E","T","M","$","R","M","M","R","B",null,"M","M","?","M","M","R","?","M","T","M","$","E","T","M","R","B",null],"character_chosen":"IRONCLAD","items_purchased":["Shuriken","Bottled Flame","Oddly Smooth Stone"],"campfire_rested":2,"item_purchase_floors":[28,28,45],"current_hp_per_floor":[68,68,67,67,66,72,65,47,47,53,53,59,64,54,54,45,68,74,53,53,53,46,30,36,18,18,16,16,41,47,53,78,46,75,75,81,81,85,85,85,85,85,85,85,85,81,81,74,74,49],"gold":88,"neow_bonus":"RANDOM_COMMON_RELIC","is_prod":false,"is_daily":false,"chose_seed":false,"campfire_upgraded":4,"win_rate":0,"timestamp":1547507357,"path_taken":["M","?","?","?","?","E","M","E","T","E","R","M","M","E","R","BOSS","M","?","?","?","?","E","M","E","T","M","$","R","M","M","R","BOSS","M","M","?","M","M","R","?","M","T","M","$","E","?","M","R","BOSS"],"build_version":"2019-01-10","purchased_purges":1,"victory":true,"max_hp_per_floor":[75,75,75,75,75,75,75,75,75,75,75,75,75,75,75,75,75,75,75,75,75,75,85,85,85,85,85,85,85,85,85,85,85,85,85,85,85,85,85,85,85,85,85,85,85,85,85,85,85,85],"card_choices":[{"not_picked":["Cleave","Body Slam"],"picked":"Whirlwind","floor":1},{"not_picked":["Cleave","Bloodletting"],"picked":"Pommel Strike","floor":3},{"not_picked":["Searing Blow","Armaments","Combust"],"picked":"SKIP","floor":5},{"not_picked":["Impervious","Fiend Fire"],"picked":"Metallicize","floor":6},{"not_picked":["True Grit","Fire Breathing"],"picked":"Shrug It Off","floor":7},{"not_picked":["Double Tap","Thunderclap"],"picked":"Flex","floor":8},{"not_picked":["Searing Blow","Wild Strike"],"picked":"Iron Wave","floor":10},{"not_picked":["Body Slam","Iron Wave"],"picked":"Pommel Strike","floor":12},{"not_picked":["Heavy Blade","Fire Breathing"],"picked":"Rampage","floor":13},{"not_picked":["Flex","Havoc","Combust"],"picked":"SKIP","floor":14},{"not_picked":["Offering","Juggernaut"],"picked":"Barricade","floor":16},{"not_picked":["Warcry","Havoc","Sword Boomerang+1"],"picked":"SKIP","floor":18},{"not_picked":["Havoc","Flex"],"picked":"Clothesline+1","floor":22},{"not_picked":["Fire Breathing","Body Slam+1"],"picked":"Clothesline+1","floor":23},{"not_picked":["Fire Breathing","Clash+1"],"picked":"Iron Wave+1","floor":24},{"not_picked":["Shrug It Off","Searing Blow+1"],"picked":"Uppercut+1","floor":25},{"not_picked":["Double Tap","Second Wind"],"picked":"Armaments","floor":27},{"not_picked":["Dropkick+1","Seeing Red"],"picked":"Perfected Strike+1","floor":30},{"not_picked":["Iron Wave+1","Immolate+1"],"picked":"Flame Barrier","floor":31},{"not_picked":["Reaper+1","Dark Embrace"],"picked":"Demon Form","floor":33},{"not_picked":["Intimidate"],"picked":"SKIP","floor":35},{"not_picked":["Body Slam+1"],"picked":"SKIP","floor":36},{"not_picked":[],"picked":"Metamorphosis","floor":37},{"not_picked":[],"picked":"Perfected Strike+1","floor":38},{"not_picked":["Body Slam+1"],"picked":"SKIP","floor":39},{"not_picked":["Searing Blow+1"],"picked":"SKIP","floor":42},{"not_picked":["Battle Trance"],"picked":"SKIP","floor":44},{"not_picked":["Corruption"],"picked":"SKIP","floor":46},{"not_picked":["Ghostly Armor"],"picked":"SKIP","floor":48}],"player_experience":1113605,"relics_obtained":[{"floor":2,"key":"Lantern"},{"floor":4,"key":"Bag of Marbles"},{"floor":6,"key":"Anchor"},{"floor":8,"key":"Self Forming Clay"},{"floor":9,"key":"Darkstone Periapt"},{"floor":10,"key":"StoneCalendar"},{"floor":14,"key":"Molten Egg 2"},{"floor":19,"key":"Nilry\u0027s Codex"},{"floor":20,"key":"Vajra"},{"floor":23,"key":"Pear"},{"floor":25,"key":"Dream Catcher"},{"floor":26,"key":"Smiling Mask"},{"floor":43,"key":"Whetstone"},{"floor":46,"key":"Paper Frog"},{"floor":47,"key":"Orichalcum"}],"event_choices":[{"damage_healed":0,"gold_gain":0,"player_choice":"Obtained Book","damage_taken":21,"max_hp_gain":0,"max_hp_loss":0,"event_name":"Cursed Tome","floor":19,"gold_loss":0},{"damage_healed":0,"gold_gain":0,"player_choice":"Inject Mutagens","damage_taken":0,"relics_obtained":["MutagenicStrength"],"max_hp_gain":0,"max_hp_loss":0,"event_name":"Drug Dealer","floor":21,"gold_loss":0},{"damage_healed":0,"gold_gain":0,"player_choice":"Memory 1","damage_taken":0,"max_hp_gain":0,"max_hp_loss":0,"event_name":"SensoryStone","floor":37,"gold_loss":0},{"cards_removed":["Defend_R"],"damage_healed":0,"gold_gain":0,"player_choice":"Removed Skill","damage_taken":0,"max_hp_gain":0,"max_hp_loss":0,"event_name":"Falling","floor":41,"gold_loss":0}],"is_beta":false,"boss_relics":[{"not_picked":["Black Star","Orrery"],"picked":"Snecko Eye"},{"not_picked":["Astrolabe","Lizard Tail"],"picked":"Busted Crown"}],"items_purged_floors":[45],"is_endless":false,"potions_floor_spawned":[5,6,10,12,14,16,18,22,27,30,44,46],"ascension_level":18}