{"gold_per_floor":[368,382,347,366,379,379,404,404,404,416,434,152,152,166,166,262,262,279,297,42,61,74,108,120,150,211,223,12,24,24,44,44,142,142,161,161,86,100,114,147,147,161,213,42,42,42,42,57,57,57,57,57,57,87,87],"floor_reached":55,"playtime":5370,"items_purged":["Strike_B","Strike_B"],"score":700,"play_id":"bed723e6-499c-43fd-90b8-c24958d2ea5b","local_time":"20190704170017","is_ascension_mode":false,"campfire_choices":[{"data":"Sunder","floor":6,"key":"SMITH"},{"floor":15,"key":"REST"},{"floor":24,"key":"REST"},{"data":"Defragment","floor":27,"key":"SMITH"},{"data":"Electrodynamics","floor":30,"key":"SMITH"},{"data":"Leap","floor":32,"key":"SMITH"},{"floor":41,"key":"REST"},{"floor":45,"key":"RECALL"},{"floor":47,"key":"REST"},{"data":"Defragment","floor":49,"key":"SMITH"},{"data":"Barrage","floor":52,"key":"SMITH"}],"neow_cost":"PERCENT_DAMAGE","seed_source_timestamp":1108534769369065,"circlet_count":0,"master_deck":["Strike_B","Defend_B","Defend_B","Defend_B","Defend_B","Zap","Dualcast","Sunder+1","Conserve Battery","Coolheaded","Leap+1","Barrage+1","Coolheaded+1","Ball Lightning","Genetic Algorithm+1","Defragment+1","Recycle+1","Electrodynamics+1","Steam Power+1","BootSequence+1","Conserve Battery+1","Leap+1","Redo+1","Capacitor","Hologram+1","Echo Form","Conserve Battery+1","Defragment+1","Reinforced Body+1","Static Discharge+1","Chill+1","Steam+1","Skim+1"],"relics":["Cracked Core","Boot","Toxic Egg 2","Blood Vial","Dead Branch","Busted Crown","Mercury Hourglass","MawBank","Bronze Scales","Sozu","Thread and Needle","Oddly Smooth Stone","Pantograph"],"potions_floor_usage":[16,19,40,46],"damage_taken":[{"damage":1,"enemies":"Cultist","floor":1,"turns":3},{"damage":0,"enemies":"Small Slimes","floor":2,"turns":2},{"damage":1,"enemies":"Jaw Worm","floor":4,"turns":3},{"damage":12,"enemies":"Gremlin Gang","floor":5,"turns":5},{"damage":22,"enemies":"3 Sentries","floor":7,"turns":10},{"damage":0,"enemies":"3 Louse","floor":10,"turns":3},{"damage":1,"enemies":"Red Slaver","floor":11,"turns":4},{"damage":1,"enemies":"2 Fungi Beasts","floor":14,"turns":3},{"damage":30,"enemies":"Slime Boss","floor":16,"turns":12},{"damage":13,"enemies":"3 Byrds","floor":18,"turns":4},{"damage":0,"enemies":"Shell Parasite","floor":19,"turns":5},{"damage":0,"enemies":"3 Cultists","floor":21,"turns":3},{"damage":11,"enemies":"Shelled Parasite and Fungi","floor":22,"turns":5},{"damage":10,"enemies":"Gremlin Leader","floor":23,"turns":7},{"damage":0,"enemies":"Snecko","floor":25,"turns":4},{"damage":1,"enemies":"Snake Plant","floor":29,"turns":3},{"damage":0,"enemies":"3 Cultists","floor":31,"turns":2},{"damage":15,"enemies":"Champ","floor":33,"turns":11},{"damage":0,"enemies":"3 Darklings","floor":35,"turns":2},{"damage":9,"enemies":"3 Shapes","floor":38,"turns":4},{"damage":17,"enemies":"Sphere and 2 Shapes","floor":39,"turns":4},{"damage":25,"enemies":"Nemesis","floor":40,"turns":9},{"damage":13,"enemies":"Writhing Mass","floor":42,"turns":6},{"damage":0,"enemies":"Spire Growth","floor":46,"turns":2},{"damage":0,"enemies":"3 Darklings","floor":48,"turns":5},{"damage":31,"enemies":"Time Eater","floor":50,"turns":14},{"damage":32,"enemies":"Shield and Spear","floor":54,"turns":8},{"damage":65,"enemies":"The Heart","floor":55,"turns":8}],"seed_played":"-3670214994370550544","potions_obtained":[{"floor":2,"key":"SpeedPotion"},{"floor":4,"key":"Swift Potion"},{"floor":5,"key":"FocusPotion"},{"floor":16,"key":"Energy Potion"},{"floor":22,"key":"Fire Potion"},{"floor":25,"key":"SmokeBomb"}],"is_trial":false,"path_per_floor":["M","M","?","M","M","R","E","?","T","M","M","$","?","M","R","B",null,"M","M","$","M","M","E","R","M","T","R","$","M","R","M","R","B",null,"M","?","$","M","M","E","R","M","T","$","R","M","R","M","R","B",null,"R","$","E","B"],"character_chosen":"DEFECT","items_purchased":["Blood Vial","Genetic Algorithm+1","Defragment","Mercury Hourglass","Bronze Scales","Capacitor","Chill+1"],"campfire_rested":4,"item_purchase_floors":[12,12,12,20,28,28,44],"current_hp_per_floor":[53,53,71,70,58,58,36,36,36,36,35,35,35,36,58,30,75,62,64,64,66,57,49,71,73,73,73,73,74,74,75,75,60,75,75,75,75,66,51,28,50,39,39,39,39,41,63,65,65,36,75,75,75,43,5],"gold":87,"neow_bonus":"TWO_FIFTY_GOLD","is_prod":false,"is_daily":false,"chose_seed":false,"campfire_upgraded":6,"win_rate":0,"timestamp":1562284817,"path_taken":["M","M","?","M","M","R","E","?","T","M","?","$","?","M","R","BOSS","M","M","$","M","?","E","R","M","T","R","$","M","R","M","R","BOSS","M","?","$","M","M","E","R","M","T","$","R","M","R","?","R","BOSS","R","$","E","BOSS"],"build_version":"2019-07-01","purchased_purges":2,"victory":false,"max_hp_per_floor":[75,75,75,75,75,75,75,75,75,75,75,75,75,75,75,75,75,75,75,75,75,75,75,75,75,75,75,75,75,75,75,75,75,75,75,75,75,75,75,75,75,75,75,75,75,75,75,75,75,75,75,75,75,75,75],"card_choices":[{"not_picked":["Streamline","Rebound"],"picked":"Sunder","floor":1},{"not_picked":["Gash","Beam Cell","Turbo"],"picked":"SKIP","floor":2},{"not_picked":["Coolheaded","Turbo"],"picked":"Conserve Battery","floor":4},{"not_picked":["Blizzard","Machine Learning"],"picked":"Coolheaded","floor":5},{"not_picked":["Hyperbeam","Loop"],"picked":"Leap","floor":7},{"not_picked":["Sweeping Beam","Go for the Eyes"],"picked":"Coolheaded+1","floor":10},{"not_picked":["Hello World","Streamline"],"picked":"Ball Lightning","floor":11},{"not_picked":["Turbo+1","Tempest+1"],"picked":"Recycle+1","floor":14},{"not_picked":["Creative AI","Thunder Strike"],"picked":"Electrodynamics","floor":16},{"not_picked":[],"picked":"Steam Power+1","floor":18},{"not_picked":[],"picked":"BootSequence+1","floor":19},{"not_picked":["Beam Cell"],"picked":"SKIP","floor":21},{"not_picked":[],"picked":"Conserve Battery+1","floor":22},{"not_picked":[],"picked":"Leap+1","floor":23},{"not_picked":[],"picked":"Redo+1","floor":25},{"not_picked":[],"picked":"Hologram+1","floor":29},{"not_picked":["Hologram+1"],"picked":"SKIP","floor":31},{"not_picked":[],"picked":"Echo Form","floor":33},{"not_picked":[],"picked":"Conserve Battery+1","floor":35},{"not_picked":["Coolheaded+1"],"picked":"SKIP","floor":38},{"not_picked":[],"picked":"Reinforced Body+1","floor":39},{"not_picked":["Genetic Algorithm+1"],"picked":"SKIP","floor":40},{"not_picked":[],"picked":"Static Discharge+1","floor":42},{"not_picked":[],"picked":"Steam+1","floor":48},{"not_picked":[],"picked":"Skim+1","floor":54}],"player_experience":628815,"relics_obtained":[{"floor":7,"key":"Boot"},{"floor":9,"key":"Toxic Egg 2"},{"floor":13,"key":"Dead Branch"},{"floor":23,"key":"MawBank"},{"floor":40,"key":"Thread and Needle"},{"floor":43,"key":"Oddly Smooth Stone"},{"floor":54,"key":"Pantograph"}],"event_choices":[{"damage_healed":18,"gold_gain":0,"player_choice":"Healed","damage_taken":0,"max_hp_gain":0,"max_hp_loss":0,"event_name":"The Cleric","floor":3,"gold_loss":35},{"damage_healed":0,"gold_gain":0,"cards_transformed":["Strike_B"],"player_choice":"Transformed","damage_taken":0,"max_hp_gain":0,"max_hp_loss":0,"event_name":"Transmorgrifier","floor":8,"gold_loss":0,"cards_obtained":["Barrage"]},{"damage_healed":0,"gold_gain":0,"player_choice":"Relic","damage_taken":0,"max_hp_gain":0,"max_hp_loss":0,"event_name":"Wheel of Change","floor":13,"gold_loss":0},{"damage_healed":0,"gold_gain":0,"player_choice":"1 cards matched","damage_taken":0,"max_hp_gain":0,"max_hp_loss":0,"event_name":"Match and Keep!","floor":36,"gold_loss":0,"cards_obtained":["Defragment"]}],"is_beta":false,"boss_relics":[{"not_picked":["Orrery","FrozenCore"],"picked":"Busted Crown"},{"not_picked":["Astrolabe","Lizard Tail"],"picked":"Sozu"}],"items_purged_floors":[37,44],"is_endless":false,"potions_floor_spawned":[2,4,5,7,16,22,25,29,33,35,39,40],"killed_by":"The Heart","ascension_level":0}