{"gold_per_floor":[365,375,189,264,284,312,324,354,391,415,453,465,477,210,210,283,283,297,309,309,322,336,336,74,104,185,185,185,110,110],"floor_reached":30,"playtime":942,"items_purged":["Strike_B"],"score":426,"play_id":"650b6542-4323-454e-a257-4240f738a270","local_time":"20190702205809","is_ascension_mode":true,"campfire_choices":[{"floor":7,"key":"REST"},{"data":"Zap","floor":15,"key":"SMITH"},{"floor":23,"key":"REST"}],"neow_cost":"TEN_PERCENT_HP_LOSS","seed_source_timestamp":807581096199506,"circlet_count":0,"master_deck":["AscendersBane","Strike_B+1","Strike_B+1","Defend_B+1","Defend_B+1","Defend_B+1","Defend_B+1","Zap+1","Dualcast","Compile Driver","The Bomb+1","Doom and Gloom","Leap","Cold Snap","Consume","Buffer","Steam","Reinforced Body+1","Genetic Algorithm+1","Defragment","Decay","Turbo","Aggregate"],"relics":["Cracked Core","MawBank","Boot","Bronze Scales","Dead Branch","Lee\u0027s Waffle","Cursed Key","Darkstone Periapt","DataDisk","Question Card"],"potions_floor_usage":[11],"damage_taken":[{"damage":3,"enemies":"2 Louse","floor":1,"turns":2},{"damage":8,"enemies":"Small Slimes","floor":2,"turns":3},{"damage":0,"enemies":"Cultist","floor":5,"turns":3},{"damage":15,"enemies":"Lagavulin","floor":6,"turns":5},{"damage":10,"enemies":"Exordium Wildlife","floor":8,"turns":3},{"damage":0,"enemies":"Large Slime","floor":10,"turns":3},{"damage":20,"enemies":"Gremlin Nob","floor":11,"turns":4},{"damage":38,"enemies":"The Guardian","floor":16,"turns":9},{"damage":30,"enemies":"2 Thieves","floor":18,"turns":3},{"damage":5,"enemies":"Shell Parasite","floor":19,"turns":5},{"damage":0,"enemies":"Snake Plant","floor":21,"turns":4},{"damage":3,"enemies":"Cultist and Chosen","floor":22,"turns":4},{"damage":32,"enemies":"Slavers","floor":25,"turns":3},{"damage":11,"enemies":"Colosseum Slavers","floor":28,"turns":4},{"damage":17,"enemies":"Shelled Parasite and Fungi","floor":30,"turns":2}],"seed_played":"-9151806744423513844","potions_obtained":[{"floor":2,"key":"Explosive Potion"},{"floor":8,"key":"GamblersBrew"},{"floor":10,"key":"Block Potion"},{"floor":16,"key":"LiquidBronze"}],"is_trial":false,"path_per_floor":["M","M","$","?","M","E","R","M","T","M","E","?","?","$","R","B",null,"M","M","?","M","M","R","$","E","T","?","?","$","M"],"character_chosen":"DEFECT","items_purchased":["The Bomb","Lee\u0027s Waffle","Darkstone Periapt","FocusPotion"],"campfire_rested":2,"item_purchase_floors":[3,14,24,29],"current_hp_per_floor":[65,57,57,46,46,31,51,41,41,41,21,18,18,75,75,37,66,36,31,31,31,28,50,50,18,24,24,13,13,0],"gold":110,"neow_bonus":"TWO_FIFTY_GOLD","is_prod":false,"is_daily":false,"chose_seed":false,"campfire_upgraded":1,"win_rate":0,"timestamp":1562115489,"path_taken":["M","M","$","?","M","E","R","M","T","M","E","?","?","$","R","BOSS","M","?","?","M","M","R","$","E","T","?","?","?","M"],"build_version":"2019-07-01","purchased_purges":1,"victory":false,"max_hp_per_floor":[68,68,68,68,68,68,68,68,68,68,68,68,68,75,75,75,75,75,75,75,75,75,75,75,75,81,81,81,81,81],"card_choices":[{"not_picked":["Beam Cell","Skim"],"picked":"Compile Driver","floor":1},{"not_picked":["Coolheaded","Redo","Lockon"],"picked":"SKIP","floor":2},{"not_picked":["Gash","Compile Driver"],"picked":"Doom and Gloom","floor":5},{"not_picked":["Capacitor","Streamline"],"picked":"Leap","floor":6},{"not_picked":["Barrage","Sweeping Beam"],"picked":"Streamline","floor":8},{"not_picked":["Recycle","Reprogram"],"picked":"Cold Snap","floor":10},{"not_picked":["Barrage","Tempest"],"picked":"Consume","floor":11},{"not_picked":["Rainbow","Amplify"],"picked":"Buffer","floor":16},{"not_picked":["Stack","Cold Snap","Streamline"],"picked":"SKIP","floor":18},{"not_picked":["Cold Snap","Genetic Algorithm"],"picked":"Steam","floor":19},{"not_picked":["Ball Lightning","Storm"],"picked":"Reinforced Body+1","floor":21},{"not_picked":["Ball Lightning","Beam Cell"],"picked":"Genetic Algorithm+1","floor":22},{"not_picked":["Skim","Tempest"],"picked":"Defragment","floor":25}],"player_experience":453436,"relics_obtained":[{"floor":6,"key":"MawBank"},{"floor":9,"key":"Boot"},{"floor":11,"key":"Bronze Scales"},{"floor":25,"key":"DataDisk"},{"floor":26,"key":"Question Card"}],"event_choices":[{"damage_healed":0,"gold_gain":75,"player_choice":"Gather Gold","damage_taken":11,"max_hp_gain":0,"max_hp_loss":0,"event_name":"World of Goop","floor":4,"gold_loss":0},{"damage_healed":0,"gold_gain":0,"player_choice":"Success","damage_taken":3,"relics_obtained":["Dead Branch"],"max_hp_gain":0,"max_hp_loss":0,"event_name":"Scrap Ooze","floor":12,"gold_loss":0},{"damage_healed":0,"gold_gain":0,"player_choice":"Upgraded","damage_taken":0,"max_hp_gain":0,"max_hp_loss":0,"event_name":"Upgrade Shrine","floor":13,"gold_loss":0,"cards_upgraded":["The Bomb"]},{"damage_healed":0,"gold_gain":0,"player_choice":"Simplicity","damage_taken":0,"max_hp_gain":0,"max_hp_loss":0,"event_name":"Back to Basics","floor":20,"gold_loss":0,"cards_upgraded":["Strike_B","Strike_B","Strike_B","Defend_B","Defend_B","Defend_B","Defend_B"]},{"damage_healed":0,"gold_gain":0,"cards_transformed":["Streamline","Strike_B"],"player_choice":"Became Test Subject","damage_taken":0,"max_hp_gain":0,"max_hp_loss":0,"event_name":"Drug Dealer","floor":27,"gold_loss":0,"cards_obtained":["Turbo","Aggregate"]},{"damage_healed":0,"gold_gain":0,"player_choice":"Fight","damage_taken":0,"max_hp_gain":0,"max_hp_loss":0,"event_name":"Colosseum","floor":28,"gold_loss":0},{"damage_healed":0,"gold_gain":0,"player_choice":"Fled From Nobs","damage_taken":0,"max_hp_gain":0,"max_hp_loss":0,"event_name":"Colosseum","floor":28,"gold_loss":0}],"is_beta":false,"boss_relics":[{"not_picked":["Black Star","Ectoplasm"],"picked":"Cursed Key"}],"items_purged_floors":[14],"is_endless":false,"potions_floor_spawned":[2,8,10,16,21,22],"killed_by":"Shelled Parasite and Fungi","ascension_level":13}