{"gold_per_floor":[114,3,21,31,50,85,85,103,103,103,103,118,118,131,131,227,227,240,253,253,269,283,283,299,12,35,35],"floor_reached":27,"playtime":1733,"items_purged":["Normality"],"score":230,"play_id":"d8d04086-3561-44e9-a434-248731a240b3","local_time":"20190612195043","is_ascension_mode":true,"campfire_choices":[{"data":"Terror","floor":11,"key":"SMITH"},{"floor":13,"key":"REST"},{"data":"Setup","floor":15,"key":"SMITH"},{"floor":23,"key":"REST"}],"neow_cost":"CURSE","seed_source_timestamp":22952688482380,"circlet_count":0,"master_deck":["Defend_G","Defend_G","Defend_G","Defend_G","Strike_G","Strike_G","Strike_G","Strike_G","Survivor","Neutralize","Backstab","PiercingWail","Quick Slash","Terror+1","Skewer","Footwork","Setup+1","Finisher","Well Laid Plans","Blade Dance","Phantasmal Killer","Adrenaline","Reflex","Blade Dance","Flying Knee+1","Deflect+1","Predator+1"],"relics":["Ring of the Serpent","Pen Nib","Bag of Preparation","Bottled Lightning","CultistMask","Calipers","Vajra"],"potions_floor_usage":[16,16,16,16,21,27],"damage_taken":[{"damage":3,"enemies":"Cultist","floor":1,"turns":4},{"damage":1,"enemies":"2 Louse","floor":3,"turns":2},{"damage":0,"enemies":"Jaw Worm","floor":4,"turns":2},{"damage":7,"enemies":"Red Slaver","floor":5,"turns":4},{"damage":19,"enemies":"Lagavulin","floor":6,"turns":8},{"damage":6,"enemies":"Gremlin Gang","floor":8,"turns":4},{"damage":0,"enemies":"Lots of Slimes","floor":12,"turns":2},{"damage":0,"enemies":"Blue Slaver","floor":14,"turns":2},{"damage":29,"enemies":"Slime Boss","floor":16,"turns":8},{"damage":10,"enemies":"Spheric Guardian","floor":18,"turns":3},{"damage":0,"enemies":"2 Thieves","floor":19,"turns":4},{"damage":25,"enemies":"Sentry and Sphere","floor":21,"turns":4},{"damage":12,"enemies":"Snecko","floor":22,"turns":5},{"damage":3,"enemies":"Centurion and Healer","floor":24,"turns":4},{"damage":71,"enemies":"Slavers","floor":27,"turns":5}],"seed_played":"-5285952426243735396","potions_obtained":[{"floor":4,"key":"EntropicBrew"},{"floor":5,"key":"PowerPotion"},{"floor":8,"key":"SpeedPotion"},{"floor":10,"key":"FearPotion"},{"floor":16,"key":"SteroidPotion"},{"floor":24,"key":"Regen Potion"}],"is_trial":false,"path_per_floor":["M","$","M","M","M","E","?","M","T","?","R","M","R","M","R","B",null,"M","M","?","M","M","R","M","$","T","E"],"character_chosen":"THE_SILENT","items_purchased":["Terror","Calipers"],"campfire_rested":2,"item_purchase_floors":[2,25],"current_hp_per_floor":[67,67,66,66,59,40,33,27,27,27,27,27,48,48,48,19,70,60,60,60,35,23,44,41,41,41,0],"gold":35,"neow_bonus":"TRANSFORM_TWO_CARDS","is_prod":false,"is_daily":false,"chose_seed":false,"campfire_upgraded":2,"win_rate":0,"timestamp":1560394243,"path_taken":["M","$","M","?","M","E","?","M","T","?","R","M","R","M","R","BOSS","M","M","?","?","M","R","M","$","T","E"],"build_version":"2019-01-23","purchased_purges":1,"victory":false,"max_hp_per_floor":[70,70,70,70,70,70,70,70,70,70,70,70,70,70,70,70,70,70,70,70,70,70,70,70,70,70,70],"card_choices":[{"not_picked":["Dodge and Roll","PiercingWail"],"picked":"Quick Slash","floor":1},{"not_picked":["Cloak And Dagger","Outmaneuver"],"picked":"Skewer","floor":3},{"not_picked":["Setup","Underhanded Strike"],"picked":"Footwork","floor":4},{"not_picked":["Sucker Punch","Slice"],"picked":"Setup","floor":5},{"not_picked":["Slice","Skewer"],"picked":"Finisher","floor":6},{"not_picked":["Outmaneuver","Expertise"],"picked":"Well Laid Plans","floor":8},{"not_picked":["Heel Hook","Well Laid Plans"],"picked":"Blade Dance","floor":12},{"not_picked":["Underhanded Strike","Dagger Spray"],"picked":"Phantasmal Killer","floor":14},{"not_picked":["Grand Finale","Venomology"],"picked":"Adrenaline","floor":16},{"not_picked":["Sucker Punch","Bouncing Flask+1"],"picked":"Reflex","floor":18},{"not_picked":["Reflex","Dagger Spray"],"picked":"Blade Dance","floor":19},{"not_picked":["All Out Attack+1","Poisoned Stab"],"picked":"Flying Knee+1","floor":21},{"not_picked":["Predator","Flying Knee"],"picked":"Deflect+1","floor":22},{"not_picked":["Concentrate","A Thousand Cuts"],"picked":"Predator+1","floor":24}],"player_experience":205438,"relics_obtained":[{"floor":6,"key":"Pen Nib"},{"floor":9,"key":"Bottled Lightning"},{"floor":26,"key":"Vajra"}],"event_choices":[{"damage_healed":0,"gold_gain":0,"player_choice":"Success","damage_taken":7,"relics_obtained":["Bag of Preparation"],"max_hp_gain":0,"max_hp_loss":0,"event_name":"Scrap Ooze","floor":7,"gold_loss":0},{"damage_healed":0,"gold_gain":0,"player_choice":"Got Potions","damage_taken":0,"max_hp_gain":0,"max_hp_loss":0,"event_name":"Lab","floor":10,"gold_loss":0},{"damage_healed":0,"gold_gain":0,"player_choice":"Trade","damage_taken":0,"relics_obtained":["CultistMask"],"max_hp_gain":0,"max_hp_loss":0,"event_name":"FaceTrader","floor":20,"gold_loss":0}],"is_beta":false,"boss_relics":[{"not_picked":["Busted Crown","White Beast Statue"],"picked":"Ring of the Serpent"}],"items_purged_floors":[2],"is_endless":false,"potions_floor_spawned":[4,5,8,16,19,24],"killed_by":"Slavers","ascension_level":1}