{"gold_per_floor":[114,129,129,129,144,174,204,204,204,204,219,249,264,279,279,379,379,394,394,322,337,352,352,382,382,382,307,322,322,352,367,367,467,467,482,527,527,557,572,572,587,587,587,617,632,662,677,692,692,692],"floor_reached":51,"playtime":3985,"items_purged":[],"score":901,"play_id":"d6ce42a8-fcfd-4d79-821b-dabddf55cbdd","local_time":"20181226011651","daily_mods":["Chimera","Vintage","DeadlyEvents"],"is_ascension_mode":false,"campfire_choices":[{"floor":8,"key":"REST"},{"data":"1","floor":10,"key":"LIFT"},{"data":"Fission","floor":15,"key":"SMITH"},{"data":"Defragment","floor":23,"key":"SMITH"},{"data":"Loop","floor":25,"key":"SMITH"},{"floor":32,"key":"REST"},{"data":"Amplify","floor":40,"key":"SMITH"},{"data":"2","floor":49,"key":"LIFT"}],"neow_cost":"","seed_source_timestamp":92329106451251,"circlet_count":0,"master_deck":["Bash+1","Survivor","Zap","Strike_R+1","Defend_R","Defend_G","Defend_B","Cold Snap","Loop+1","Fission+1","Amplify+1","RitualDagger","Defragment+1","Compile Driver","Echo Form+1","Multi-Cast+1","Beam Cell+1","Loop+1"],"special_seed":17891,"relics":["Cracked Core","Bottled Lightning","Bag of Preparation","Question Card","Singing Bowl","Girya","Pear","Shuriken","Vajra","Dream Catcher","Pen Nib","Mercury Hourglass","Nunchaku","Runic Pyramid","Whetstone","Bronze Scales","Toxic Egg 2","Mummified Hand","Frozen Egg 2","Letter Opener","Boot","Unceasing Top","Dodecahedron","Inserter","Anchor","Tiny Chest","Blood Vial","Orichalcum","Omamori","Sundial","Symbiotic Virus","Strawberry","Bottled Flame","Cables","Art of War","Oddly Smooth Stone"],"potions_floor_usage":[6,12,16,18,33,38,39,41,46],"damage_taken":[{"damage":0,"enemies":"Cultist","floor":1,"turns":3},{"damage":0,"enemies":"Jaw Worm","floor":2,"turns":5},{"damage":2,"enemies":"Small Slimes","floor":5,"turns":5},{"damage":19,"enemies":"3 Sentries","floor":6,"turns":8},{"damage":35,"enemies":"Lagavulin","floor":7,"turns":7},{"damage":6,"enemies":"3 Louse","floor":11,"turns":4},{"damage":15,"enemies":"3 Sentries","floor":12,"turns":6},{"damage":2,"enemies":"Blue Slaver","floor":13,"turns":3},{"damage":1,"enemies":"Red Slaver","floor":14,"turns":3},{"damage":4,"enemies":"Slime Boss","floor":16,"turns":7},{"damage":3,"enemies":"Shell Parasite","floor":18,"turns":4},{"damage":8,"enemies":"3 Byrds","floor":21,"turns":3},{"damage":0,"enemies":"Snecko","floor":22,"turns":4},{"damage":24,"enemies":"Slavers","floor":24,"turns":5},{"damage":0,"enemies":"Sentry and Sphere","floor":28,"turns":3},{"damage":7,"enemies":"Gremlin Leader","floor":30,"turns":4},{"damage":8,"enemies":"Cultist and Chosen","floor":31,"turns":3},{"damage":28,"enemies":"Champ","floor":33,"turns":9},{"damage":6,"enemies":"3 Darklings","floor":35,"turns":5},{"damage":0,"enemies":"3 Shapes","floor":36,"turns":3},{"damage":18,"enemies":"Nemesis","floor":38,"turns":7},{"damage":7,"enemies":"Sphere and 2 Shapes","floor":39,"turns":4},{"damage":0,"enemies":"Transient","floor":41,"turns":5},{"damage":0,"enemies":"Reptomancer","floor":44,"turns":4},{"damage":0,"enemies":"Writhing Mass","floor":45,"turns":3},{"damage":0,"enemies":"Giant Head","floor":46,"turns":5},{"damage":18,"enemies":"Spire Growth","floor":47,"turns":4},{"damage":0,"enemies":"Transient","floor":48,"turns":5},{"damage":6,"enemies":"Awakened One","floor":50,"turns":8}],"seed_played":"4795555821384986317","potions_obtained":[{"floor":5,"key":"Fire Potion"},{"floor":7,"key":"LiquidBronze"},{"floor":13,"key":"Energy Potion"},{"floor":16,"key":"PowerPotion"},{"floor":21,"key":"Swift Potion"},{"floor":28,"key":"Dexterity Potion"},{"floor":31,"key":"PowerPotion"},{"floor":35,"key":"SkillPotion"},{"floor":39,"key":"Strength Potion"},{"floor":44,"key":"Dexterity Potion"},{"floor":45,"key":"SteroidPotion"},{"floor":46,"key":"LiquidBronze"}],"is_trial":false,"path_per_floor":["M","M","?","T","M","E","E","R","T","R","M","E","M","M","R","B",null,"M","?","$","M","M","R","E","R","T","?","M","T","E","M","R","B",null,"M","M","?","E","M","R","M","T","T","E","M","E","M","M","R","B",null],"character_chosen":"DEFECT","items_purchased":["Defragment"],"campfire_rested":2,"item_purchase_floors":[20],"current_hp_per_floor":[75,75,72,72,70,61,26,51,51,51,45,30,28,27,27,23,85,82,76,76,68,68,68,44,44,44,44,44,44,39,31,57,29,87,81,81,81,63,58,58,60,60,60,71,73,75,59,61,61,57],"gold":692,"neow_bonus":"","is_prod":false,"is_daily":true,"chose_seed":false,"campfire_upgraded":4,"win_rate":0,"timestamp":1545815811,"path_taken":["M","?","?","?","M","E","?","R","T","R","M","E","M","M","R","BOSS","M","?","$","M","M","R","E","R","T","?","M","?","?","?","R","BOSS","M","M","?","?","M","R","M","?","T","E","M","?","M","M","R","BOSS"],"build_version":"2018-12-20","purchased_purges":0,"victory":true,"max_hp_per_floor":[75,75,75,75,75,85,85,85,85,85,85,85,85,85,85,85,85,85,85,85,85,85,85,85,85,85,85,85,85,87,87,87,87,87,87,87,87,87,87,87,87,87,87,96,96,96,96,96,96,96],"card_choices":[{"not_picked":["Go for the Eyes","Reinforced Body","Auto Shields"],"picked":"Cold Snap","floor":6},{"not_picked":["Leap","Melter","Conserve Battery"],"picked":"Loop","floor":7},{"not_picked":["BootSequence","Reprogram","Hologram"],"picked":"Fission","floor":12},{"not_picked":["Meteor Strike","Electrodynamics","Creative AI"],"picked":"Amplify","floor":16},{"not_picked":["Rebound","Barrage","Beam Cell"],"picked":"Compile Driver","floor":24},{"not_picked":["Turbo+1","Consume+1","Cold Snap+1","Auto Shields+1"],"picked":"Singing Bowl","floor":30},{"not_picked":["Gash","Chill+1","Barrage"],"picked":"Echo Form+1","floor":32},{"not_picked":["Echo Form+1","Amplify+1","Core Surge"],"picked":"Multi-Cast+1","floor":33},{"not_picked":["Rebound","Hello World+1","Recycle+1"],"picked":"Beam Cell+1","floor":38},{"not_picked":["Consume+1","Reboot+1","Gash+1","Auto Shields+1"],"picked":"Singing Bowl","floor":44},{"not_picked":["Steam Power+1","Rip and Tear+1","Ball Lightning+1"],"picked":"Loop+1","floor":46}],"player_experience":116460,"relics_obtained":[{"floor":1,"key":"Bottled Lightning"},{"floor":2,"key":"Bag of Preparation"},{"floor":4,"key":"Singing Bowl"},{"floor":5,"key":"Girya"},{"floor":6,"key":"Pear"},{"floor":7,"key":"Shuriken"},{"floor":9,"key":"Vajra"},{"floor":11,"key":"Dream Catcher"},{"floor":12,"key":"Pen Nib"},{"floor":13,"key":"Mercury Hourglass"},{"floor":14,"key":"Nunchaku"},{"floor":18,"key":"Whetstone"},{"floor":21,"key":"Bronze Scales"},{"floor":22,"key":"Toxic Egg 2"},{"floor":24,"key":"Mummified Hand"},{"floor":26,"key":"Frozen Egg 2"},{"floor":28,"key":"Letter Opener"},{"floor":29,"key":"Boot"},{"floor":30,"key":"Unceasing Top"},{"floor":31,"key":"Dodecahedron"},{"floor":35,"key":"Anchor"},{"floor":36,"key":"Tiny Chest"},{"floor":38,"key":"Blood Vial"},{"floor":39,"key":"Orichalcum"},{"floor":41,"key":"Omamori"},{"floor":42,"key":"Sundial"},{"floor":43,"key":"Symbiotic Virus"},{"floor":44,"key":"Strawberry"},{"floor":45,"key":"Bottled Flame"},{"floor":46,"key":"Cables"},{"floor":47,"key":"Art of War"},{"floor":48,"key":"Oddly Smooth Stone"}],"event_choices":[{"damage_healed":0,"gold_gain":0,"player_choice":"Success","damage_taken":3,"relics_obtained":["Question Card"],"max_hp_gain":0,"max_hp_loss":0,"event_name":"Scrap Ooze","floor":3,"gold_loss":0},{"damage_healed":0,"gold_gain":0,"player_choice":"Joined the Cult","damage_taken":6,"max_hp_gain":0,"max_hp_loss":0,"event_name":"Nest","floor":19,"gold_loss":0,"cards_obtained":["RitualDagger"]},{"cards_removed":["Strike_G"],"damage_healed":0,"gold_gain":0,"player_choice":"Gave Gold","damage_taken":0,"max_hp_gain":0,"max_hp_loss":0,"event_name":"Beggar","floor":27,"gold_loss":75},{"cards_removed":["Strike_B"],"damage_healed":0,"gold_gain":0,"player_choice":"Purged","damage_taken":0,"max_hp_gain":0,"max_hp_loss":0,"event_name":"Purifier","floor":37,"gold_loss":0}],"is_beta":false,"boss_relics":[{"not_picked":["Tiny House","Black Star"],"picked":"Runic Pyramid"},{"not_picked":["Philosopher\u0027s Stone","Snecko Eye"],"picked":"Inserter"}],"items_purged_floors":[],"is_endless":false,"potions_floor_spawned":[5,7,13,16,21,28,31,35,39,44,45,46,47],"ascension_level":0}