{"gold_per_floor":[114,128,138,138,63,89,89,109,179,208,208,208,208,224,224,303,303,320,195,115],"floor_reached":20,"playtime":787,"items_purged":["Strike_R"],"score":337,"play_id":"bd93942d-4c05-4145-b17e-b1132880eef8","local_time":"20190331014925","is_ascension_mode":true,"campfire_choices":[{"floor":7,"key":"REST"},{"data":"Seeing Red","floor":11,"key":"SMITH"},{"floor":13,"key":"REST"},{"data":"Bash","floor":15,"key":"SMITH"}],"neow_cost":"NONE","seed_source_timestamp":869109648956070,"circlet_count":0,"master_deck":["AscendersBane","Strike_R","Strike_R","Strike_R","Strike_R","Defend_R","Defend_R","Defend_R","Defend_R","Bash+1","Ghostly Armor","Seeing Red+1","Pommel Strike","Shrug It Off","Warcry","Evolve","Headbutt+1","Juggernaut","Clothesline+1","Anger+1"],"relics":["Black Blood","Turnip","Boot","Dodecahedron","Molten Egg 2","Blue Candle"],"potions_floor_usage":[10,16,16,18],"damage_taken":[{"damage":2,"enemies":"Cultist","floor":1,"turns":4},{"damage":3,"enemies":"2 Louse","floor":2,"turns":4},{"damage":4,"enemies":"Small Slimes","floor":3,"turns":3},{"damage":36,"enemies":"Gremlin Nob","floor":6,"turns":5},{"damage":16,"enemies":"Blue Slaver","floor":8,"turns":5},{"damage":23,"enemies":"Lagavulin","floor":10,"turns":8},{"damage":8,"enemies":"Large Slime","floor":14,"turns":6},{"damage":38,"enemies":"Slime Boss","floor":16,"turns":11},{"damage":56,"enemies":"Shell Parasite","floor":18,"turns":17},{"damage":21,"enemies":"2 Thieves","floor":20,"turns":2}],"seed_played":"8722635593869061900","potions_obtained":[{"floor":0,"key":"PowerPotion"},{"floor":0,"key":"SneckoOil"},{"floor":1,"key":"Explosive Potion"},{"floor":10,"key":"Swift Potion"},{"floor":14,"key":"SteroidPotion"},{"floor":16,"key":"Block Potion"}],"is_trial":false,"path_per_floor":["M","M","M","?","?","E","R","M","T","E","R","T","R","M","R","B",null,"M","$","M"],"character_chosen":"IRONCLAD","items_purchased":["Anger+1"],"campfire_rested":2,"item_purchase_floors":[19],"current_hp_per_floor":[72,75,75,75,75,45,67,57,57,40,40,40,62,60,60,28,63,17,17,0],"gold":115,"neow_bonus":"THREE_SMALL_POTIONS","is_prod":false,"is_daily":false,"chose_seed":false,"campfire_upgraded":2,"win_rate":0,"timestamp":1554011365,"path_taken":["M","M","?","?","?","E","R","M","T","E","R","?","R","M","R","BOSS","M","$","M"],"build_version":"2019-01-23","purchased_purges":1,"victory":false,"max_hp_per_floor":[75,75,75,75,75,75,75,75,75,75,75,75,75,75,75,75,75,75,75,75],"card_choices":[{"not_picked":["Entrench","Warcry"],"picked":"Ghostly Armor","floor":1},{"not_picked":["Fire Breathing","Burning Pact"],"picked":"Seeing Red","floor":2},{"not_picked":["Dual Wield","Seeing Red"],"picked":"Pommel Strike","floor":3},{"not_picked":["Dropkick","Evolve"],"picked":"Shrug It Off","floor":6},{"not_picked":["Perfected Strike","Infernal Blade"],"picked":"Warcry","floor":8},{"not_picked":["Second Wind","Pommel Strike"],"picked":"Evolve","floor":10},{"not_picked":["Reckless Charge+1","Rupture"],"picked":"Headbutt+1","floor":14},{"not_picked":["Limit Break","Dark Embrace"],"picked":"Juggernaut","floor":16},{"not_picked":["Perfected Strike+1","Heavy Blade+1"],"picked":"Clothesline+1","floor":18}],"player_experience":346964,"relics_obtained":[{"floor":6,"key":"Boot"},{"floor":9,"key":"Dodecahedron"},{"floor":10,"key":"Molten Egg 2"},{"floor":12,"key":"Blue Candle"}],"event_choices":[{"damage_healed":0,"gold_gain":0,"player_choice":"Box","damage_taken":0,"relics_obtained":["Turnip"],"max_hp_gain":0,"max_hp_loss":0,"event_name":"Big Fish","floor":4,"gold_loss":0,"cards_obtained":["Regret"]},{"cards_removed":["Regret"],"damage_healed":0,"gold_gain":0,"player_choice":"Card Removal","damage_taken":0,"max_hp_gain":0,"max_hp_loss":0,"event_name":"The Cleric","floor":5,"gold_loss":75}],"is_beta":false,"boss_relics":[{"not_picked":["Astrolabe","Ectoplasm"],"picked":"Black Blood"}],"items_purged_floors":[19],"is_endless":false,"potions_floor_spawned":[1,2,10,14,16],"killed_by":"2 Thieves","ascension_level":17}