{"gold_per_floor":[119,129,129,129,129,129,145,175,175,140,140,152,73,85,85,162,162,181,200,200],"floor_reached":20,"playtime":612,"items_purged":[],"score":348,"play_id":"f37a2852-4bc8-4dac-a362-b9c070ca3bb5","local_time":"20190126115046","is_ascension_mode":true,"campfire_choices":[{"data":"Bash","floor":6,"key":"SMITH"},{"data":"Flex","floor":11,"key":"SMITH"},{"data":"Inflame","floor":15,"key":"SMITH"}],"neow_cost":"NONE","seed_source_timestamp":199569489772200,"circlet_count":0,"master_deck":["AscendersBane","Strike_R","Strike_R","Strike_R","Strike_R+1","Strike_R","Defend_R","Defend_R","Defend_R","Defend_R+1","Bash+1","Body Slam+1","Thunderclap","Shrug It Off","Flex+1","Evolve","Inflame+1","Pommel Strike","Barricade"],"relics":["Burning Blood","Vajra","Ice Cream","Kunai","Velvet Choker"],"potions_floor_usage":[16,16],"damage_taken":[{"damage":1,"enemies":"Cultist","floor":1,"turns":3},{"damage":10,"enemies":"Small Slimes","floor":2,"turns":3},{"damage":0,"enemies":"2 Louse","floor":7,"turns":2},{"damage":31,"enemies":"Lagavulin","floor":8,"turns":6},{"damage":12,"enemies":"Exordium Wildlife","floor":12,"turns":3},{"damage":0,"enemies":"2 Fungi Beasts","floor":14,"turns":4},{"damage":36,"enemies":"The Guardian","floor":16,"turns":9},{"damage":38,"enemies":"Shell Parasite","floor":18,"turns":4},{"damage":22,"enemies":"3 Byrds","floor":19,"turns":5},{"damage":23,"enemies":"3 Cultists","floor":20,"turns":4}],"seed_played":"5099485691785728742","potions_obtained":[{"floor":8,"key":"Explosive Potion"},{"floor":14,"key":"Block Potion"},{"floor":16,"key":"SpeedPotion"},{"floor":19,"key":"Block Potion"}],"is_trial":false,"path_per_floor":["M","M","?","?","?","R","M","E","T","?","R","M","$","M","R","B",null,"M","M","M"],"character_chosen":"IRONCLAD","items_purchased":["Inflame"],"campfire_rested":0,"item_purchase_floors":[13],"current_hp_per_floor":[73,69,74,74,50,50,56,31,31,51,51,45,45,51,51,21,65,33,17,0],"gold":200,"neow_bonus":"RANDOM_COMMON_RELIC","is_prod":false,"is_daily":false,"chose_seed":false,"campfire_upgraded":3,"win_rate":0,"timestamp":1548503446,"path_taken":["M","M","?","?","?","R","M","E","T","?","R","?","$","M","R","BOSS","M","M","M"],"build_version":"2019-01-23","purchased_purges":0,"victory":false,"max_hp_per_floor":[75,75,80,80,80,80,80,80,80,80,80,80,80,80,80,80,80,80,80,80],"card_choices":[{"not_picked":["Wild Strike","Fire Breathing"],"picked":"Body Slam","floor":1},{"not_picked":["Anger","Wild Strike"],"picked":"Thunderclap","floor":2},{"not_picked":["Clothesline","Dual Wield"],"picked":"Shrug It Off","floor":7},{"not_picked":["Fiend Fire","Perfected Strike"],"picked":"Flex","floor":8},{"not_picked":["Power Through","Armaments"],"picked":"Evolve","floor":12},{"not_picked":["Headbutt","Wild Strike"],"picked":"Pommel Strike","floor":14},{"not_picked":["Fiend Fire","Exhume"],"picked":"Barricade","floor":16},{"not_picked":["Anger","Sword Boomerang","Body Slam"],"picked":"SKIP","floor":18},{"not_picked":["Havoc","Pommel Strike","Headbutt"],"picked":"SKIP","floor":19}],"player_experience":1220654,"relics_obtained":[{"floor":8,"key":"Ice Cream"},{"floor":9,"key":"Kunai"}],"event_choices":[{"damage_healed":0,"gold_gain":0,"player_choice":"Donut","damage_taken":0,"max_hp_gain":5,"max_hp_loss":0,"event_name":"Big Fish","floor":3,"gold_loss":0},{"damage_healed":0,"gold_gain":0,"player_choice":"Grow","damage_taken":0,"max_hp_gain":0,"max_hp_loss":0,"event_name":"Living Wall","floor":4,"gold_loss":0,"cards_upgraded":["Body Slam"]},{"damage_healed":0,"gold_gain":0,"player_choice":"Entered Light","damage_taken":24,"max_hp_gain":0,"max_hp_loss":0,"event_name":"Shining Light","floor":5,"gold_loss":0,"cards_upgraded":["Defend_R","Strike_R"]},{"damage_healed":20,"gold_gain":0,"player_choice":"Healed","damage_taken":0,"max_hp_gain":0,"max_hp_loss":0,"event_name":"The Cleric","floor":10,"gold_loss":35}],"is_beta":false,"boss_relics":[{"not_picked":["Astrolabe","Busted Crown"],"picked":"Velvet Choker"}],"items_purged_floors":[],"is_endless":false,"potions_floor_spawned":[8,14,16,19],"killed_by":"3 Cultists","ascension_level":20}