{"gold_per_floor":[111,72,88,88,104,132,132,144,144,179,199,199,27,52,52,123,123,139,156,206,206,206,206,206],"floor_reached":24,"playtime":932,"items_purged":[],"score":408,"play_id":"5f135168-99c9-4276-b200-e8f15435915e","local_time":"20190117220621","is_ascension_mode":true,"campfire_choices":[{"data":"Uppercut","floor":7,"key":"SMITH"},{"data":"Barricade","floor":12,"key":"SMITH"},{"floor":15,"key":"REST"},{"floor":23,"key":"REST"}],"neow_cost":"NONE","seed_source_timestamp":127511493324035,"circlet_count":0,"master_deck":["AscendersBane","Strike_R","Strike_R","Strike_R","Strike_R","Defend_R","Defend_R","Defend_R","Defend_R","Bash","Barricade+1","Inflame","Cleave","Iron Wave","Shrug It Off","Uppercut+1","Infernal Blade","Thunderclap","Pommel Strike","Limit Break","Ghostly Armor","Dropkick+1"],"relics":["Burning Blood","Mummified Hand","Blue Candle","Kunai","Anchor","Bag of Preparation","Mark of Pain"],"potions_floor_usage":[10,19,24],"damage_taken":[{"damage":7,"enemies":"Cultist","floor":1,"turns":4},{"damage":9,"enemies":"2 Louse","floor":3,"turns":3},{"damage":12,"enemies":"Small Slimes","floor":5,"turns":4},{"damage":26,"enemies":"Lagavulin","floor":6,"turns":8},{"damage":7,"enemies":"Blue Slaver","floor":8,"turns":5},{"damage":14,"enemies":"Gremlin Nob","floor":10,"turns":4},{"damage":0,"enemies":"Looter","floor":11,"turns":4},{"damage":23,"enemies":"The Guardian","floor":16,"turns":14},{"damage":8,"enemies":"Shell Parasite","floor":18,"turns":4},{"damage":32,"enemies":"3 Byrds","floor":19,"turns":7},{"damage":64,"enemies":"Book of Stabbing","floor":24,"turns":5}],"seed_played":"7867881940546142274","potions_obtained":[{"floor":3,"key":"SpeedPotion"},{"floor":8,"key":"Block Potion"},{"floor":11,"key":"GamblersBrew"},{"floor":16,"key":"Weak Potion"}],"is_trial":false,"path_per_floor":["M","$","M","?","M","E","R","M","T","E","M","R","$","T","R","B",null,"M","M","?","?","?","R","E"],"character_chosen":"IRONCLAD","items_purchased":["Inflame","Anchor"],"campfire_rested":2,"item_purchase_floors":[2,13],"current_hp_per_floor":[67,67,64,64,58,38,38,37,37,29,35,35,35,35,57,40,66,64,38,38,38,38,60,0],"gold":206,"neow_bonus":"ONE_RANDOM_RARE_CARD","is_prod":false,"is_daily":false,"chose_seed":false,"campfire_upgraded":2,"win_rate":0,"timestamp":1547762781,"path_taken":["M","$","?","?","M","E","R","?","T","E","?","R","$","?","R","BOSS","M","M","?","?","?","R","E"],"build_version":"2019-01-10","purchased_purges":0,"victory":false,"max_hp_per_floor":[75,75,75,75,75,75,75,75,75,75,75,75,75,75,75,75,75,75,75,75,75,75,75,75],"card_choices":[{"not_picked":["Clash","Searing Blow","Seeing Red"],"picked":"SKIP","floor":1},{"not_picked":["Body Slam","Thunderclap"],"picked":"Cleave","floor":3},{"not_picked":["Second Wind","Body Slam"],"picked":"Shrug It Off","floor":5},{"not_picked":["Hemokinesis","Iron Wave"],"picked":"Uppercut","floor":6},{"not_picked":["Rampage","Perfected Strike"],"picked":"Infernal Blade","floor":8},{"not_picked":["Sword Boomerang","Dual Wield"],"picked":"Thunderclap","floor":10},{"not_picked":["Havoc","Sentinel"],"picked":"Pommel Strike","floor":11},{"not_picked":["Fiend Fire","Exhume"],"picked":"Limit Break","floor":16},{"not_picked":["Havoc","Armaments"],"picked":"Ghostly Armor","floor":18},{"not_picked":["Burning Pact","Feel No Pain"],"picked":"Dropkick+1","floor":19}],"player_experience":1172991,"relics_obtained":[{"floor":6,"key":"Mummified Hand"},{"floor":9,"key":"Blue Candle"},{"floor":10,"key":"Kunai"},{"floor":14,"key":"Bag of Preparation"}],"event_choices":[{"damage_healed":0,"gold_gain":0,"cards_transformed":["Strike_R"],"player_choice":"Transformed","damage_taken":0,"max_hp_gain":0,"max_hp_loss":0,"event_name":"Transmorgrifier","floor":4,"gold_loss":0,"cards_obtained":["Iron Wave"]},{"damage_healed":0,"gold_gain":50,"player_choice":"Stole From Cult","damage_taken":0,"max_hp_gain":0,"max_hp_loss":0,"event_name":"Nest","floor":20,"gold_loss":0},{"damage_healed":0,"gold_gain":0,"player_choice":"Ignored","damage_taken":0,"max_hp_gain":0,"max_hp_loss":0,"event_name":"Ghosts","floor":21,"gold_loss":0},{"damage_healed":0,"gold_gain":0,"player_choice":"Ignored","damage_taken":0,"max_hp_gain":0,"max_hp_loss":0,"event_name":"Cursed Tome","floor":22,"gold_loss":0}],"is_beta":false,"boss_relics":[{"not_picked":["Coffee Dripper","Lizard Tail"],"picked":"Mark of Pain"}],"items_purged_floors":[],"is_endless":false,"potions_floor_spawned":[3,8,11,16],"killed_by":"Book of Stabbing","ascension_level":20}