{"gold_per_floor":[119,119,119,131,56,56,85,96,121,149,165,165,185,201,201,279,279,279,279,279,279,279,279,279,204,204,204,204,204,204,204,204,204],"floor_reached":33,"playtime":1629,"items_purged":[],"score":522,"play_id":"3d7e5e4c-1441-4bab-b56d-27b3d2814494","local_time":"20190624183553","is_ascension_mode":true,"campfire_choices":[{"data":"Clash","floor":6,"key":"SMITH"},{"data":"Shrug It Off","floor":12,"key":"SMITH"},{"data":"Rampage","floor":15,"key":"SMITH"},{"data":"Limit Break","floor":24,"key":"SMITH"},{"data":"Pommel Strike","floor":30,"key":"SMITH"},{"floor":32,"key":"REST"}],"neow_cost":"NONE","seed_source_timestamp":916483208455200,"circlet_count":0,"master_deck":["AscendersBane","Strike_R","Strike_R","Strike_R","Strike_R","Defend_R","Defend_R","Defend_R","Bash+1","Metallicize","Clash+1","Shockwave","Spot Weakness","Shrug It Off+1","Twin Strike","Rampage+1","Limit Break+1","Pommel Strike+1","Thunderclap","Whirlwind+1","Writhe","Cleave"],"relics":["Burning Blood","Sundial","Mercury Hourglass","Lantern","Pen Nib","Ectoplasm","Anchor","Red Skull"],"potions_floor_usage":[7,10,16,23,23,33],"damage_taken":[{"damage":7,"enemies":"Small Slimes","floor":1,"turns":3},{"damage":7,"enemies":"Jaw Worm","floor":4,"turns":5},{"damage":24,"enemies":"Lagavulin","floor":7,"turns":5},{"damage":3,"enemies":"Cultist","floor":8,"turns":3},{"damage":11,"enemies":"3 Sentries","floor":10,"turns":6},{"damage":5,"enemies":"3 Louse","floor":11,"turns":3},{"damage":6,"enemies":"Gremlin Gang","floor":13,"turns":5},{"damage":5,"enemies":"Blue Slaver","floor":14,"turns":3},{"damage":7,"enemies":"Hexaghost","floor":16,"turns":7},{"damage":13,"enemies":"3 Byrds","floor":18,"turns":4},{"damage":22,"enemies":"Shell Parasite","floor":20,"turns":4},{"damage":20,"enemies":"Snecko","floor":21,"turns":5},{"damage":0,"enemies":"Shelled Parasite and Fungi","floor":23,"turns":2},{"damage":14,"enemies":"Snake Plant","floor":28,"turns":2},{"damage":2,"enemies":"Snecko","floor":29,"turns":3},{"damage":0,"enemies":"Centurion and Healer","floor":31,"turns":3},{"damage":96,"enemies":"Automaton","floor":33,"turns":6}],"seed_played":"9114921950341559686","potions_obtained":[{"floor":1,"key":"Strength Potion"},{"floor":4,"key":"Fire Potion"},{"floor":7,"key":"PowerPotion"},{"floor":14,"key":"LiquidBronze"},{"floor":20,"key":"AttackPotion"},{"floor":23,"key":"SpeedPotion"},{"floor":31,"key":"Poison Potion"}],"is_trial":false,"path_per_floor":["M","?","T","M","?","R","E","M","T","E","M","R","M","M","R","B",null,"M","?","M","M","?","M","R","?","T","?","M","M","R","M","R","B"],"character_chosen":"IRONCLAD","items_purchased":[],"campfire_rested":1,"item_purchase_floors":[],"current_hp_per_floor":[67,67,67,66,66,66,48,51,51,46,47,47,47,48,48,47,68,61,47,31,17,17,23,23,23,23,23,15,19,19,25,47,0],"gold":204,"neow_bonus":"UPGRADE_CARD","is_prod":false,"is_daily":false,"chose_seed":false,"campfire_upgraded":5,"win_rate":0,"timestamp":1561397753,"path_taken":["M","?","?","M","?","R","E","M","T","E","M","R","?","M","R","BOSS","M","?","M","?","?","?","R","?","T","?","M","M","R","M","R","BOSS"],"build_version":"2019-01-23","purchased_purges":0,"victory":false,"max_hp_per_floor":[75,75,75,75,75,75,75,75,75,75,75,75,75,75,75,75,75,75,75,75,75,75,75,75,75,75,75,75,75,75,75,75,75],"card_choices":[{"not_picked":["True Grit","Shockwave"],"picked":"Metallicize","floor":1},{"not_picked":["Shockwave","Anger"],"picked":"Clash","floor":4},{"not_picked":["Wild Strike","Heavy Blade"],"picked":"Shockwave","floor":7},{"not_picked":["Sword Boomerang","Flex"],"picked":"Spot Weakness","floor":8},{"not_picked":["Rage","Bloodletting","Barricade"],"picked":"SKIP","floor":10},{"not_picked":["Sword Boomerang","Whirlwind"],"picked":"Shrug It Off","floor":11},{"not_picked":["Body Slam","Armaments"],"picked":"Twin Strike","floor":13},{"not_picked":["Infernal Blade","Disarm"],"picked":"Rampage","floor":14},{"not_picked":["Juggernaut","Feed"],"picked":"Limit Break","floor":16},{"not_picked":["Shockwave","Hemokinesis"],"picked":"Pommel Strike","floor":18},{"not_picked":["Wild Strike","Intimidate"],"picked":"Thunderclap","floor":20},{"not_picked":["Flex","Armaments","Wild Strike"],"picked":"SKIP","floor":21},{"not_picked":["Feel No Pain+1","Corruption"],"picked":"Whirlwind+1","floor":23},{"not_picked":["Havoc+1","Body Slam"],"picked":"Cleave","floor":28},{"not_picked":["Heavy Blade","Barricade","Havoc+1"],"picked":"SKIP","floor":29},{"not_picked":["Flex","Sentinel","Perfected Strike"],"picked":"SKIP","floor":31}],"player_experience":1311617,"relics_obtained":[{"floor":3,"key":"Sundial"},{"floor":7,"key":"Mercury Hourglass"},{"floor":9,"key":"Lantern"},{"floor":10,"key":"Pen Nib"},{"floor":26,"key":"Anchor"}],"event_choices":[{"cards_removed":["Strike_R"],"damage_healed":0,"gold_gain":0,"player_choice":"Forget","damage_taken":0,"max_hp_gain":0,"max_hp_loss":0,"event_name":"Living Wall","floor":2,"gold_loss":0},{"cards_removed":["Defend_R"],"damage_healed":0,"gold_gain":0,"player_choice":"Card Removal","damage_taken":0,"max_hp_gain":0,"max_hp_loss":0,"event_name":"The Cleric","floor":5,"gold_loss":75},{"damage_healed":0,"gold_gain":0,"player_choice":"CARD ","damage_taken":14,"max_hp_gain":0,"max_hp_loss":0,"event_name":"Knowing Skull","floor":19,"potions_obtained":[],"gold_loss":0,"cards_obtained":["Purity"]},{"damage_healed":0,"gold_gain":0,"player_choice":"Got Potions","damage_taken":0,"max_hp_gain":0,"max_hp_loss":0,"event_name":"Lab","floor":22,"gold_loss":0},{"cards_removed":["Purity"],"damage_healed":0,"gold_gain":0,"player_choice":"Gave Gold","damage_taken":0,"max_hp_gain":0,"max_hp_loss":0,"event_name":"Beggar","floor":25,"gold_loss":75},{"damage_healed":0,"gold_gain":0,"player_choice":"Opened","damage_taken":0,"relics_obtained":["Red Skull"],"max_hp_gain":0,"max_hp_loss":0,"event_name":"The Mausoleum","floor":27,"gold_loss":0,"cards_obtained":["Writhe"]}],"is_beta":false,"boss_relics":[{"not_picked":["Eternal Feather","White Beast Statue"],"picked":"Ectoplasm"}],"items_purged_floors":[],"is_endless":false,"potions_floor_spawned":[1,4,7,14,20,23,31],"killed_by":"Automaton","ascension_level":20}