{"gold_per_floor":[19,34,51,67,21,53,53,65,135,155,173,203,203,260,260,260],"floor_reached":16,"playtime":534,"items_purged":[],"score":217,"play_id":"f96c05bb-958b-4b94-9dda-72ad908899fa","local_time":"20190322211529","is_ascension_mode":true,"campfire_choices":[{"floor":7,"key":"REST"},{"floor":15,"key":"REST"}],"neow_cost":"NO_GOLD","seed_source_timestamp":161722181527883,"circlet_count":0,"master_deck":["AscendersBane","Strike_R","Strike_R","Strike_R","Strike_R","Defend_R","Defend_R","Defend_R","Defend_R","Bash","Bludgeon","Shockwave","Feel No Pain","Clothesline","Anger","Warcry","Intimidate","Evolve","Warcry","Fiend Fire","Ghostly Armor","Feel No Pain"],"relics":["Burning Blood","Blood Vial","Bottled Tornado","Torii","Tiny Chest"],"potions_floor_usage":[12],"damage_taken":[{"damage":6,"enemies":"Cultist","floor":1,"turns":3},{"damage":9,"enemies":"Jaw Worm","floor":2,"turns":3},{"damage":10,"enemies":"Small Slimes","floor":3,"turns":3},{"damage":17,"enemies":"3 Louse","floor":4,"turns":4},{"damage":36,"enemies":"Gremlin Nob","floor":6,"turns":5},{"damage":4,"enemies":"2 Fungi Beasts","floor":8,"turns":3},{"damage":19,"enemies":"Exordium Wildlife","floor":10,"turns":4},{"damage":15,"enemies":"3 Louse","floor":11,"turns":3},{"damage":20,"enemies":"Lagavulin","floor":12,"turns":3},{"damage":2,"enemies":"3 Sentries","floor":14,"turns":10},{"damage":22,"enemies":"Slime Boss","floor":16,"turns":7}],"seed_played":"6860656361456527598","potions_obtained":[{"floor":2,"key":"Ancient Potion"},{"floor":6,"key":"Energy Potion"},{"floor":12,"key":"GamblersBrew"}],"is_trial":false,"path_per_floor":["M","M","M","M","$","E","R","M","T","M","M","E","?","E","R","B"],"character_chosen":"IRONCLAD","items_purchased":["Warcry"],"campfire_rested":2,"item_purchase_floors":[5],"current_hp_per_floor":[68,65,61,50,50,20,42,46,46,35,28,16,16,22,44,24],"gold":260,"neow_bonus":"THREE_RARE_CARDS","is_prod":false,"is_daily":false,"chose_seed":false,"campfire_upgraded":0,"win_rate":0,"timestamp":1553303729,"path_taken":["M","?","M","M","$","E","R","M","T","M","M","E","?","E","R","BOSS"],"build_version":"2019-01-23","purchased_purges":0,"victory":false,"max_hp_per_floor":[75,75,75,75,75,75,75,75,75,75,75,75,75,75,75,75],"card_choices":[{"not_picked":["Limit Break","Dark Embrace"],"picked":"Bludgeon","floor":0},{"not_picked":["Body Slam","Warcry"],"picked":"Shockwave","floor":1},{"not_picked":["Corruption","Armaments"],"picked":"Feel No Pain","floor":2},{"not_picked":["Perfected Strike","Headbutt"],"picked":"Clothesline","floor":3},{"not_picked":["Cleave","True Grit"],"picked":"Anger","floor":4},{"not_picked":["Hemokinesis","Berserk"],"picked":"Intimidate","floor":6},{"not_picked":["Havoc","Flex"],"picked":"Evolve","floor":8},{"not_picked":["Armaments","Evolve"],"picked":"Warcry","floor":10},{"not_picked":["Twin Strike","Armaments"],"picked":"Fiend Fire","floor":11},{"not_picked":["Rampage","Battle Trance"],"picked":"Ghostly Armor","floor":12},{"not_picked":["Body Slam","Iron Wave","Pommel Strike"],"picked":"SKIP","floor":14}],"player_experience":324202,"relics_obtained":[{"floor":6,"key":"Blood Vial"},{"floor":9,"key":"Bottled Tornado"},{"floor":12,"key":"Torii"},{"floor":14,"key":"Tiny Chest"}],"event_choices":[{"damage_healed":0,"gold_gain":0,"cards_transformed":["Strike_R"],"player_choice":"Transformed","damage_taken":0,"max_hp_gain":0,"max_hp_loss":0,"event_name":"Transmorgrifier","floor":13,"gold_loss":0,"cards_obtained":["Feel No Pain"]}],"is_beta":false,"boss_relics":[],"items_purged_floors":[],"is_endless":false,"potions_floor_spawned":[2,6,12],"killed_by":"Slime Boss","ascension_level":15}