{"gold_per_floor":[113,188,207,224,174,174,188,188,188,363,363,363,373,384,384,479,479,496,496,343,360,107,127,143,159,159,174,194,206,206,222,222,322,322,335,348,365,220,220,220,220,220,245,245,256,275,52,52],"floor_reached":48,"playtime":3748,"items_purged":["Doubt","Defend_B"],"score":505,"play_id":"234e6cd4-6154-4a68-a1ab-317131dcb4c3","local_time":"20190502191727","is_ascension_mode":false,"campfire_choices":[{"data":"Zap","floor":6,"key":"SMITH"},{"data":"Hologram","floor":8,"key":"SMITH"},{"data":"Loop","floor":15,"key":"SMITH"},{"data":"Discovery","floor":30,"key":"SMITH"},{"floor":32,"key":"REST"},{"floor":40,"key":"REST"},{"floor":42,"key":"REST"},{"data":"Darkness","floor":44,"key":"SMITH"}],"neow_cost":"NONE","seed_source_timestamp":1703293124299852,"circlet_count":0,"master_deck":["Strike_B","Strike_B","Strike_B","Defend_B","Defend_B+1","Defend_B","Zap+1","Dualcast","Steam+1","Hologram+1","Glacier","Loop+1","Self Repair","Coolheaded","Seek","White Noise","Double Energy+1","Capacitor","Doom and Gloom","Discovery+1","Coolheaded","Conserve Battery+1","Darkness+1","Echo Form","Cold Snap+1","Doom and Gloom+1","Ball Lightning","Consume+1","Loop"],"relics":["Cracked Core"],"potions_floor_usage":[16,16,25,29,46,46,48,48],"damage_taken":[{"damage":1,"enemies":"2 Louse","floor":1,"turns":3},{"damage":0,"enemies":"Small Slimes","floor":3,"turns":3},{"damage":1,"enemies":"Cultist","floor":4,"turns":4},{"damage":4,"enemies":"Large Slime","floor":7,"turns":9},{"damage":0,"enemies":"3 Louse","floor":13,"turns":4},{"damage":0,"enemies":"Blue Slaver","floor":14,"turns":4},{"damage":46,"enemies":"Hexaghost","floor":16,"turns":16},{"damage":11,"enemies":"3 Byrds","floor":18,"turns":9},{"damage":2,"enemies":"Spheric Guardian","floor":21,"turns":7},{"damage":0,"enemies":"Centurion and Healer","floor":23,"turns":6},{"damage":16,"enemies":"3 Cultists","floor":24,"turns":5},{"damage":9,"enemies":"Snake Plant","floor":25,"turns":4},{"damage":7,"enemies":"Chosen and Byrds","floor":27,"turns":6},{"damage":0,"enemies":"Snecko","floor":28,"turns":6},{"damage":9,"enemies":"Shelled Parasite and Fungi","floor":29,"turns":9},{"damage":62,"enemies":"Chosen and Byrds","floor":31,"turns":10},{"damage":0,"enemies":"Champ","floor":33,"turns":14},{"damage":33,"enemies":"3 Darklings","floor":35,"turns":13},{"damage":7,"enemies":"3 Shapes","floor":36,"turns":9},{"damage":43,"enemies":"Spire Growth","floor":37,"turns":9},{"damage":35,"enemies":"Sphere and 2 Shapes","floor":45,"turns":7},{"damage":33,"enemies":"Transient","floor":46,"turns":5},{"damage":19,"enemies":"3 Darklings","floor":48,"turns":3}],"seed_played":"-7887090514996253023","potions_obtained":[{"floor":1,"key":"Explosive Potion"},{"floor":13,"key":"Weak Potion"},{"floor":14,"key":"Swift Potion"},{"floor":16,"key":"EssenceOfSteel"},{"floor":21,"key":"LiquidBronze"},{"floor":25,"key":"SneckoOil"},{"floor":29,"key":"FearPotion"},{"floor":36,"key":"Dexterity Potion"},{"floor":41,"key":"PowerPotion"},{"floor":41,"key":"SpeedPotion"}],"is_trial":false,"path_per_floor":["M","?","M","M","?","R","M","R","T","?","?","T","M","M","R","B",null,"M","?","$","M","$","M","M","M","T","M","M","M","R","M","R","B",null,"M","M","M","$","?","R","?","R","T","R","M","M","$","M"],"character_chosen":"DEFECT","items_purchased":["White Noise","Capacitor","Doom and Gloom","Discovery","Coolheaded","Ball Lightning","FocusPotion","FocusPotion","Loop"],"campfire_rested":3,"item_purchase_floors":[20,22,22,22,22,38,47,47,47],"current_hp_per_floor":[81,70,70,69,69,69,65,65,65,65,49,49,49,56,56,17,82,78,78,78,82,82,82,73,71,71,71,71,76,76,21,45,45,82,56,56,20,20,20,44,44,68,68,68,47,14,14,0],"gold":52,"neow_bonus":"TEN_PERCENT_HP_BONUS","is_prod":false,"is_daily":false,"chose_seed":false,"campfire_upgraded":5,"win_rate":0,"timestamp":1556839047,"path_taken":["M","?","M","M","?","R","M","R","T","?","?","?","M","?","R","BOSS","M","?","$","M","$","M","M","M","T","M","M","M","R","M","R","BOSS","M","M","M","$","?","R","?","R","T","R","M","?","$","M"],"build_version":"2019-01-23","purchased_purges":2,"victory":false,"max_hp_per_floor":[82,82,82,82,82,82,82,82,82,82,82,82,82,82,82,82,82,82,82,82,82,82,82,82,82,82,82,82,82,82,82,82,82,82,82,82,82,82,82,82,82,82,82,82,82,82,82,82],"card_choices":[{"not_picked":["Aggregate","Barrage"],"picked":"Steam","floor":1},{"not_picked":["Rebound","Double Energy"],"picked":"Hologram","floor":3},{"not_picked":["Reinforced Body","Ball Lightning"],"picked":"Glacier","floor":4},{"not_picked":["Turbo","Gash"],"picked":"Loop","floor":7},{"not_picked":["Machine Learning","Compile Driver"],"picked":"Self Repair","floor":13},{"not_picked":["White Noise","Loop"],"picked":"Coolheaded","floor":14},{"not_picked":["Fission","Machine Learning"],"picked":"Seek","floor":16},{"not_picked":["Leap","Genetic Algorithm","Undo"],"picked":"SKIP","floor":18},{"not_picked":["Sweeping Beam","Barrage"],"picked":"Double Energy+1","floor":21},{"not_picked":["Turbo+1","Go for the Eyes","Leap"],"picked":"SKIP","floor":23},{"not_picked":["Beam Cell","Turbo+1","All For One"],"picked":"SKIP","floor":24},{"not_picked":["Gash+1","Hologram","Steam"],"picked":"SKIP","floor":25},{"not_picked":["Stack","Beam Cell+1","Rebound"],"picked":"SKIP","floor":27},{"not_picked":["Sweeping Beam","Lockon"],"picked":"Conserve Battery+1","floor":28},{"not_picked":["Storm","Coolheaded"],"picked":"Darkness","floor":29},{"not_picked":["Redo","Sweeping Beam","Blizzard"],"picked":"SKIP","floor":31},{"not_picked":["Core Surge","Creative AI"],"picked":"Echo Form","floor":33},{"not_picked":["Scrape+1","Stack+1","Turbo"],"picked":"SKIP","floor":35},{"not_picked":["Leap+1","Beam Cell"],"picked":"Cold Snap+1","floor":36},{"not_picked":["Turbo","Undo"],"picked":"Doom and Gloom+1","floor":37},{"not_picked":["FTL","Storm+1","Cold Snap"],"picked":"SKIP","floor":45},{"not_picked":["Conserve Battery","Cold Snap"],"picked":"Consume+1","floor":46}],"player_experience":370202,"relics_obtained":[],"event_choices":[{"damage_healed":0,"gold_gain":75,"player_choice":"Gather Gold","damage_taken":11,"max_hp_gain":0,"max_hp_loss":0,"event_name":"World of Goop","floor":2,"gold_loss":0},{"cards_removed":["Strike_B"],"damage_healed":0,"gold_gain":0,"player_choice":"Card Removal","damage_taken":0,"max_hp_gain":0,"max_hp_loss":0,"event_name":"The Cleric","floor":5,"gold_loss":50},{"damage_healed":0,"gold_gain":175,"player_choice":"AGREE","damage_taken":0,"max_hp_gain":0,"max_hp_loss":0,"event_name":"Liars Game","floor":10,"gold_loss":0,"cards_obtained":["Doubt"]},{"damage_healed":0,"gold_gain":0,"player_choice":"Entered Light","damage_taken":16,"max_hp_gain":0,"max_hp_loss":0,"event_name":"Shining Light","floor":11,"gold_loss":0,"cards_upgraded":["Steam","Defend_B"]},{"damage_healed":0,"gold_gain":0,"player_choice":"Ignored","damage_taken":0,"max_hp_gain":0,"max_hp_loss":0,"event_name":"Vampires","floor":19,"gold_loss":0},{"damage_healed":0,"gold_gain":0,"player_choice":"Ignored","damage_taken":0,"max_hp_gain":0,"max_hp_loss":0,"event_name":"Tomb of Lord Red Mask","floor":39,"gold_loss":0},{"damage_healed":0,"gold_gain":0,"player_choice":"Got Potions","damage_taken":0,"max_hp_gain":0,"max_hp_loss":0,"event_name":"Lab","floor":41,"gold_loss":0}],"is_beta":false,"boss_relics":[{"not_picked":["Cursed Key","Nuclear Battery","Lizard Tail"]},{"not_picked":["Philosopher\u0027s Stone","Astrolabe","Inserter"]}],"items_purged_floors":[20,38],"is_endless":false,"potions_floor_spawned":[1,13,14,16,21,25,29,36],"killed_by":"3 Darklings","ascension_level":0}