{"path_per_floor":["M","M","?","T","M","R","E","M","T","?","M","R","$","E","R","B",null,"M","M","M","?"],"character_chosen":"THE_SILENT","items_purchased":[],"gold_per_floor":[114,127,127,152,168,168,195,214,214,214,227,227,152,179,179,282,282,297,313,324,324],"floor_reached":22,"campfire_rested":1,"playtime":1338,"current_hp_per_floor":[70,70,56,56,56,56,38,23,23,23,23,23,23,19,40,29,70,55,45,17,1],"items_purged":["Strike_G"],"gold":324,"play_id":"66208960-1abe-4596-a2aa-3d509a5a38cf","is_prod":false,"is_daily":false,"campfire_rituals":0,"campfire_upgraded":2,"is_hardmode":false,"path_taken":["M","M","?","?","M","R","E","M","T","?","?","R","$","E","R","BOSS","M","M","?","?","M"],"build_version":"2018-01-18-PROD4","purchased_purges":1,"victory":false,"master_deck":["Defend_G","Defend_G","Defend_G","Defend_G","Defend_G","Strike_G","Strike_G","Strike_G","Survivor","Neutralize","Flying Knee","Heel Hook","Poisoned Stab","Footwork","Deadly Poison","Deadly Poison","Burst","Acrobatics","Backflip","Poisoned Stab","Necronomicurse"],"max_hp_per_floor":[70,70,70,70,70,70,70,70,70,70,70,70,70,70,70,70,70,70,70,70,70],"relics":["Ring of the Snake","Bag of Preparation","Bronze Scales","Ice Cream","Ginger","Toxic Egg","Cursed Key","Necronomicon"],"campfire_meditates":0,"card_choices":[{"not_picked":["Setup","Dagger Spray"],"picked":"Flying Knee"},{"not_picked":["Bane","Skewer"],"picked":"Heel Hook"},{"not_picked":["Skewer","Malaise"],"picked":"Poisoned Stab"},{"not_picked":["Dagger Throw","Flying Knee"],"picked":"Footwork"},{"not_picked":["Skewer","Dagger Spray"],"picked":"Deadly Poison"},{"not_picked":["Quick Slash","Flechettes"],"picked":"Deadly Poison"},{"not_picked":["Unload","Venomology"],"picked":"Burst"},{"not_picked":["Riddle With Holes","Sucker Punch"],"picked":"Acrobatics"},{"not_picked":["PiercingWail","Prepared"],"picked":"Backflip"},{"not_picked":["Flechettes","Blur"],"picked":"Poisoned Stab"}],"player_experience":278743,"potions_floor_usage":[7,14,16,18],"damage_taken":[{"damage":0,"enemies":"2 Louse","floor":1,"turns":3},{"damage":0,"enemies":"Small Slimes","floor":2,"turns":3},{"damage":0,"enemies":"Jaw Worm","floor":5,"turns":2},{"damage":18,"enemies":"3 Sentries","floor":7,"turns":6},{"damage":15,"enemies":"Exordium Thugs","floor":8,"turns":4},{"damage":0,"enemies":"2 Fungi Beasts","floor":11,"turns":3},{"damage":4,"enemies":"Gremlin Nob","floor":14,"turns":3},{"damage":11,"enemies":"The Guardian","floor":16,"turns":8},{"damage":15,"enemies":"Spheric Guardian","floor":18,"turns":5},{"damage":10,"enemies":"2 Thieves","floor":19,"turns":4},{"damage":28,"enemies":"Chosen and Byrds","floor":20,"turns":4},{"damage":3,"enemies":"Sentry and Sphere","floor":22,"turns":2}],"event_choices":[{"event_name":"Shining Light","player_choice":"Entered Light","floor":3,"damage_taken":0},{"event_name":"Bonfire Elementals","player_choice":"BASIC","floor":10,"damage_taken":0},{"event_name":"Cursed Tome","player_choice":"Obtained Book","floor":21,"damage_taken":0}],"boss_relics":[{"not_picked":["Lizard Tail","Snecko Eye"],"picked":"Cursed Key"}],"potions_floor_spawned":[1,11,14,16,20],"seed_played":"-1282025673117708859","killed_by":"Sentry and Sphere","is_trial":false}