{"gold_per_floor":[115,129,140,140,152,152,66,78,78,39,71,36,36,49,49,128,128,146,32,50,50],"floor_reached":21,"playtime":761,"items_purged":[],"score":353,"play_id":"9a04542f-89df-46f9-9e99-c7f3325ffbba","local_time":"20190119210031","is_ascension_mode":true,"campfire_choices":[{"data":"Neutralize","floor":6,"key":"SMITH"},{"data":"Sucker Punch","floor":13,"key":"SMITH"},{"data":"Leg Sweep","floor":15,"key":"SMITH"}],"neow_cost":"NONE","seed_source_timestamp":296532396722321,"circlet_count":0,"master_deck":["AscendersBane","Defend_G","Defend_G","Defend_G","Defend_G","Defend_G","Strike_G","Strike_G","Strike_G","Strike_G","Strike_G","Survivor","Neutralize+1","Flying Knee","Sucker Punch+1","Deadly Poison","Slice","Leg Sweep+1","Bane","Escape Plan+1","Terror+1","Deadly Poison+1","Burst+1","Dodge and Roll+1","Escape Plan+1","Blur+1","Deflect+1"],"relics":["Ring of the Snake","NeowsBlessing","FaceOfCleric","Toxic Egg 2","Sundial","Fusion Hammer"],"potions_floor_usage":[11,11,16,20],"damage_taken":[{"damage":0,"enemies":"Cultist","floor":1,"turns":1},{"damage":0,"enemies":"Small Slimes","floor":2,"turns":1},{"damage":0,"enemies":"2 Louse","floor":3,"turns":1},{"damage":1,"enemies":"2 Fungi Beasts","floor":5,"turns":4},{"damage":17,"enemies":"Large Slime","floor":8,"turns":5},{"damage":14,"enemies":"Gremlin Nob","floor":11,"turns":4},{"damage":16,"enemies":"Exordium Thugs","floor":14,"turns":6},{"damage":8,"enemies":"The Guardian","floor":16,"turns":8},{"damage":27,"enemies":"3 Byrds","floor":18,"turns":6},{"damage":6,"enemies":"Spheric Guardian","floor":20,"turns":5},{"damage":43,"enemies":"Chosen and Byrds","floor":21,"turns":6}],"seed_played":"-4663505147705453062","potions_obtained":[{"floor":1,"key":"SteroidPotion"},{"floor":3,"key":"PowerPotion"},{"floor":14,"key":"SkillPotion"},{"floor":18,"key":"Fire Potion"}],"is_trial":false,"path_per_floor":["M","M","M","?","M","R","$","M","T","$","E","?","R","M","R","B",null,"M","$","M","M"],"character_chosen":"THE_SILENT","items_purchased":["Leg Sweep","Escape Plan+1","Escape Plan+1","Blur+1"],"campfire_rested":0,"item_purchase_floors":[7,10,19,19],"current_hp_per_floor":[59,59,59,59,59,59,59,43,43,43,30,47,47,32,32,25,60,34,34,29,0],"gold":50,"neow_bonus":"THREE_ENEMY_KILL","is_prod":false,"is_daily":false,"chose_seed":false,"campfire_upgraded":3,"win_rate":0,"timestamp":1547931631,"path_taken":["M","?","M","?","?","R","$","M","T","$","E","?","R","M","R","BOSS","M","$","M","M"],"build_version":"2019-01-17v2","purchased_purges":0,"victory":false,"max_hp_per_floor":[66,66,66,66,67,67,67,68,68,68,69,69,69,70,70,71,71,72,72,73,73],"card_choices":[{"not_picked":["Well Laid Plans","Calculated Gamble"],"picked":"Flying Knee","floor":1},{"not_picked":["Acrobatics","Deadly Poison"],"picked":"Sucker Punch","floor":2},{"not_picked":["Flechettes","Poisoned Stab"],"picked":"Deadly Poison","floor":3},{"not_picked":["Flying Knee","Grand Finale"],"picked":"Slice","floor":5},{"not_picked":["Masterful Stab","Endless Agony"],"picked":"Bane","floor":8},{"not_picked":["Accuracy","Dagger Spray"],"picked":"Terror+1","floor":11},{"not_picked":["Poisoned Stab","Backstab"],"picked":"Deadly Poison+1","floor":14},{"not_picked":["A Thousand Cuts","Night Terror+1"],"picked":"Burst+1","floor":16},{"not_picked":["Poisoned Stab","Endless Agony"],"picked":"Dodge and Roll+1","floor":18},{"not_picked":["Underhanded Strike+1","Flechettes"],"picked":"Deflect+1","floor":20}],"player_experience":1192257,"relics_obtained":[{"floor":9,"key":"Toxic Egg 2"},{"floor":11,"key":"Sundial"}],"event_choices":[{"damage_healed":0,"gold_gain":0,"player_choice":"Trade","damage_taken":0,"relics_obtained":["FaceOfCleric"],"max_hp_gain":0,"max_hp_loss":0,"event_name":"FaceTrader","floor":4,"gold_loss":0},{"damage_healed":17,"gold_gain":0,"player_choice":"Healed","damage_taken":0,"max_hp_gain":0,"max_hp_loss":0,"event_name":"The Cleric","floor":12,"gold_loss":35}],"is_beta":false,"boss_relics":[{"not_picked":["White Beast Statue","Philosopher\u0027s Stone"],"picked":"Fusion Hammer"}],"items_purged_floors":[],"is_endless":false,"potions_floor_spawned":[1,3,14,18],"killed_by":"Chosen and Byrds","ascension_level":19}