{"gold_per_floor":[118,118,138,151,162,162,191,191,191,208,222,26,26,43,43,43],"floor_reached":16,"playtime":1862,"items_purged":[],"score":109,"play_id":"35de86e3-a6a3-4455-be98-28c9017da7b6","local_time":"20190701104200","is_ascension_mode":true,"campfire_choices":[{"data":"Inflame","floor":6,"key":"SMITH"},{"data":"Warcry","floor":15,"key":"SMITH"}],"neow_cost":"NONE","seed_source_timestamp":225870823606072,"circlet_count":0,"master_deck":["Strike_R","Strike_R","Strike_R","Strike_R","Defend_R","Defend_R","Defend_R","Defend_R","Bash","Headbutt","Warcry+1","Cleave","Inflame+1","Barricade","Shrug It Off","Pommel Strike"],"relics":["Burning Blood","Centennial Puzzle","Blood Vial","Membership Card"],"potions_floor_usage":[16],"damage_taken":[{"damage":11,"enemies":"Jaw Worm","floor":1,"turns":5},{"damage":1,"enemies":"Cultist","floor":3,"turns":3},{"damage":0,"enemies":"Small Slimes","floor":4,"turns":2},{"damage":18,"enemies":"Gremlin Gang","floor":5,"turns":4},{"damage":14,"enemies":"Gremlin Nob","floor":7,"turns":3},{"damage":17,"enemies":"Exordium Thugs","floor":10,"turns":6},{"damage":14,"enemies":"3 Louse","floor":11,"turns":4},{"damage":14,"enemies":"Blue Slaver","floor":14,"turns":5},{"damage":77,"enemies":"Hexaghost","floor":16,"turns":14}],"seed_played":"-6311591197113422197","potions_obtained":[{"floor":10,"key":"AttackPotion"},{"floor":14,"key":"BloodPotion"}],"is_trial":false,"path_per_floor":["M","?","M","M","M","R","E","?","T","M","M","$","?","M","R","B"],"character_chosen":"IRONCLAD","items_purchased":["Membership Card"],"campfire_rested":0,"item_purchase_floors":[12],"current_hp_per_floor":[83,83,88,88,76,76,68,88,88,77,71,71,71,65,65,0],"gold":43,"neow_bonus":"TEN_PERCENT_HP_BONUS","is_prod":false,"is_daily":false,"chose_seed":false,"campfire_upgraded":2,"win_rate":0,"timestamp":1561948920,"path_taken":["M","?","M","?","M","R","E","?","T","?","M","?","?","M","R","BOSS"],"build_version":"2019-01-23","purchased_purges":0,"victory":false,"max_hp_per_floor":[88,88,88,88,88,88,88,88,88,88,88,88,88,88,88,88],"card_choices":[{"not_picked":["Shrug It Off","Iron Wave"],"picked":"Headbutt","floor":1},{"not_picked":["Twin Strike","Thunderclap"],"picked":"Cleave","floor":3},{"not_picked":["Warcry","Rampage"],"picked":"Inflame","floor":4},{"not_picked":["Feel No Pain","Perfected Strike","Disarm"],"picked":"SKIP","floor":5},{"not_picked":["Reckless Charge","Second Wind"],"picked":"Barricade","floor":7},{"not_picked":["Clothesline","Flex","Whirlwind"],"picked":"SKIP","floor":10},{"not_picked":["Flex","Whirlwind"],"picked":"Shrug It Off","floor":11},{"not_picked":["Heavy Blade","Armaments"],"picked":"Pommel Strike","floor":14}],"player_experience":81871,"relics_obtained":[{"floor":7,"key":"Centennial Puzzle"},{"floor":9,"key":"Blood Vial"}],"event_choices":[{"damage_healed":0,"gold_gain":0,"cards_transformed":["Strike_R"],"player_choice":"Transformed","damage_taken":0,"max_hp_gain":0,"max_hp_loss":0,"event_name":"Transmorgrifier","floor":2,"gold_loss":0,"cards_obtained":["Warcry"]},{"damage_healed":20,"gold_gain":0,"player_choice":"Full Heal","damage_taken":0,"max_hp_gain":0,"max_hp_loss":0,"event_name":"Wheel of Change","floor":8,"gold_loss":0},{"damage_healed":0,"gold_gain":0,"player_choice":"0 cards matched","damage_taken":0,"max_hp_gain":0,"max_hp_loss":0,"event_name":"Match and Keep!","floor":13,"gold_loss":0,"cards_obtained":[]}],"is_beta":false,"boss_relics":[],"items_purged_floors":[],"is_endless":false,"potions_floor_spawned":[10,14],"killed_by":"Hexaghost","ascension_level":1}