{"path_per_floor":["M","M","$","?","?","E","R","?","T","M","M","M","E","M","R"],"character_chosen":"THE_SILENT","items_purchased":[],"gold_per_floor":[115,135,60,60,60,89,89,89,89,104,123,135,160,179,179],"floor_reached":16,"campfire_rested":1,"playtime":1307,"current_hp_per_floor":[70,70,70,70,56,40,40,40,40,40,40,40,19,19,40],"items_purged":["Strike_G"],"gold":179,"play_id":"310fdbb6-6c6f-40e3-bb57-2a86c5cdd5d3","is_prod":false,"is_daily":false,"campfire_rituals":0,"campfire_upgraded":1,"is_hardmode":false,"path_taken":["M","M","$","?","?","E","R","?","T","?","?","M","E","M","R","BOSS"],"build_version":"2018-01-18-PROD4","purchased_purges":1,"victory":false,"master_deck":["Defend_G","Defend_G","Defend_G","Defend_G","Strike_G","Strike_G","Strike_G","Strike_G","Survivor","Neutralize","Leg Sweep","Quick Slash","Prepared","Prepared","Footwork","Footwork","Quick Slash"],"max_hp_per_floor":[70,70,70,70,70,70,70,70,70,70,70,70,70,70,70],"relics":["Ring of the Snake","Du-Vu Doll","Bronze Scales","Molten Egg","Bag of Marbles"],"campfire_meditates":0,"card_choices":[{"not_picked":["Slice","Malaise"],"picked":"Leg Sweep"},{"not_picked":["Flechettes","Slice"],"picked":"Quick Slash"},{"not_picked":["Outmaneuver","Dodge and Roll"],"picked":"Prepared"},{"not_picked":["Deadly Poison","Deflect"],"picked":"Prepared"},{"not_picked":["Dodge and Roll","Prepared"],"picked":"Footwork"},{"not_picked":["Dagger Spray","Slice"],"picked":"Footwork"},{"not_picked":["Envenom","Bane"],"picked":"Quick Slash"}],"player_experience":256810,"potions_floor_usage":[],"damage_taken":[{"damage":0,"enemies":"Cultist","floor":1,"turns":6},{"damage":0,"enemies":"Blue Slaver","floor":2,"turns":5},{"damage":16,"enemies":"3 Sentries","floor":6,"turns":13},{"damage":0,"enemies":"Jaw Worm","floor":10,"turns":3},{"damage":0,"enemies":"3 Louse","floor":11,"turns":3},{"damage":0,"enemies":"Exordium Wildlife","floor":12,"turns":3},{"damage":21,"enemies":"Gremlin Nob","floor":13,"turns":5},{"damage":0,"enemies":"Large Slime","floor":14,"turns":8},{"damage":40,"enemies":"Hexaghost","floor":16,"turns":14}],"event_choices":[{"event_name":"Bonfire Elementals","player_choice":"BASIC","floor":4,"damage_taken":0},{"event_name":"Shining Light","player_choice":"Entered Light","floor":5,"damage_taken":0},{"event_name":"Accursed Blacksmith","player_choice":"Rummage","floor":8,"damage_taken":0}],"boss_relics":[],"potions_floor_spawned":[1,6,12,13],"seed_played":"6947955914882791062","killed_by":"Hexaghost","is_trial":false}