{"gold_per_floor":[115,40,58,58,58,58,79,122,122,143,159,159,178,209,209,305,305,330,308,308,308],"floor_reached":21,"playtime":1083,"items_purged":["Shame"],"score":362,"play_id":"36d5d92a-1b44-436c-8419-dd0b6b23f08e","local_time":"20190127213608","is_ascension_mode":true,"campfire_choices":[{"data":"Zap","floor":6,"key":"SMITH"},{"floor":12,"key":"REST"},{"floor":15,"key":"REST"}],"neow_cost":"CURSE","seed_source_timestamp":320620788192100,"circlet_count":0,"master_deck":["AscendersBane","Strike_B","Strike_B+1","Strike_B","Strike_B","Defend_B","Defend_B+1","Defend_B","Defend_B","Zap+1","Dualcast","Echo Form","Hologram","Lockon","Sweeping Beam","BootSequence","Ball Lightning","Auto Shields","Go for the Eyes","Ball Lightning+1"],"relics":["Cracked Core","Golden Idol","StoneCalendar","Prayer Wheel","Odd Mushroom","Busted Crown"],"potions_floor_usage":[16,18],"damage_taken":[{"damage":2,"enemies":"Jaw Worm","floor":1,"turns":3},{"damage":3,"enemies":"2 Louse","floor":3,"turns":3},{"damage":0,"enemies":"Small Slimes","floor":7,"turns":2},{"damage":32,"enemies":"3 Sentries","floor":8,"turns":6},{"damage":0,"enemies":"3 Louse","floor":10,"turns":2},{"damage":0,"enemies":"Looter","floor":11,"turns":3},{"damage":3,"enemies":"Large Slime","floor":13,"turns":5},{"damage":13,"enemies":"The Mushroom Lair","floor":14,"turns":4},{"damage":16,"enemies":"The Guardian","floor":16,"turns":9},{"damage":0,"enemies":"3 Byrds","floor":18,"turns":4},{"damage":22,"enemies":"2 Thieves","floor":19,"turns":4},{"damage":35,"enemies":"Snecko","floor":21,"turns":4}],"seed_played":"-2455824593926747752","potions_obtained":[{"floor":7,"key":"SteroidPotion"},{"floor":14,"key":"Explosive Potion"},{"floor":19,"key":"Explosive Potion"}],"is_trial":false,"path_per_floor":["M","$","M","?","?","R","M","E","T","M","M","R","M","?","R","B",null,"M","M","$","M"],"character_chosen":"DEFECT","items_purchased":[],"campfire_rested":2,"item_purchase_floors":[],"current_hp_per_floor":[62,62,59,59,40,40,40,8,8,8,8,27,24,11,30,14,52,52,30,30,0],"gold":308,"neow_bonus":"THREE_RARE_CARDS","is_prod":false,"is_daily":false,"chose_seed":false,"campfire_upgraded":1,"win_rate":0,"timestamp":1548624968,"path_taken":["M","$","M","?","?","R","M","E","T","M","?","R","M","?","R","BOSS","M","M","$","M"],"build_version":"2019-01-23","purchased_purges":1,"victory":false,"max_hp_per_floor":[71,71,71,64,64,64,64,64,64,64,64,64,64,64,64,64,64,64,64,64,64],"card_choices":[{"not_picked":["Buffer","Amplify"],"picked":"Echo Form","floor":0},{"not_picked":["Streamline","Compile Driver"],"picked":"Hologram","floor":1},{"not_picked":["Scrape","Aggregate"],"picked":"Lockon","floor":3},{"not_picked":["Cold Snap","Compile Driver"],"picked":"Sweeping Beam","floor":7},{"not_picked":["Redo","Rip and Tear"],"picked":"BootSequence","floor":8},{"not_picked":["Compile Driver","Redo"],"picked":"Ball Lightning","floor":10},{"not_picked":["Hello World","Sweeping Beam"],"picked":"Auto Shields","floor":10},{"not_picked":["Beam Cell","Chill","Scrape"],"picked":"SKIP","floor":11},{"not_picked":["Hello World","Turbo","Fusion"],"picked":"SKIP","floor":11},{"not_picked":["Chaos","Sweeping Beam"],"picked":"Go for the Eyes","floor":13},{"not_picked":["Reprogram","Amplify","Skim"],"picked":"SKIP","floor":13},{"not_picked":["Redo"],"picked":"SKIP","floor":18},{"not_picked":["Stack"],"picked":"SKIP","floor":18},{"not_picked":[],"picked":"Ball Lightning+1","floor":19},{"not_picked":["Sweeping Beam"],"picked":"SKIP","floor":19}],"player_experience":1243029,"relics_obtained":[{"floor":8,"key":"StoneCalendar"},{"floor":9,"key":"Prayer Wheel"},{"floor":14,"key":"Odd Mushroom"}],"event_choices":[{"damage_healed":0,"gold_gain":0,"player_choice":"Lose Max HP","damage_taken":0,"relics_obtained":["Golden Idol"],"max_hp_gain":0,"max_hp_loss":7,"event_name":"Golden Idol","floor":4,"gold_loss":0},{"damage_healed":0,"gold_gain":0,"player_choice":"Entered Light","damage_taken":19,"max_hp_gain":0,"max_hp_loss":0,"event_name":"Shining Light","floor":5,"gold_loss":0,"cards_upgraded":["Strike_B","Defend_B"]},{"damage_healed":0,"gold_gain":0,"player_choice":"Fought Mushrooms","damage_taken":0,"max_hp_gain":0,"max_hp_loss":0,"event_name":"Mushrooms","floor":14,"gold_loss":0}],"is_beta":false,"boss_relics":[{"not_picked":["White Beast Statue","Black Star"],"picked":"Busted Crown"}],"items_purged_floors":[2],"is_endless":false,"potions_floor_spawned":[7,14,19],"killed_by":"Snecko","ascension_level":20}