{"gold_per_floor":[10,27,27,44,44,73,73,73,73,35,35,47,47,47,47,123,123,138,138,154,154,154,186,186,199,223,238,250,270,270,270,270,343,343,354,354,367,277,118,118,129,129,129,142,0,0,10,29,29,29],"floor_reached":50,"playtime":2376,"items_purged":[],"score":949,"play_id":"37cd3122-4870-4a2a-80ae-baa2c733c0c0","local_time":"20190127192516","is_ascension_mode":true,"campfire_choices":[{"data":"Go for the Eyes","floor":7,"key":"SMITH"},{"floor":11,"key":"REST"},{"data":"Static Discharge","floor":13,"key":"SMITH"},{"floor":15,"key":"REST"},{"data":"Defragment","floor":24,"key":"SMITH"},{"floor":30,"key":"REST"},{"data":"Dualcast","floor":32,"key":"SMITH"},{"floor":40,"key":"REST"},{"floor":42,"key":"REST"},{"data":"All For One","floor":49,"key":"SMITH"}],"neow_cost":"NO_GOLD","seed_source_timestamp":311475146550900,"circlet_count":0,"master_deck":["AscendersBane","Strike_B","Strike_B","Strike_B","Defend_B","Defend_B","Defend_B","Defend_B","Zap+1","Dualcast+1","Ball Lightning+1","Hologram","Static Discharge+1","Go for the Eyes+1","FTL","Echo Form+1","BootSequence","Rip and Tear","Defragment+1","Beam Cell+1","Coolheaded","Core Surge","Leap+1","All For One+1","Go for the Eyes+1","Melter","Glacier","Self Repair","White Noise+1"],"relics":["FrozenCore","FossilizedHelix","Bottled Flame","Vajra","Letter Opener","Centennial Puzzle","Anchor","Busted Crown","Juzu Bracelet","Red Mask"],"potions_floor_usage":[16,25,27,29,33,50],"damage_taken":[{"damage":0,"enemies":"Small Slimes","floor":1,"turns":3},{"damage":3,"enemies":"2 Louse","floor":2,"turns":3},{"damage":0,"enemies":"Jaw Worm","floor":4,"turns":2},{"damage":15,"enemies":"Lagavulin","floor":6,"turns":5},{"damage":0,"enemies":"Red Slaver","floor":12,"turns":2},{"damage":20,"enemies":"Hexaghost","floor":16,"turns":8},{"damage":9,"enemies":"Shell Parasite","floor":18,"turns":4},{"damage":3,"enemies":"Spheric Guardian","floor":20,"turns":4},{"damage":22,"enemies":"Gremlin Leader","floor":23,"turns":7},{"damage":0,"enemies":"Snecko","floor":25,"turns":5},{"damage":9,"enemies":"Chosen and Byrds","floor":27,"turns":5},{"damage":0,"enemies":"Centurion and Healer","floor":28,"turns":5},{"damage":6,"enemies":"Sentry and Sphere","floor":29,"turns":6},{"damage":33,"enemies":"Automaton","floor":33,"turns":11},{"damage":0,"enemies":"Orb Walker","floor":35,"turns":3},{"damage":35,"enemies":"3 Darklings","floor":37,"turns":5},{"damage":16,"enemies":"Transient","floor":41,"turns":6},{"damage":29,"enemies":"Jaw Worm Horde","floor":44,"turns":5},{"damage":2,"enemies":"Maw","floor":47,"turns":8},{"damage":0,"enemies":"4 Shapes","floor":48,"turns":8},{"damage":76,"enemies":"Donu and Deca","floor":50,"turns":8}],"seed_played":"3769097622706734745","potions_obtained":[{"floor":2,"key":"Fire Potion"},{"floor":12,"key":"AttackPotion"},{"floor":16,"key":"Fire Potion"},{"floor":25,"key":"Swift Potion"},{"floor":27,"key":"FocusPotion"},{"floor":35,"key":"FocusPotion"},{"floor":41,"key":"Dexterity Potion"}],"is_trial":false,"path_per_floor":["M","M","?","M","?","E","R","?","T","?","R","M","R","$","R","B",null,"M","?","M","?","$","E","R","M","T","M","M","M","R","?","R","B",null,"M","?","M","$","$","R","M","R","T","M","?","?","M","M","R","B"],"character_chosen":"DEFECT","items_purchased":["Melter","Glacier","Self Repair"],"campfire_rested":5,"item_purchase_floors":[38,39,39],"current_hp_per_floor":[64,61,66,66,43,28,28,10,10,10,32,32,32,32,54,34,66,57,57,54,69,69,47,47,47,47,38,38,32,54,54,54,21,62,62,62,27,27,27,49,47,69,69,54,54,54,59,73,73,0],"gold":29,"neow_bonus":"ONE_RARE_RELIC","is_prod":false,"is_daily":false,"chose_seed":false,"campfire_upgraded":5,"win_rate":0,"timestamp":1548617116,"path_taken":["M","M","?","M","?","E","R","?","T","?","R","M","R","?","R","BOSS","M","?","M","?","?","E","R","M","T","M","?","M","R","?","R","BOSS","M","?","M","?","$","R","?","R","T","M","?","?","M","M","R","BOSS"],"build_version":"2019-01-23","purchased_purges":0,"victory":false,"max_hp_per_floor":[71,71,76,76,76,76,76,76,76,76,76,76,76,76,76,76,76,76,76,76,76,76,76,76,76,76,76,76,76,76,76,76,76,76,76,76,76,76,76,76,76,76,76,76,76,76,76,76,76,76],"card_choices":[{"not_picked":["Go for the Eyes","Beam Cell"],"picked":"Ball Lightning","floor":1},{"not_picked":["Steam","Recycle"],"picked":"Hologram","floor":2},{"not_picked":["Undo","Reprogram"],"picked":"Static Discharge","floor":4},{"not_picked":["Hologram","Redo"],"picked":"Go for the Eyes","floor":6},{"not_picked":["Sunder","Steam"],"picked":"FTL","floor":12},{"not_picked":["Core Surge","Seek"],"picked":"Echo Form","floor":16},{"not_picked":["Redo","Beam Cell"],"picked":"BootSequence","floor":18},{"not_picked":["Turbo","Streamline"],"picked":"Rip and Tear","floor":20},{"not_picked":["Sunder","Consume"],"picked":"Defragment","floor":23},{"not_picked":["Compile Driver","Go for the Eyes"],"picked":"Beam Cell+1","floor":25},{"not_picked":["Go for the Eyes","Compile Driver"],"picked":"Coolheaded","floor":27},{"not_picked":["Rebound","Recycle"],"picked":"Core Surge","floor":28},{"not_picked":["Chill","Stack"],"picked":"Leap+1","floor":29},{"not_picked":["Thunder Strike","Reboot"],"picked":"All For One","floor":33},{"not_picked":[],"picked":"Go for the Eyes+1","floor":35},{"not_picked":["Barrage"],"picked":"SKIP","floor":37},{"not_picked":["Beam Cell+1"],"picked":"SKIP","floor":41},{"not_picked":[],"picked":"White Noise+1","floor":44},{"not_picked":["Hello World"],"picked":"SKIP","floor":47},{"not_picked":["Storm"],"picked":"SKIP","floor":48}],"player_experience":1234872,"relics_obtained":[{"floor":6,"key":"Bottled Flame"},{"floor":9,"key":"Letter Opener"},{"floor":23,"key":"Centennial Puzzle"},{"floor":26,"key":"Anchor"},{"floor":43,"key":"Juzu Bracelet"}],"event_choices":[{"damage_healed":0,"gold_gain":0,"player_choice":"Donut","damage_taken":0,"max_hp_gain":5,"max_hp_loss":0,"event_name":"Big Fish","floor":3,"gold_loss":0},{"damage_healed":0,"gold_gain":0,"player_choice":"Entered Light","damage_taken":23,"max_hp_gain":0,"max_hp_loss":0,"event_name":"Shining Light","floor":5,"gold_loss":0,"cards_upgraded":["Ball Lightning","Zap"]},{"damage_healed":0,"gold_gain":0,"player_choice":"Success","damage_taken":18,"relics_obtained":["Vajra"],"max_hp_gain":0,"max_hp_loss":0,"event_name":"Scrap Ooze","floor":8,"gold_loss":0},{"damage_healed":0,"gold_gain":0,"player_choice":"Left Gold","damage_taken":0,"max_hp_gain":0,"max_hp_loss":0,"event_name":"World of Goop","floor":10,"gold_loss":38},{"damage_healed":0,"gold_gain":0,"player_choice":"Ignored","damage_taken":0,"max_hp_gain":0,"max_hp_loss":0,"event_name":"Vampires","floor":19,"gold_loss":0},{"damage_healed":15,"gold_gain":0,"player_choice":"Heal","damage_taken":0,"max_hp_gain":0,"max_hp_loss":0,"event_name":"The Library","floor":21,"gold_loss":0},{"damage_healed":0,"gold_gain":0,"player_choice":"Ignored","damage_taken":0,"max_hp_gain":0,"max_hp_loss":0,"event_name":"The Mausoleum","floor":31,"gold_loss":0},{"damage_healed":0,"gold_gain":0,"player_choice":"Forge","damage_taken":0,"max_hp_gain":0,"max_hp_loss":0,"event_name":"Accursed Blacksmith","floor":36,"gold_loss":0,"cards_upgraded":["Echo Form"]},{"damage_healed":0,"gold_gain":0,"player_choice":"Paid","damage_taken":0,"relics_obtained":["Red Mask"],"max_hp_gain":0,"max_hp_loss":0,"event_name":"Tomb of Lord Red Mask","floor":45,"gold_loss":142},{"cards_removed":["Strike_B"],"damage_healed":0,"gold_gain":0,"player_choice":"Purged","damage_taken":0,"max_hp_gain":0,"max_hp_loss":0,"event_name":"Purifier","floor":46,"gold_loss":0}],"is_beta":false,"boss_relics":[{"not_picked":["Astrolabe","Inserter"],"picked":"FrozenCore"},{"not_picked":["Coffee Dripper","Nuclear Battery"],"picked":"Busted Crown"}],"items_purged_floors":[],"is_endless":false,"potions_floor_spawned":[2,12,16,20,23,25,27,35,41],"killed_by":"Donu and Deca","ascension_level":20}