{"gold_per_floor":[112,23,23,23,23,23,66,120,146,159,194,210,49,73,73,163,163,163,163,163],"floor_reached":20,"playtime":1294,"items_purged":["Strike_G"],"score":485,"play_id":"c3d2389d-2414-4cfd-87f0-bf2f8231a9d1","local_time":"20190625172226","is_ascension_mode":true,"campfire_choices":[{"data":"Neutralize","floor":6.0,"key":"SMITH"},{"data":"Well Laid Plans","floor":15.0,"key":"SMITH"}],"neow_cost":"NONE","seed_source_timestamp":0,"circlet_count":0,"master_deck":["AscendersBane","Defend_G","Defend_G","Defend_G","Defend_G+1","Defend_G","Strike_G","Strike_G","Strike_G","Survivor+1","Neutralize+1","Flying Knee+1","Dash+1","Well Laid Plans+1","After Image","Caltrops","Cloak And Dagger","Night Terror","Dodge and Roll+1"],"special_seed":0,"relics":["Ring of the Snake","NeowsBlessing","Bloody Idol","Whetstone","Blood Vial","Oddly Smooth Stone","War Paint","Ectoplasm"],"potions_floor_usage":[],"damage_taken":[{"damage":0.0,"enemies":"Jaw Worm","floor":1.0,"turns":1.0},{"damage":0.0,"enemies":"3 Sentries","floor":7.0,"turns":1.0},{"damage":0.0,"enemies":"Small Slimes","floor":10.0,"turns":1.0},{"damage":3.0,"enemies":"Lagavulin","floor":11.0,"turns":8.0},{"damage":0.0,"enemies":"2 Louse","floor":12.0,"turns":2.0},{"damage":0.0,"enemies":"Looter","floor":14.0,"turns":4.0},{"damage":0.0,"enemies":"The Guardian","floor":16.0,"turns":13.0},{"damage":1.0,"enemies":"Shell Parasite","floor":18.0,"turns":7.0},{"damage":16,"enemies":"Colosseum Slavers","floor":20,"turns":7},{"damage":51,"enemies":"Colosseum Nobs","floor":20,"turns":4}],"seed_played":"-3077662134495906331","potions_obtained":[{"floor":1.0,"key":"EssenceOfSteel"},{"floor":11.0,"key":"Dexterity Potion"},{"floor":16.0,"key":"Ancient Potion"}],"is_trial":false,"path_per_floor":["M","$","?","?","?","R","E","T","T","M","E","M","$","M","R","B",null,"M","?","?"],"character_chosen":"THE_SILENT","items_purchased":["Dash","Caltrops"],"campfire_rested":0,"item_purchase_floors":[2,13],"current_hp_per_floor":[59,59,59,52,52,52,52,52,52,54,53,55,55,57,57,59,60,59,59,0],"gold":163,"neow_bonus":"THREE_ENEMY_KILL","is_prod":false,"is_daily":false,"chose_seed":false,"campfire_upgraded":2,"win_rate":0,"timestamp":1561497746,"path_taken":["M","$","?","?","?","R","E","?","T","M","E","M","$","M","R","BOSS","M","?","?"],"build_version":"2019-01-23","purchased_purges":1,"victory":false,"max_hp_per_floor":[66,66,66,66,60,60,60,60,60,60,60,60,60,60,60,60,60,60,60,60],"card_choices":[{"not_picked":["All Out Attack","Acrobatics"],"picked":"Flying Knee","floor":1.0},{"not_picked":["Cloak And Dagger","Infinite Blades"],"picked":"Well Laid Plans","floor":7.0},{"not_picked":["Flechettes","Masterful Stab","Slice"],"picked":"SKIP","floor":10.0},{"not_picked":["Bullet Time","Acrobatics"],"picked":"After Image","floor":11.0},{"not_picked":["Choke","Flying Knee","Prepared"],"picked":"SKIP","floor":12.0},{"not_picked":["Prepared","Blade Dance"],"picked":"Cloak And Dagger","floor":14.0},{"not_picked":["Storm of Steel","Die Die Die"],"picked":"Night Terror","floor":16.0},{"not_picked":["Expertise","Acrobatics"],"picked":"Dodge and Roll+1","floor":18.0}],"player_experience":2334557,"relics_obtained":[{"floor":7.0,"key":"Whetstone"},{"floor":8.0,"key":"Blood Vial"},{"floor":9.0,"key":"Oddly Smooth Stone"},{"floor":11.0,"key":"War Paint"}],"event_choices":[{"damage_healed":0.0,"max_hp_gain":0.0,"max_hp_loss":0.0,"gold_gain":0.0,"event_name":"The Cleric","player_choice":"Leave","floor":3.0,"gold_loss":0.0,"damage_taken":0.0},{"cards_removed":["Strike_G"],"damage_healed":0.0,"max_hp_gain":0.0,"max_hp_loss":0.0,"gold_gain":0.0,"event_name":"Golden Wing","player_choice":"Card Removal","floor":4.0,"gold_loss":0.0,"damage_taken":7.0},{"damage_healed":0.0,"max_hp_gain":0.0,"max_hp_loss":6.0,"gold_gain":0.0,"event_name":"Golden Idol","player_choice":"Lose Max HP","floor":5.0,"gold_loss":0.0,"damage_taken":0.0,"relics_obtained":["Golden Idol"]},{"damage_healed":0.0,"max_hp_gain":0.0,"max_hp_loss":0.0,"gold_gain":0.0,"event_name":"Forgotten Altar","player_choice":"Gave Idol","floor":19.0,"relics_lost":["Golden Idol"],"gold_loss":0.0,"damage_taken":0.0,"relics_obtained":["Bloody Idol"]},{"damage_healed":0,"gold_gain":0,"player_choice":"Fight","damage_taken":0,"max_hp_gain":0,"max_hp_loss":0,"event_name":"Colosseum","floor":20,"gold_loss":0},{"damage_healed":0,"gold_gain":0,"player_choice":"Fought Nobs","damage_taken":0,"max_hp_gain":0,"max_hp_loss":0,"event_name":"Colosseum","floor":20,"gold_loss":0}],"is_beta":false,"boss_relics":[{"not_picked":["Pandora\u0027s Box","Velvet Choker"],"picked":"Ectoplasm"}],"items_purged_floors":[13],"is_endless":false,"potions_floor_spawned":[1,11,16,20],"killed_by":"Colosseum Nobs","ascension_level":18}