{"gold_per_floor":[114,114,131,131,96,96,122,122,149,149,165,176,193,1,1,1],"floor_reached":16,"playtime":686,"items_purged":[],"score":200,"play_id":"cfee45c6-1e05-4715-8d3e-d03faaf4abc9","local_time":"20190125235212","is_ascension_mode":true,"campfire_choices":[{"data":"True Grit","floor":6,"key":"SMITH"},{"floor":8,"key":"REST"},{"data":"Cleave","floor":10,"key":"SMITH"},{"data":"Shockwave","floor":15,"key":"SMITH"}],"neow_cost":"PERCENT_DAMAGE","seed_source_timestamp":156381828664200,"circlet_count":0,"master_deck":["AscendersBane","Strike_R","Strike_R+1","Strike_R","Defend_R","Defend_R","Defend_R","Bash+1","Thunderclap","Reaper","Flame Barrier","True Grit+1","Cleave+1","Shockwave+1","Iron Wave","Battle Trance","Bandage Up"],"relics":["Burning Blood","Whetstone","Bag of Preparation"],"potions_floor_usage":[16],"damage_taken":[{"damage":3,"enemies":"Small Slimes","floor":1,"turns":3},{"damage":16,"enemies":"Cultist","floor":3,"turns":4},{"damage":64,"enemies":"3 Sentries","floor":7,"turns":18},{"damage":7,"enemies":"Jaw Worm","floor":11,"turns":4},{"damage":9,"enemies":"Blue Slaver","floor":12,"turns":4},{"damage":0,"enemies":"3 Louse","floor":13,"turns":3},{"damage":64,"enemies":"Hexaghost","floor":16,"turns":12}],"seed_played":"7436115711712400947","potions_obtained":[{"floor":1,"key":"Fire Potion"},{"floor":3,"key":"SteroidPotion"}],"is_trial":false,"path_per_floor":["M","?","M","?","?","R","E","R","T","R","M","M","M","$","R","B"],"character_chosen":"IRONCLAD","items_purchased":["Battle Trance","Bandage Up"],"campfire_rested":1,"item_purchase_floors":[14,14],"current_hp_per_floor":[53,53,49,49,67,67,17,39,39,39,44,45,51,51,51,0],"gold":1,"neow_bonus":"TRANSFORM_TWO_CARDS","is_prod":false,"is_daily":false,"chose_seed":false,"campfire_upgraded":3,"win_rate":0,"timestamp":1548460332,"path_taken":["M","?","?","?","?","R","E","R","T","R","M","M","M","$","R","BOSS"],"build_version":"2019-01-23","purchased_purges":0,"victory":false,"max_hp_per_floor":[75,75,75,75,75,75,75,75,75,75,75,75,75,75,75,75],"card_choices":[{"not_picked":["Armaments","Havoc"],"picked":"Flame Barrier","floor":1},{"not_picked":["Clash","Warcry"],"picked":"True Grit","floor":3},{"not_picked":["Seeing Red","Flex"],"picked":"Cleave","floor":7},{"not_picked":["Wild Strike","Sentinel"],"picked":"Shockwave","floor":11},{"not_picked":["Bloodletting","Reckless Charge","Perfected Strike"],"picked":"SKIP","floor":12},{"not_picked":["Flex","Havoc"],"picked":"Iron Wave","floor":13}],"player_experience":1219510,"relics_obtained":[{"floor":7,"key":"Whetstone"},{"floor":9,"key":"Bag of Preparation"}],"event_choices":[{"cards_removed":["Strike_R"],"damage_healed":0,"gold_gain":0,"player_choice":"Purged","damage_taken":0,"max_hp_gain":0,"max_hp_loss":0,"event_name":"Purifier","floor":2,"gold_loss":0},{"damage_healed":0,"gold_gain":0,"player_choice":"Ignored","damage_taken":0,"max_hp_gain":0,"max_hp_loss":0,"event_name":"Golden Wing","floor":4,"gold_loss":0},{"damage_healed":18,"gold_gain":0,"player_choice":"Healed","damage_taken":0,"max_hp_gain":0,"max_hp_loss":0,"event_name":"The Cleric","floor":5,"gold_loss":35}],"is_beta":false,"boss_relics":[],"items_purged_floors":[],"is_endless":false,"potions_floor_spawned":[1,3],"killed_by":"Hexaghost","ascension_level":20}