{"gold_per_floor":[116,130,80,96,114,143,143,202,202,202],"floor_reached":10,"playtime":563,"items_purged":[],"score":94,"play_id":"fbd78a27-3f24-4f31-b68b-38d6aed4669c","local_time":"20181228222732","is_ascension_mode":true,"campfire_choices":[{"data":"Chaos","floor":7,"key":"SMITH"}],"neow_cost":"NONE","seed_source_timestamp":345676284610886,"circlet_count":0,"master_deck":["Strike_B+1","Strike_B","Strike_B+1","Defend_B","Defend_B","Defend_B","Defend_B","Zap","Dualcast","Auto Shields","Conserve Battery","Chaos+1","Echo Form","Force Field","Cold Snap","Coolheaded"],"relics":["Cracked Core","Whetstone","Tiny Chest","The Courier"],"potions_floor_usage":[6],"damage_taken":[{"damage":5,"enemies":"Small Slimes","floor":1,"turns":4},{"damage":0,"enemies":"Jaw Worm","floor":2,"turns":4},{"damage":0,"enemies":"Cultist","floor":4,"turns":4},{"damage":1,"enemies":"3 Louse","floor":5,"turns":6},{"damage":31,"enemies":"3 Sentries","floor":6,"turns":9},{"damage":26,"enemies":"Gremlin Nob","floor":8,"turns":5},{"damage":13,"enemies":"Exordium Thugs","floor":10,"turns":3}],"seed_played":"-5045905189673741915","potions_obtained":[{"floor":2,"key":"LiquidBronze"}],"is_trial":false,"path_per_floor":["M","M","?","M","M","E","R","E","T","M"],"character_chosen":"DEFECT","items_purchased":[],"campfire_rested":0,"item_purchase_floors":[],"current_hp_per_floor":[70,70,70,70,69,38,38,12,12,0],"gold":202,"neow_bonus":"THREE_CARDS","is_prod":false,"is_daily":false,"chose_seed":false,"campfire_upgraded":1,"win_rate":0,"timestamp":1546064852,"path_taken":["M","M","?","M","M","E","R","E","T","M"],"build_version":"2018-12-20","purchased_purges":0,"victory":false,"max_hp_per_floor":[75,75,75,75,75,75,75,75,75,75],"card_choices":[{"not_picked":["Storm","Force Field"],"picked":"Auto Shields","floor":0},{"not_picked":["Barrage","Leap"],"picked":"Conserve Battery","floor":1},{"not_picked":["Streamline","Ball Lightning"],"picked":"Chaos","floor":2},{"not_picked":["Barrage","Fusion"],"picked":"Echo Form","floor":4},{"not_picked":["Tempest","Beam Cell"],"picked":"Force Field","floor":5},{"not_picked":["Leap","FTL"],"picked":"Cold Snap","floor":6},{"not_picked":["Leap","Meteor Strike"],"picked":"Coolheaded","floor":8}],"player_experience":139386,"relics_obtained":[{"floor":6,"key":"Whetstone"},{"floor":8,"key":"Tiny Chest"},{"floor":9,"key":"The Courier"}],"event_choices":[{"cards_removed":["Strike_B"],"damage_healed":0,"gold_gain":0,"player_choice":"Card Removal","damage_taken":0,"max_hp_gain":0,"max_hp_loss":0,"event_name":"The Cleric","floor":3,"gold_loss":50}],"is_beta":false,"boss_relics":[],"items_purged_floors":[],"is_endless":false,"potions_floor_spawned":[2],"killed_by":"Exordium Thugs","ascension_level":4}