{"gold_per_floor":[110,110,157,171,126,155,155,189,244,271,283,301,328,347,347,447,447,466,486,499,509,479,479],"floor_reached":23,"playtime":1477,"items_purged":[],"score":260,"play_id":"9b58ef92-c38e-4afe-b8b6-0c1f12d8e625","local_time":"20181226033337","is_ascension_mode":true,"campfire_choices":[{"floor":15,"key":"REST"}],"neow_cost":"NONE","seed_source_timestamp":103926505825417,"circlet_count":0,"master_deck":["Defend_G","Defend_G","Defend_G","Defend_G","Defend_G+1","Strike_G","Strike_G","Strike_G","Strike_G+1","Survivor","Neutralize+1","Flying Knee","Masterful Stab","Blur","Blade Dance+1","Poisoned Stab","Acrobatics","Infinite Blades","Phantasmal Killer","Backflip","Deflect","PiercingWail","Storm of Steel","Predator","Accuracy+1","Dodge and Roll+1","Outmaneuver"],"relics":["Ring of the Snake","Whetstone","Juzu Bracelet","War Paint","Boot","Pantograph","Ancient Tea Set","WristBlade"],"potions_floor_usage":[10,14,16,20],"damage_taken":[{"damage":0,"enemies":"Jaw Worm","floor":1,"turns":4},{"damage":0,"enemies":"Cultist","floor":4,"turns":3},{"damage":25,"enemies":"Gremlin Nob","floor":6,"turns":5},{"damage":11,"enemies":"3 Sentries","floor":8,"turns":9},{"damage":0,"enemies":"Lagavulin","floor":10,"turns":5},{"damage":0,"enemies":"Small Slimes","floor":11,"turns":2},{"damage":0,"enemies":"Exordium Wildlife","floor":12,"turns":2},{"damage":26,"enemies":"Gremlin Nob","floor":13,"turns":5},{"damage":6,"enemies":"2 Fungi Beasts","floor":14,"turns":2},{"damage":45,"enemies":"Slime Boss","floor":16,"turns":13},{"damage":1,"enemies":"Shell Parasite","floor":18,"turns":5},{"damage":11,"enemies":"2 Thieves","floor":19,"turns":4},{"damage":35,"enemies":"Sentry and Sphere","floor":20,"turns":7},{"damage":15,"enemies":"Snecko","floor":21,"turns":4},{"damage":19,"enemies":"Gremlin Leader","floor":23,"turns":2}],"seed_played":"2639031826356993795","potions_obtained":[{"floor":1,"key":"Explosive Potion"},{"floor":11,"key":"AttackPotion"},{"floor":12,"key":"SpeedPotion"},{"floor":16,"key":"SkillPotion"},{"floor":21,"key":"Ancient Potion"},{"floor":22,"key":"Energy Potion"},{"floor":22,"key":"Poison Potion"}],"is_trial":false,"path_per_floor":["M","?","T","M","$","E","$","E","T","E","M","M","E","M","R","B",null,"M","M","M","M","?","E"],"character_chosen":"THE_SILENT","items_purchased":["Blade Dance"],"campfire_rested":1,"item_purchase_floors":[5],"current_hp_per_floor":[77,77,77,77,77,52,52,41,41,41,41,41,15,9,32,12,77,76,65,30,15,15,0],"gold":479,"neow_bonus":"TEN_PERCENT_HP_BONUS","is_prod":false,"is_daily":false,"chose_seed":false,"campfire_upgraded":0,"win_rate":0,"timestamp":1545824017,"path_taken":["M","?","?","?","$","E","?","E","T","E","M","M","E","M","R","BOSS","M","M","M","M","?","E"],"build_version":"2018-12-20","purchased_purges":0,"victory":false,"max_hp_per_floor":[77,77,77,77,77,77,77,77,77,77,77,77,77,77,77,77,77,77,77,77,77,77,77],"card_choices":[{"not_picked":["Escape Plan","Predator"],"picked":"Flying Knee","floor":1},{"not_picked":["Sucker Punch","Flying Knee"],"picked":"Blur","floor":4},{"not_picked":["Underhanded Strike","Skewer"],"picked":"Poisoned Stab","floor":6},{"not_picked":["Endless Agony","Flying Knee"],"picked":"Acrobatics","floor":8},{"not_picked":["PiercingWail","Choke"],"picked":"Infinite Blades","floor":10},{"not_picked":["Skewer","Poisoned Stab"],"picked":"Phantasmal Killer","floor":11},{"not_picked":["Quick Slash","Deadly Poison"],"picked":"Backflip","floor":12},{"not_picked":["Poisoned Stab","Dodge and Roll"],"picked":"Deflect","floor":13},{"not_picked":["Cloak And Dagger","Underhanded Strike"],"picked":"PiercingWail","floor":14},{"not_picked":["After Image","Unload"],"picked":"Storm of Steel","floor":16},{"not_picked":["Acrobatics","Dagger Spray"],"picked":"Predator","floor":18},{"not_picked":["PiercingWail","Dodge and Roll+1"],"picked":"Accuracy+1","floor":19},{"not_picked":["Escape Plan","Prepared"],"picked":"Dodge and Roll+1","floor":20},{"not_picked":["Backflip+1","Poisoned Stab"],"picked":"Outmaneuver","floor":21}],"player_experience":126473,"relics_obtained":[{"floor":3,"key":"Whetstone"},{"floor":6,"key":"Juzu Bracelet"},{"floor":8,"key":"War Paint"},{"floor":9,"key":"Boot"},{"floor":10,"key":"Pantograph"},{"floor":13,"key":"Ancient Tea Set"}],"event_choices":[{"damage_healed":0,"gold_gain":0,"cards_transformed":["Strike_G"],"player_choice":"Change","damage_taken":0,"max_hp_gain":0,"max_hp_loss":0,"event_name":"Living Wall","floor":2,"gold_loss":0,"cards_obtained":["Masterful Stab"]},{"damage_healed":0,"gold_gain":0,"player_choice":"Bought 2 Potions","damage_taken":0,"max_hp_gain":0,"max_hp_loss":0,"event_name":"The Woman in Blue","floor":22,"gold_loss":0}],"is_beta":false,"boss_relics":[{"not_picked":["Fusion Hammer","Snecko Eye"],"picked":"WristBlade"}],"items_purged_floors":[],"is_endless":false,"potions_floor_spawned":[1,11,12,16,21],"killed_by":"Gremlin Leader","ascension_level":1}