{"gold_per_floor":[118,130,141,159,84,109,124,151,174,201,166,177,210,167,167,267,267,283,301,177,187,0,0,27,45,102,129,129,146,157,82,82,184,184,195,195,295,94,194,225,225,241,241,267,277,292,292,308,308,308],"floor_reached":51,"playtime":6040,"items_purged":["Strike_G","Strike_G","Strike_G"],"score":905,"play_id":"d49893c2-8285-417f-9970-21794ebfa999","local_time":"20190705002055","is_ascension_mode":true,"campfire_choices":[{"floor":15.0,"key":"REST"},{"floor":23.0,"key":"REST"},{"floor":32,"key":"REST"},{"floor":41,"key":"REST"},{"floor":47,"key":"REST"},{"floor":49,"key":"REST"}],"neow_cost":"NONE","seed_source_timestamp":0,"circlet_count":0,"master_deck":["Strike_G","Defend_G","Defend_G","Defend_G","Defend_G","Defend_G","Survivor","Neutralize","Poisoned Stab","Cloak And Dagger","Deadly Poison","Dagger Spray","Catalyst","Crippling Poison","Infinite Blades","Calculated Gamble","Well Laid Plans","Adrenaline","Acrobatics","Backflip","Infinite Blades","Accuracy+1","Injury","After Image","A Thousand Cuts","PiercingWail","Footwork","Shame","Leg Sweep+1","Deflect"],"special_seed":0,"relics":["Ring of the Snake","Pen Nib","Peace Pipe","PreservedInsect","Bag of Preparation","Vajra","Cursed Key","Snake Skull","Tiny Chest","Shuriken","Busted Crown","Unceasing Top","Molten Egg 2","Ninja Scroll","Centennial Puzzle"],"potions_floor_usage":[33,37,44,44,48,50,50],"damage_taken":[{"damage":3.0,"enemies":"2 Louse","floor":1.0,"turns":3.0},{"damage":0.0,"enemies":"Jaw Worm","floor":2.0,"turns":5.0},{"damage":0.0,"enemies":"Small Slimes","floor":3.0,"turns":4.0},{"damage":6.0,"enemies":"3 Louse","floor":4.0,"turns":6.0},{"damage":31.0,"enemies":"Lagavulin","floor":6.0,"turns":7.0},{"damage":7.0,"enemies":"Exordium Wildlife","floor":7.0,"turns":4.0},{"damage":7.0,"enemies":"3 Sentries","floor":8.0,"turns":8.0},{"damage":7.0,"enemies":"Lagavulin","floor":10.0,"turns":4.0},{"damage":0.0,"enemies":"Large Slime","floor":12.0,"turns":4.0},{"damage":7.0,"enemies":"3 Sentries","floor":13.0,"turns":7.0},{"damage":13.0,"enemies":"The Guardian","floor":16.0,"turns":9.0},{"damage":0.0,"enemies":"3 Byrds","floor":18.0,"turns":4.0},{"damage":10.0,"enemies":"Shell Parasite","floor":19.0,"turns":5.0},{"damage":21.0,"enemies":"Snecko","floor":21.0,"turns":6.0},{"damage":14.0,"enemies":"Book of Stabbing","floor":24.0,"turns":4.0},{"damage":8.0,"enemies":"3 Cultists","floor":25.0,"turns":5.0},{"damage":0.0,"enemies":"Gremlin Leader","floor":27.0,"turns":5.0},{"damage":9,"enemies":"Colosseum Slavers","floor":28,"turns":4},{"damage":8,"enemies":"Snake Plant","floor":29,"turns":5},{"damage":0,"enemies":"Snecko","floor":30,"turns":3},{"damage":60,"enemies":"Collector","floor":33,"turns":9},{"damage":2,"enemies":"Orb Walker","floor":35,"turns":4},{"damage":0,"enemies":"Mind Bloom Boss Battle","floor":37,"turns":5},{"damage":48,"enemies":"Reptomancer","floor":40,"turns":5},{"damage":17,"enemies":"3 Shapes","floor":42,"turns":4},{"damage":6,"enemies":"Giant Head","floor":44,"turns":7},{"damage":5,"enemies":"Jaw Worm Horde","floor":45,"turns":4},{"damage":4,"enemies":"Transient","floor":46,"turns":5},{"damage":21,"enemies":"Sphere and 2 Shapes","floor":48,"turns":6},{"damage":32,"enemies":"Donu and Deca","floor":50,"turns":10}],"seed_played":"2447895931785336568","potions_obtained":[{"floor":1.0,"key":"Energy Potion"},{"floor":3.0,"key":"Weak Potion"},{"floor":7.0,"key":"SkillPotion"},{"floor":8.0,"key":"SteroidPotion"},{"floor":18.0,"key":"Regen Potion"},{"floor":24.0,"key":"GhostInAJar"},{"floor":25.0,"key":"GamblersBrew"},{"floor":29,"key":"Regen Potion"},{"floor":35,"key":"Swift Potion"},{"floor":42,"key":"Swift Potion"},{"floor":44,"key":"Poison Potion"},{"floor":45,"key":"Ancient Potion"}],"is_trial":false,"path_per_floor":["M","M","M","M","$","E","M","E","T","E","?","M","E","?","R","B",null,"M","M","$","M","?","R","E","M","T","E","?","M","M","?","R","B",null,"M","?","?","$","?","E","R","M","T","E","M","M","R","M","R","B",null],"character_chosen":"THE_SILENT","items_purchased":["Backflip","Footwork"],"campfire_rested":6,"item_purchase_floors":[20,38],"current_hp_per_floor":[74,74,74,68,68,37,30,23,23,16,35,35,28,28,51,38,77,77,67,67,46,46,69,67,59,59,59,50,42,42,42,65,14,77,75,75,75,75,75,27,50,33,33,27,22,18,41,20,43,11],"gold":308,"neow_bonus":"TEN_PERCENT_HP_BONUS","is_prod":false,"is_daily":false,"chose_seed":false,"campfire_upgraded":0,"win_rate":0,"timestamp":1562257255,"path_taken":["M","M","M","M","$","E","M","E","T","E","?","M","E","?","R","BOSS","M","M","$","M","?","R","E","M","T","E","?","M","M","?","R","BOSS","M","?","?","$","?","E","R","M","T","E","M","M","R","?","R","BOSS"],"build_version":"2019-07-01","purchased_purges":3,"victory":true,"max_hp_per_floor":[77,77,77,77,77,77,77,77,77,77,77,77,77,77,77,77,77,77,77,77,77,77,77,77,77,77,77,77,77,77,77,77,77,77,77,77,77,77,77,77,77,77,77,77,77,77,77,77,77,77],"card_choices":[{"not_picked":["Bouncing Flask","Masterful Stab"],"picked":"Poisoned Stab","floor":1.0},{"not_picked":["Poisoned Stab","Setup"],"picked":"Cloak And Dagger","floor":2.0},{"not_picked":["Backstab","Dagger Throw"],"picked":"Deadly Poison","floor":3.0},{"not_picked":["Skewer","Dodge and Roll"],"picked":"Dagger Spray","floor":4.0},{"not_picked":["Underhanded Strike","Corpse Explosion"],"picked":"Catalyst","floor":6.0},{"not_picked":["Quick Slash","Dagger Spray","Reflex"],"picked":"SKIP","floor":7.0},{"not_picked":["Prepared","Outmaneuver"],"picked":"Crippling Poison","floor":8.0},{"not_picked":["Bane","Eviscerate"],"picked":"Infinite Blades","floor":10.0},{"not_picked":["Wraith Form v2","Skewer"],"picked":"Calculated Gamble","floor":12.0},{"not_picked":["Catalyst","Flying Knee"],"picked":"Well Laid Plans","floor":13.0},{"not_picked":["Night Terror","Grand Finale"],"picked":"Adrenaline","floor":16.0},{"not_picked":["Prepared","Endless Agony","Slice"],"picked":"SKIP","floor":18.0},{"not_picked":["Expertise","Infinite Blades+1"],"picked":"Acrobatics","floor":19.0},{"not_picked":["Flying Knee+1","Dash","Riddle With Holes+1"],"picked":"SKIP","floor":21.0},{"not_picked":["Heel Hook","Accuracy+1"],"picked":"Infinite Blades","floor":24.0},{"not_picked":["Quick Slash","Dagger Throw"],"picked":"Accuracy+1","floor":25.0},{"not_picked":["Concentrate","Setup"],"picked":"After Image","floor":27},{"not_picked":["Backflip","Riddle With Holes+1","Dash"],"picked":"SKIP","floor":29},{"not_picked":["Predator","Dagger Throw","Sucker Punch+1"],"picked":"SKIP","floor":30},{"not_picked":["Wraith Form v2","Die Die Die"],"picked":"A Thousand Cuts","floor":33},{"not_picked":[],"picked":"PiercingWail","floor":35},{"not_picked":["Quick Slash"],"picked":"SKIP","floor":40},{"not_picked":["Bane+1"],"picked":"SKIP","floor":42},{"not_picked":[],"picked":"Leg Sweep+1","floor":44},{"not_picked":["Flying Knee+1"],"picked":"SKIP","floor":45},{"not_picked":[],"picked":"Deflect","floor":46},{"not_picked":["Poisoned Stab+1"],"picked":"SKIP","floor":48}],"player_experience":104627,"relics_obtained":[{"floor":6.0,"key":"Pen Nib"},{"floor":8.0,"key":"Peace Pipe"},{"floor":9.0,"key":"PreservedInsect"},{"floor":10.0,"key":"Bag of Preparation"},{"floor":13.0,"key":"Vajra"},{"floor":24.0,"key":"Snake Skull"},{"floor":26.0,"key":"Tiny Chest"},{"floor":27,"key":"Shuriken"},{"floor":37,"key":"Unceasing Top"},{"floor":40,"key":"Molten Egg 2"},{"floor":43,"key":"Ninja Scroll"},{"floor":44,"key":"Centennial Puzzle"}],"event_choices":[{"damage_healed":19.0,"max_hp_gain":0.0,"max_hp_loss":0.0,"gold_gain":0.0,"event_name":"The Cleric","player_choice":"Healed","floor":11.0,"gold_loss":35.0,"damage_taken":0.0},{"damage_healed":0.0,"max_hp_gain":0.0,"max_hp_loss":0.0,"gold_gain":0.0,"event_name":"World of Goop","player_choice":"Left Gold","floor":14.0,"gold_loss":43.0,"damage_taken":0.0},{"damage_healed":0.0,"max_hp_gain":0.0,"max_hp_loss":0.0,"gold_gain":0.0,"event_name":"Masked Bandits","player_choice":"Paid Fearfully","floor":22.0,"gold_loss":187.0,"damage_taken":0.0},{"damage_healed":0,"gold_gain":0,"player_choice":"Fight","damage_taken":0,"max_hp_gain":0,"max_hp_loss":0,"event_name":"Colosseum","floor":28,"gold_loss":0},{"damage_healed":0,"gold_gain":0,"player_choice":"Fled From Nobs","damage_taken":0,"max_hp_gain":0,"max_hp_loss":0,"event_name":"Colosseum","floor":28,"gold_loss":0},{"cards_removed":["Strike_G"],"damage_healed":0,"gold_gain":0,"player_choice":"Gave Gold","damage_taken":0,"max_hp_gain":0,"max_hp_loss":0,"event_name":"Beggar","floor":31,"gold_loss":75},{"damage_healed":0,"gold_gain":0,"player_choice":"Ignored","damage_taken":0,"max_hp_gain":0,"max_hp_loss":0,"event_name":"Tomb of Lord Red Mask","floor":36,"gold_loss":0},{"damage_healed":0,"gold_gain":0,"player_choice":"Fight","damage_taken":0,"max_hp_gain":0,"max_hp_loss":0,"event_name":"MindBloom","floor":37,"gold_loss":0},{"damage_healed":0,"gold_gain":100,"player_choice":"Pray","damage_taken":0,"max_hp_gain":0,"max_hp_loss":0,"event_name":"Golden Shrine","floor":39,"gold_loss":0}],"is_beta":false,"boss_relics":[{"not_picked":["Ectoplasm","Snecko Eye"],"picked":"Cursed Key"},{"not_picked":["Astrolabe","White Beast Statue"],"picked":"Busted Crown"}],"items_purged_floors":[5,20,38],"is_endless":false,"potions_floor_spawned":[1,3,7,8,18,24,25,28,29,35,42,44,45,46],"ascension_level":4}