{"path_per_floor":["M","M","T","?","$","R","M","M","T","R","M","E","?","M","R","B",null,"M","M","?","?","$","E","R","M","T","$","?","R","E","M","R"],"character_chosen":"THE_SILENT","items_purchased":["Ninja Scroll","PiercingWail","War Paint","Omamori"],"gold_per_floor":[366,380,425,425,38,38,57,69,137,137,155,189,264,274,274,374,374,387,399,399,399,92,117,117,133,133,133,58,58,86,97,97],"floor_reached":33,"campfire_rested":0,"playtime":2367,"current_hp_per_floor":[35,35,35,28,28,28,28,28,28,28,36,39,28,40,40,16,70,70,70,54,54,54,44,44,44,44,44,44,44,45,45,45],"items_purged":["Defend_G"],"gold":97,"play_id":"6ac13984-9e41-4c69-ae9c-4920cee5267f","is_prod":false,"is_daily":false,"campfire_rituals":0,"campfire_upgraded":6,"is_hardmode":false,"path_taken":["M","M","?","?","$","R","M","?","T","R","M","E","?","M","R","BOSS","M","M","?","?","$","E","R","M","T","$","?","R","E","M","R","BOSS"],"build_version":"2018-01-11-PROD2","purchased_purges":1,"victory":false,"master_deck":["Defend_G","Defend_G","Defend_G","Strike_G","Strike_G","Strike_G","Strike_G","Survivor","Neutralize","Well Laid Plans","Cloak And Dagger","PiercingWail","Sucker Punch","Heel Hook","Dagger Throw","Finisher","Backflip","Adrenaline","Cloak And Dagger","Blade Dance","Necronomicurse","Accuracy","Sucker Punch","Cloak And Dagger"],"max_hp_per_floor":[70,70,70,70,70,70,70,70,70,70,70,70,70,70,70,70,70,70,70,70,70,70,70,70,70,70,70,70,70,72,72,72],"relics":["Ring of the Snake","Happy Flower","Ninja Scroll","Meat on the Bone","Singing Bowl","Sozu","Necronomicon","Matryoshka","War Paint","Omamori","Gremlin Horn","Ancient Tea Set","Snake Skull","Darkstone Periapt"],"campfire_meditates":0,"card_choices":[{"not_picked":["Slice","Dagger Spray"],"picked":"Well Laid Plans"},{"not_picked":["Dagger Throw","Deadly Poison"],"picked":"Cloak And Dagger"},{"not_picked":["Slice","Heel Hook"],"picked":"Sucker Punch"},{"not_picked":["Sucker Punch","Distraction"],"picked":"Heel Hook"},{"not_picked":["Riddle With Holes","Deflect"],"picked":"Dagger Throw"},{"not_picked":["Flying Knee","Night Terror"],"picked":"Finisher"},{"not_picked":["Quick Slash","Outmaneuver"],"picked":"Backflip"},{"not_picked":["Bullet Time","Wraith Form"],"picked":"Adrenaline"},{"not_picked":["Outmaneuver","Underhanded Strike"],"picked":"Cloak And Dagger"},{"not_picked":["Flying Knee","Reflex"],"picked":"Blade Dance"},{"not_picked":["Flechettes","Distraction"],"picked":"Accuracy"},{"not_picked":["Deflect","Bane"],"picked":"Sucker Punch"},{"not_picked":["Dagger Throw","Quick Slash"],"picked":"Cloak And Dagger"}],"player_experience":130300,"potions_floor_usage":[12],"damage_taken":[{"damage":0,"enemies":"Blue Slaver","floor":1,"turns":6},{"damage":0,"enemies":"Jaw Worm","floor":2,"turns":5},{"damage":0,"enemies":"2 Louse","floor":7,"turns":2},{"damage":0,"enemies":"Looter","floor":8,"turns":3},{"damage":4,"enemies":"Exordium Thugs","floor":11,"turns":5},{"damage":9,"enemies":"Lagavulin","floor":12,"turns":5},{"damage":0,"enemies":"3 Louse","floor":14,"turns":2},{"damage":36,"enemies":"The Guardian","floor":16,"turns":10},{"damage":0,"enemies":"Shell Parasite","floor":18,"turns":1},{"damage":0,"enemies":"3 Byrds","floor":19,"turns":5},{"damage":22,"enemies":"Book of Stabbing","floor":23,"turns":5},{"damage":0,"enemies":"Centurion and Healer","floor":25,"turns":1},{"damage":1,"enemies":"Gremlin Leader","floor":30,"turns":4},{"damage":0,"enemies":"3 Cultists","floor":31,"turns":3},{"damage":66,"enemies":"Champ","floor":33,"turns":9}],"event_choices":[{"event_name":"Golden Wing","player_choice":"Card Removal","floor":4,"damage_taken":0},{"event_name":"World of Goop","player_choice":"Gather Gold","floor":13,"damage_taken":0},{"event_name":"Cursed Tome","player_choice":"Obtained Book","floor":20,"damage_taken":0},{"event_name":"The Mausoleum","player_choice":"Yes","floor":21,"damage_taken":0},{"event_name":"Beggar","player_choice":"Gave Gold","floor":28,"damage_taken":0}],"boss_relics":[{"not_picked":["Orrery","Ectoplasm"],"picked":"Sozu"}],"potions_floor_spawned":[2,7,14,19,25,30],"seed_played":"4966697066300467377","killed_by":"Champ","is_trial":false}