{"gold_per_floor":[116,135,147,147,147,182,182,182,182,182,205,205,219,289,289,384,384,402,422,447,208,221,221,221,221,221,221,221,221,193,208,208,297,297,316,316,332,332,346,346,389,389,389,389,389,121,121,142,142,142],"floor_reached":50,"playtime":2191,"items_purged":["Perfected Strike"],"score":994,"play_id":"fea2bce8-8837-4028-903e-4955236356e9","local_time":"20190114204615","is_ascension_mode":true,"campfire_choices":[{"data":"Armaments","floor":7,"key":"SMITH"},{"floor":10,"key":"REST"},{"data":"Cleave","floor":12,"key":"SMITH"},{"floor":15,"key":"REST"},{"data":"True Grit","floor":23,"key":"SMITH"},{"data":"Barricade","floor":28,"key":"SMITH"},{"floor":32,"key":"REST"},{"floor":40,"key":"REST"},{"floor":42,"key":"REST"},{"floor":45,"key":"REST"},{"floor":49,"key":"REST"}],"neow_cost":"NONE","seed_source_timestamp":320044078984277,"circlet_count":0,"master_deck":["AscendersBane","Bash","Cleave+1","Armaments+1","Shrug It Off","Whirlwind","Barricade+1","Inflame","Intimidate","Inflame","Flame Barrier","Infernal Blade","Inflame","Metallicize","Heavy Blade","True Grit+1","Shrug It Off","Demon Form","Sword Boomerang","Battle Trance+1","Discovery","Limit Break"],"relics":["Burning Blood","Bronze Scales","Golden Idol","Mummified Hand","Strawberry","Tiny Chest","Pandora\u0027s Box","Anchor","Kunai","Sozu","Vajra","Bottled Tornado","Ornamental Fan"],"potions_floor_usage":[16,19,29,29],"damage_taken":[{"damage":1,"enemies":"Cultist","floor":1,"turns":3},{"damage":4,"enemies":"Small Slimes","floor":2,"turns":3},{"damage":7,"enemies":"Jaw Worm","floor":3,"turns":3},{"damage":24,"enemies":"3 Sentries","floor":6,"turns":8},{"damage":11,"enemies":"Lots of Slimes","floor":11,"turns":3},{"damage":2,"enemies":"2 Fungi Beasts","floor":13,"turns":3},{"damage":28,"enemies":"Gremlin Nob","floor":14,"turns":4},{"damage":44,"enemies":"The Guardian","floor":16,"turns":15},{"damage":18,"enemies":"Shell Parasite","floor":18,"turns":3},{"damage":3,"enemies":"Chosen","floor":19,"turns":5},{"damage":15,"enemies":"3 Cultists","floor":20,"turns":4},{"damage":2,"enemies":"Centurion and Healer","floor":22,"turns":5},{"damage":13,"enemies":"Colosseum Slavers","floor":24,"turns":5},{"damage":37,"enemies":"Book of Stabbing","floor":29,"turns":4},{"damage":11,"enemies":"Snake Plant","floor":31,"turns":4},{"damage":31,"enemies":"Collector","floor":33,"turns":11},{"damage":4,"enemies":"Orb Walker","floor":35,"turns":3},{"damage":30,"enemies":"3 Darklings","floor":37,"turns":3},{"damage":26,"enemies":"Spire Growth","floor":39,"turns":4},{"damage":35,"enemies":"Reptomancer","floor":41,"turns":6},{"damage":15,"enemies":"Jaw Worm Horde","floor":48,"turns":4},{"damage":68,"enemies":"Awakened One","floor":50,"turns":3}],"seed_played":"-5832592023468345370","potions_obtained":[{"floor":11,"key":"EssenceOfSteel"},{"floor":13,"key":"SmokeBomb"},{"floor":16,"key":"Block Potion"},{"floor":19,"key":"LiquidBronze"}],"is_trial":false,"path_per_floor":["M","M","M","?","$","E","R","?","T","R","M","R","M","E","R","B",null,"M","M","M","$","M","R","?","?","T","$","R","E","$","M","R","B",null,"M","?","M","$","M","R","E","R","T","?","R","$","?","M","R","B"],"character_chosen":"IRONCLAD","items_purchased":["Anchor","Shrug It Off","Ornamental Fan"],"campfire_rested":7,"item_purchase_floors":[21,30,46],"current_hp_per_floor":[73,75,74,48,48,30,30,23,30,54,49,49,53,31,55,17,66,54,57,48,48,52,52,45,45,45,45,45,14,14,9,33,8,64,66,66,42,42,22,46,17,41,41,41,65,65,53,44,68,0],"gold":142,"neow_bonus":"RANDOM_COMMON_RELIC","is_prod":false,"is_daily":false,"chose_seed":false,"campfire_upgraded":4,"win_rate":0,"timestamp":1547498775,"path_taken":["M","M","M","?","$","E","R","?","T","R","M","R","?","E","R","BOSS","M","?","M","$","M","R","?","?","T","?","R","E","$","M","R","BOSS","M","?","M","$","M","R","E","R","T","?","R","$","?","?","R","BOSS"],"build_version":"2019-01-10","purchased_purges":1,"victory":false,"max_hp_per_floor":[75,75,75,75,75,75,75,75,82,82,82,82,82,82,82,82,82,82,82,82,82,82,82,82,82,82,82,82,82,82,82,82,82,82,82,82,82,82,82,82,82,82,82,82,82,82,82,82,82,82],"card_choices":[{"not_picked":["Flex","Clothesline"],"picked":"Cleave","floor":1},{"not_picked":["Thunderclap","Twin Strike"],"picked":"Armaments","floor":2},{"not_picked":["Rage","Wild Strike"],"picked":"Shrug It Off","floor":3},{"not_picked":["Thunderclap","Power Through","Heavy Blade"],"picked":"SKIP","floor":6},{"not_picked":["Body Slam","Headbutt","Heavy Blade"],"picked":"SKIP","floor":11},{"not_picked":["Second Wind","Armaments"],"picked":"Whirlwind","floor":13},{"not_picked":["True Grit","Double Tap","Clash"],"picked":"SKIP","floor":14},{"not_picked":["Offering","Exhume"],"picked":"Barricade","floor":16},{"not_picked":["Iron Wave","Sentinel"],"picked":"Metallicize","floor":18},{"not_picked":["Anger","Power Through"],"picked":"Heavy Blade","floor":19},{"not_picked":["Pommel Strike","Infernal Blade","Perfected Strike"],"picked":"SKIP","floor":20},{"not_picked":["Clothesline","Perfected Strike"],"picked":"True Grit","floor":22},{"not_picked":["Seeing Red","Evolve","Perfected Strike"],"picked":"SKIP","floor":31},{"not_picked":["Juggernaut","Impervious"],"picked":"Demon Form","floor":33},{"not_picked":["Whirlwind","Fire Breathing"],"picked":"Sword Boomerang","floor":35},{"not_picked":["Warcry","Entrench","Havoc"],"picked":"SKIP","floor":37},{"not_picked":["Havoc","Cleave+1","Twin Strike"],"picked":"SKIP","floor":39},{"not_picked":["Heavy Blade+1","Warcry"],"picked":"Battle Trance+1","floor":41},{"not_picked":["Enlightenment","PanicButton"],"picked":"Discovery","floor":44},{"not_picked":["Warcry","Iron Wave"],"picked":"Limit Break","floor":48}],"player_experience":1108514,"relics_obtained":[{"floor":6,"key":"Mummified Hand"},{"floor":9,"key":"Strawberry"},{"floor":14,"key":"Tiny Chest"},{"floor":26,"key":"Kunai"},{"floor":41,"key":"Vajra"},{"floor":43,"key":"Bottled Tornado"}],"event_choices":[{"damage_healed":0,"gold_gain":0,"player_choice":"Take Damage","damage_taken":26,"relics_obtained":["Golden Idol"],"max_hp_gain":0,"max_hp_loss":0,"event_name":"Golden Idol","floor":4,"gold_loss":0},{"cards_removed":["Strike_R"],"damage_healed":0,"gold_gain":0,"player_choice":"Card Removal","damage_taken":7,"max_hp_gain":0,"max_hp_loss":0,"event_name":"Golden Wing","floor":8,"gold_loss":0},{"damage_healed":0,"gold_gain":0,"player_choice":"Fight","damage_taken":0,"max_hp_gain":0,"max_hp_loss":0,"event_name":"Colosseum","floor":24,"gold_loss":0},{"damage_healed":0,"gold_gain":0,"player_choice":"Fled From Nobs","damage_taken":0,"max_hp_gain":0,"max_hp_loss":0,"event_name":"Colosseum","floor":24,"gold_loss":0},{"damage_healed":0,"gold_gain":0,"player_choice":"Ignored","damage_taken":0,"max_hp_gain":0,"max_hp_loss":0,"event_name":"Vampires","floor":25,"gold_loss":0},{"cards_removed":["Rupture"],"damage_healed":0,"gold_gain":0,"player_choice":"Removed Power","damage_taken":0,"max_hp_gain":0,"max_hp_loss":0,"event_name":"Falling","floor":36,"gold_loss":0},{"damage_healed":0,"gold_gain":0,"player_choice":"Memory 1","damage_taken":0,"max_hp_gain":0,"max_hp_loss":0,"event_name":"SensoryStone","floor":44,"gold_loss":0},{"damage_healed":0,"gold_gain":0,"player_choice":"Damaged","damage_taken":12,"max_hp_gain":0,"max_hp_loss":0,"event_name":"Wheel of Change","floor":47,"gold_loss":0}],"is_beta":false,"boss_relics":[{"not_picked":["Runic Pyramid","Fusion Hammer"],"picked":"Pandora\u0027s Box"},{"not_picked":["Black Blood","Black Star"],"picked":"Sozu"}],"items_purged_floors":[21],"is_endless":false,"potions_floor_spawned":[11,13,16,19,24,39],"killed_by":"Awakened One","ascension_level":18}