{"gold_per_floor":[119,138,65,83,83,83,94,127,127,127,145,159,189,207,207,207],"floor_reached":16,"playtime":495,"items_purged":[],"score":154,"play_id":"9e0e30e2-cfd5-4ad5-bc75-dc0a993cc2e8","local_time":"20190705154141","is_ascension_mode":true,"campfire_choices":[{"data":"Bludgeon","floor":6,"key":"SMITH"},{"data":"Battle Trance","floor":10,"key":"SMITH"},{"floor":15,"key":"REST"}],"neow_cost":"NONE","seed_source_timestamp":151825476215,"circlet_count":0,"master_deck":["Strike_R","Strike_R","Strike_R","Strike_R","Strike_R","Defend_R","Defend_R","Defend_R","Defend_R","Bash","Bludgeon+1","Thunderclap","Battle Trance+1","Limit Break+1","Seeing Red"],"relics":["Burning Blood","Ancient Tea Set","Dodecahedron","WingedGreaves"],"potions_floor_usage":[16],"damage_taken":[{"damage":2,"enemies":"Jaw Worm","floor":1,"turns":3},{"damage":0,"enemies":"Cultist","floor":2,"turns":2},{"damage":8,"enemies":"2 Louse","floor":4,"turns":2},{"damage":8,"enemies":"2 Fungi Beasts","floor":7,"turns":4},{"damage":35,"enemies":"Lagavulin","floor":8,"turns":4},{"damage":7,"enemies":"Exordium Thugs","floor":11,"turns":4},{"damage":11,"enemies":"Blue Slaver","floor":12,"turns":3},{"damage":15,"enemies":"3 Sentries","floor":13,"turns":8},{"damage":0,"enemies":"Large Slime","floor":14,"turns":2},{"damage":62,"enemies":"The Guardian","floor":16,"turns":14}],"seed_played":"3761984049129785644","potions_obtained":[{"floor":2,"key":"Energy Potion"},{"floor":4,"key":"Block Potion"},{"floor":7,"key":"BloodPotion"}],"is_trial":false,"path_per_floor":["M","M","$","M","?","R","M","E","T","R","M","M","E","M","R","B"],"character_chosen":"IRONCLAD","items_purchased":["Limit Break"],"campfire_rested":1,"item_purchase_floors":[3],"current_hp_per_floor":[76,80,80,78,78,78,76,47,47,47,46,41,32,38,62,0],"gold":207,"neow_bonus":"ONE_RANDOM_RARE_CARD","is_prod":false,"is_daily":false,"chose_seed":false,"campfire_upgraded":2,"win_rate":0,"timestamp":1562334101,"path_taken":["M","M","$","M","?","R","M","E","T","R","M","?","E","M","R","BOSS"],"build_version":"2019-07-01","purchased_purges":0,"victory":false,"max_hp_per_floor":[80,80,80,80,80,80,80,80,80,80,80,80,80,80,80,80],"card_choices":[{"not_picked":["Intimidate","Cleave"],"picked":"Thunderclap","floor":1},{"not_picked":["Anger","Inflame"],"picked":"Battle Trance","floor":2},{"not_picked":["Hemokinesis","Blood for Blood","Thunderclap"],"picked":"SKIP","floor":4},{"not_picked":["Clash","Reckless Charge","Body Slam"],"picked":"SKIP","floor":7},{"not_picked":["Corruption","Inflame","Wild Strike"],"picked":"SKIP","floor":8},{"not_picked":["Clothesline","Juggernaut","Infernal Blade"],"picked":"SKIP","floor":11},{"not_picked":["Wild Strike","Hemokinesis","Feel No Pain"],"picked":"SKIP","floor":12},{"not_picked":["Perfected Strike","Power Through"],"picked":"Seeing Red","floor":13},{"not_picked":["Thunderclap","Sentinel","Shrug It Off"],"picked":"SKIP","floor":14}],"player_experience":163074,"relics_obtained":[{"floor":8,"key":"Ancient Tea Set"},{"floor":9,"key":"Dodecahedron"},{"floor":13,"key":"WingedGreaves"}],"event_choices":[{"damage_healed":0,"gold_gain":0,"player_choice":"Upgraded","damage_taken":0,"max_hp_gain":0,"max_hp_loss":0,"event_name":"Upgrade Shrine","floor":5,"gold_loss":0,"cards_upgraded":["Limit Break"]}],"is_beta":false,"boss_relics":[],"items_purged_floors":[],"is_endless":false,"potions_floor_spawned":[2,4,7,12,13],"killed_by":"The Guardian","ascension_level":7}