{"gold_per_floor":[109,127,139,289,339,339,351,351,351,371,371,371,390,404,404,404],"floor_reached":16,"playtime":398,"items_purged":[],"score":188,"play_id":"f9f24c76-1d3d-45fd-bba9-f5fbb61d2323","local_time":"20190127194608","is_ascension_mode":true,"campfire_choices":[{"data":"Zap","floor":6,"key":"SMITH"},{"data":"Dualcast","floor":8,"key":"SMITH"},{"floor":15,"key":"REST"}],"neow_cost":"PERCENT_DAMAGE","seed_source_timestamp":314705944156200,"circlet_count":0,"master_deck":["AscendersBane","Strike_B","Strike_B","Strike_B","Strike_B","Defend_B","Defend_B","Defend_B","Defend_B","Zap+1","Dualcast+1","Leap","Gash","Steam","Doubt","Beam Cell","Beam Cell","Parasite","Decay","Capacitor","Core Surge"],"relics":["Cracked Core","Unceasing Top","Mummified Hand"],"potions_floor_usage":[],"damage_taken":[{"damage":5,"enemies":"Small Slimes","floor":1,"turns":4},{"damage":4,"enemies":"Jaw Worm","floor":2,"turns":5},{"damage":1,"enemies":"Cultist","floor":3,"turns":4},{"damage":2,"enemies":"3 Louse","floor":7,"turns":4},{"damage":18,"enemies":"Red Slaver","floor":10,"turns":6},{"damage":9,"enemies":"2 Fungi Beasts","floor":13,"turns":3},{"damage":17,"enemies":"Looter","floor":14,"turns":4},{"damage":0,"enemies":"The Guardian","floor":16,"turns":2}],"seed_played":"-6675723329682754634","potions_obtained":[{"floor":2,"key":"FairyPotion"},{"floor":10,"key":"Dexterity Potion"}],"is_trial":false,"path_per_floor":["M","M","M","?","?","R","M","R","T","M","?","?","M","M","R","B"],"character_chosen":"DEFECT","items_purchased":[],"campfire_rested":1,"item_purchase_floors":[],"current_hp_per_floor":[41,37,36,36,36,36,34,34,34,16,33,33,24,7,28,28],"gold":404,"neow_bonus":"ONE_RARE_RELIC","is_prod":false,"is_daily":false,"chose_seed":false,"campfire_upgraded":2,"win_rate":0,"timestamp":1548618368,"path_taken":["M","M","M","?","?","R","M","R","T","?","?","?","?","M","R","BOSS"],"build_version":"2019-01-23","purchased_purges":0,"victory":false,"max_hp_per_floor":[71,71,71,71,71,71,71,71,71,71,71,71,71,71,71,71],"card_choices":[{"not_picked":["Go for the Eyes","Hologram"],"picked":"Leap","floor":1},{"not_picked":["Leap","Coolheaded"],"picked":"Gash","floor":2},{"not_picked":["Aggregate","Stack"],"picked":"Steam","floor":3},{"not_picked":["Steam","Loop"],"picked":"Beam Cell","floor":7},{"not_picked":["Tempest","Stack"],"picked":"Beam Cell","floor":10},{"not_picked":["Tempest","Beam Cell"],"picked":"Capacitor","floor":13},{"not_picked":["Genetic Algorithm","Chill"],"picked":"Core Surge","floor":14}],"player_experience":1237248,"relics_obtained":[{"floor":9,"key":"Mummified Hand"}],"event_choices":[{"damage_healed":0,"gold_gain":150,"player_choice":"AGREE","damage_taken":0,"max_hp_gain":0,"max_hp_loss":0,"event_name":"Liars Game","floor":4,"gold_loss":0,"cards_obtained":["Doubt"]},{"damage_healed":0,"gold_gain":50,"player_choice":"Pray","damage_taken":0,"max_hp_gain":0,"max_hp_loss":0,"event_name":"Golden Shrine","floor":5,"gold_loss":0},{"damage_healed":17,"gold_gain":0,"player_choice":"Healed and dodged fight","damage_taken":0,"max_hp_gain":0,"max_hp_loss":0,"event_name":"Mushrooms","floor":11,"gold_loss":0,"cards_obtained":["Parasite"]},{"damage_healed":0,"gold_gain":0,"player_choice":"Cursed","damage_taken":0,"max_hp_gain":0,"max_hp_loss":0,"event_name":"Wheel of Change","floor":12,"gold_loss":0,"cards_obtained":["Decay"]}],"is_beta":false,"boss_relics":[],"items_purged_floors":[],"is_endless":false,"potions_floor_spawned":[2,10],"killed_by":"The Guardian","ascension_level":20}