{"path_per_floor":["M","?","$","M","M","R","E","?","T","R","E","R","E","?","R","B",null,"M","M","?","M","?","R","E","R","T","M","R","M","$","M","R","B",null,"M","M","?","M","M","E","M","M","T","R","M","R","M","?","R","B"],"character_chosen":"THE_SILENT","items_purchased":["Gremlin Horn","Quick Slash","Gambling Chip","Infinite Blades"],"gold_per_floor":[359,309,40,50,62,62,93,168,168,168,202,202,230,292,292,388,388,388,388,388,388,388,388,388,388,388,388,388,388,6,6,6,6,6,6,6,6,6,6,6,6,6,6,6,6,6,6,0,0,0],"floor_reached":51,"campfire_rested":0,"playtime":4803,"current_hp_per_floor":[60,60,60,60,60,60,48,37,51,51,41,41,21,17,17,13,77,77,77,77,67,58,58,58,58,58,55,55,55,55,55,55,48,82,82,82,82,77,77,77,63,63,63,63,63,63,63,63,63,55],"items_purged":[],"gold":0,"play_id":"443268d1-f1ee-4cfe-982e-5fd4774b3f92","is_prod":false,"is_daily":false,"campfire_rituals":0,"campfire_upgraded":8,"is_hardmode":false,"path_taken":["M","?","$","M","M","R","E","?","T","R","E","R","E","?","R","BOSS","M","M","?","?","?","R","E","R","T","M","R","M","$","M","R","BOSS","M","M","?","M","M","E","M","?","T","R","M","R","M","?","R","BOSS"],"build_version":"2018-01-11-PROD2","purchased_purges":0,"victory":true,"master_deck":["Defend_G","Defend_G","Defend_G","Defend_G","Strike_G","Strike_G","Strike_G","Strike_G","Strike_G","Survivor","Neutralize","Dash","Quick Slash","Dash","Endless Agony","Footwork","Quick Slash","Noxious Fumes","Backflip","Envenom","Backflip","Calculated Gamble","Blur","Dodge and Roll","Backflip","Endless Agony","Infinite Blades","Backstab","After Image","Escape Plan","Noxious Fumes","Malaise","Cloak And Dagger","Noxious Fumes","Sucker Punch","A Thousand Cuts","Heel Hook","Cloak And Dagger","Quick Slash"],"max_hp_per_floor":[63,63,63,63,63,63,63,63,77,77,77,77,77,77,77,77,77,77,77,77,77,82,82,82,82,82,82,82,82,82,82,82,82,82,82,82,82,82,82,82,82,82,82,82,82,82,82,82,82,82],"relics":["Ring of the Snake","Gremlin Horn","Tingsha","Mango","Bottled Flame","Centennial Puzzle","Girya","Ectoplasm","Paper Crane","Peace Pipe","Gambling Chip","Sozu","Du-Vu Doll","Toxic Egg","Whetstone","Red Mask"],"campfire_meditates":0,"card_choices":[{"not_picked":["Riddle With Holes","Dodge and Roll"],"picked":"Dash"},{"not_picked":["Quick Slash","Predator"],"picked":"Dash"},{"not_picked":["Bouncing Flask","Skewer"],"picked":"Endless Agony"},{"not_picked":["Cloak And Dagger","Reflex"],"picked":"Footwork"},{"not_picked":["Prepared","Deadly Poison"],"picked":"Quick Slash"},{"not_picked":["Prepared","Corpse Explosion"],"picked":"Noxious Fumes"},{"not_picked":["Crippling Poison","All Out Attack"],"picked":"Backflip"},{"not_picked":["Venomology","Doppelganger"],"picked":"Envenom"},{"not_picked":["Acrobatics","Leg Sweep"],"picked":"Backflip"},{"not_picked":["Bouncing Flask","Outmaneuver"],"picked":"Calculated Gamble"},{"not_picked":["Poisoned Stab","Night Terror"],"picked":"Blur"},{"not_picked":["Infinite Blades","Underhanded Strike"],"picked":"Dodge and Roll"},{"not_picked":["Acrobatics","Infinite Blades"],"picked":"Backflip"},{"not_picked":["Outmaneuver","Accuracy"],"picked":"Endless Agony"},{"not_picked":["Dodge and Roll","Crippling Poison"],"picked":"Backstab"},{"not_picked":["Night Terror","Glass Knife"],"picked":"After Image"},{"not_picked":["Eviscerate","Malaise"],"picked":"Escape Plan"},{"not_picked":["Dodge and Roll","PiercingWail"],"picked":"Noxious Fumes"},{"not_picked":["Bouncing Flask","Heel Hook"],"picked":"Malaise"},{"not_picked":["Dagger Throw","Outmaneuver"],"picked":"Cloak And Dagger"},{"not_picked":["Terror","Sucker Punch"],"picked":"Noxious Fumes"},{"not_picked":["Prepared","Flying Knee"],"picked":"Sucker Punch"},{"not_picked":["Poisoned Stab","Prepared"],"picked":"A Thousand Cuts"},{"not_picked":["Leg Sweep","Dagger Throw"],"picked":"Heel Hook"},{"not_picked":["Deflect","Prepared"],"picked":"Cloak And Dagger"},{"not_picked":["Heel Hook","Deadly Poison"],"picked":"Quick Slash"}],"player_experience":119724,"potions_floor_usage":[7,14,16,16,19,33],"damage_taken":[{"damage":3,"enemies":"Small Slimes","floor":1,"turns":6},{"damage":0,"enemies":"2 Louse","floor":4,"turns":2},{"damage":0,"enemies":"Blue Slaver","floor":5,"turns":4},{"damage":12,"enemies":"Lagavulin","floor":7,"turns":8},{"damage":10,"enemies":"Gremlin Nob","floor":11,"turns":4},{"damage":20,"enemies":"3 Sentries","floor":13,"turns":7},{"damage":4,"enemies":"Lagavulin Event","floor":14,"turns":6},{"damage":4,"enemies":"The Guardian","floor":16,"turns":13},{"damage":0,"enemies":"3 Byrds","floor":18,"turns":4},{"damage":0,"enemies":"Spheric Guardian","floor":19,"turns":3},{"damage":10,"enemies":"Snake Plant","floor":21,"turns":5},{"damage":0,"enemies":"Book of Stabbing","floor":24,"turns":6},{"damage":3,"enemies":"3 Cultists","floor":27,"turns":4},{"damage":0,"enemies":"Centurion and Healer","floor":29,"turns":5},{"damage":0,"enemies":"Snake Plant","floor":31,"turns":3},{"damage":7,"enemies":"Automaton","floor":33,"turns":7},{"damage":0,"enemies":"3 Darklings","floor":35,"turns":4},{"damage":0,"enemies":"Orb Walker","floor":36,"turns":3},{"damage":0,"enemies":"Mysterious Sphere","floor":37,"turns":4},{"damage":5,"enemies":"4 Shapes","floor":38,"turns":4},{"damage":0,"enemies":"3 Darklings","floor":39,"turns":3},{"damage":0,"enemies":"Giant Head","floor":40,"turns":7},{"damage":14,"enemies":"Sphere and 2 Shapes","floor":41,"turns":4},{"damage":0,"enemies":"Maw","floor":42,"turns":6},{"damage":0,"enemies":"3 Darklings","floor":45,"turns":5},{"damage":0,"enemies":"Sphere and 2 Shapes","floor":47,"turns":4},{"damage":8,"enemies":"Time Eater","floor":50,"turns":9}],"event_choices":[{"event_name":"The Cleric","player_choice":"Card Removal","floor":2,"damage_taken":0},{"event_name":"World of Goop","player_choice":"Gather Gold","floor":8,"damage_taken":0},{"event_name":"Dead Adventurer","player_choice":"Searched \u00272\u0027 times","floor":14,"damage_taken":0},{"event_name":"Back to Basics","player_choice":"Simplicity","floor":20,"damage_taken":0},{"event_name":"Forgotten Altar","player_choice":"Shed Blood","floor":22,"damage_taken":0},{"event_name":"Mysterious Sphere","player_choice":"Fight","floor":37,"damage_taken":0},{"event_name":"Tomb of Lord Red Mask","player_choice":"Paid","floor":48,"damage_taken":0}],"boss_relics":[{"not_picked":["Runic Dome","Question Card"],"picked":"Ectoplasm"},{"not_picked":["Tiny House","Black Star"],"picked":"Sozu"}],"potions_floor_spawned":[1,5,13,14,14,24,27,31,33,35,37,39,40,45,47],"seed_played":"6084954011446628810","is_trial":false}