{"gold_per_floor":[110,127,146,2,15,15,27,27,27,37,48,58,58,73,73,169,169,180,180,180,194,194],"floor_reached":22,"playtime":1140,"items_purged":[],"score":182,"play_id":"ba14fa38-7d33-4d18-aa09-67899ab13eb8","local_time":"20190703092653","is_ascension_mode":false,"campfire_choices":[{"data":"Reinforced Body","floor":6,"key":"SMITH"},{"data":"Chill","floor":8,"key":"SMITH"},{"floor":15,"key":"REST"}],"neow_cost":"NONE","seed_source_timestamp":999152376276504,"circlet_count":0,"master_deck":["Strike_B","Strike_B","Strike_B","Strike_B","Defend_B","Defend_B","Defend_B","Defend_B","Zap","Dualcast","Loop","Reinforced Body+1","Consume","Cold Snap","Chill+1","Shame","Defragment+1","Genetic Algorithm","Rip and Tear","Loop","Amplify","Biased Cognition","Undo+1","Leap"],"relics":["Cursed Key","Dream Catcher","Peace Pipe","Bird Faced Urn","Eternal Feather"],"potions_floor_usage":[16],"damage_taken":[{"damage":0,"enemies":"2 Louse","floor":1,"turns":2},{"damage":5,"enemies":"Cultist","floor":2,"turns":4},{"damage":3,"enemies":"Jaw Worm","floor":3,"turns":4},{"damage":0,"enemies":"3 Louse","floor":5,"turns":4},{"damage":10,"enemies":"Red Slaver","floor":7,"turns":4},{"damage":0,"enemies":"Lots of Slimes","floor":10,"turns":6},{"damage":0,"enemies":"Looter","floor":11,"turns":4},{"damage":2,"enemies":"Blue Slaver","floor":12,"turns":4},{"damage":2,"enemies":"Large Slime","floor":14,"turns":7},{"damage":30,"enemies":"The Guardian","floor":16,"turns":9},{"damage":6,"enemies":"Shell Parasite","floor":18,"turns":9},{"damage":12,"enemies":"3 Byrds","floor":21,"turns":7},{"damage":51,"enemies":"3 Cultists","floor":22,"turns":8}],"seed_played":"8600067323400178856","potions_obtained":[{"floor":1,"key":"Energy Potion"},{"floor":7,"key":"SkillPotion"},{"floor":10,"key":"Ancient Potion"},{"floor":21,"key":"GamblersBrew"}],"is_trial":false,"path_per_floor":["M","M","M","$","M","R","M","R","T","M","M","M","?","M","R","B",null,"M","?","?","M","M"],"character_chosen":"DEFECT","items_purchased":["Dream Catcher"],"campfire_rested":1,"item_purchase_floors":[4],"current_hp_per_floor":[75,70,67,67,67,67,57,57,57,57,57,55,43,45,67,43,75,74,60,60,54,9],"gold":194,"neow_bonus":"BOSS_RELIC","is_prod":false,"is_daily":false,"chose_seed":false,"campfire_upgraded":2,"win_rate":0,"timestamp":1562171213,"path_taken":["M","M","M","$","M","R","M","R","T","M","M","M","?","M","R","BOSS","M","?","?","?","M"],"build_version":"2019-07-01","purchased_purges":0,"victory":false,"max_hp_per_floor":[75,75,75,75,75,75,75,75,75,75,75,75,75,75,75,75,75,75,80,80,80,80],"card_choices":[{"not_picked":["Barrage","Turbo"],"picked":"Loop","floor":1},{"not_picked":["Coolheaded","Streamline"],"picked":"Reinforced Body","floor":2},{"not_picked":["Lockon","Sweeping Beam"],"picked":"Consume","floor":3},{"not_picked":["Turbo","Leap"],"picked":"Cold Snap","floor":5},{"not_picked":["Hello World","Rip and Tear"],"picked":"Chill","floor":7},{"not_picked":["Ball Lightning","Turbo"],"picked":"Defragment","floor":10},{"not_picked":["Cold Snap","Hologram"],"picked":"Genetic Algorithm","floor":11},{"not_picked":["Cold Snap","Leap"],"picked":"Rip and Tear","floor":12},{"not_picked":["Streamline","Static Discharge"],"picked":"Loop","floor":14},{"not_picked":["Auto Shields","Steam"],"picked":"Amplify","floor":15},{"not_picked":["Fission","Amplify"],"picked":"Biased Cognition","floor":16},{"not_picked":["Sunder","Stack"],"picked":"Undo+1","floor":18},{"not_picked":["Steam","Auto Shields+1"],"picked":"Leap","floor":21}],"player_experience":611453,"relics_obtained":[{"floor":9,"key":"Peace Pipe"}],"event_choices":[{"damage_healed":0,"gold_gain":0,"player_choice":"Success","damage_taken":12,"relics_obtained":["Bird Faced Urn"],"max_hp_gain":0,"max_hp_loss":0,"event_name":"Scrap Ooze","floor":13,"gold_loss":0},{"damage_healed":0,"gold_gain":0,"player_choice":"Shed Blood","damage_taken":19,"max_hp_gain":5,"max_hp_loss":0,"event_name":"Forgotten Altar","floor":19,"gold_loss":0},{"damage_healed":0,"gold_gain":0,"player_choice":"Forge","damage_taken":0,"max_hp_gain":0,"max_hp_loss":0,"event_name":"Accursed Blacksmith","floor":20,"gold_loss":0,"cards_upgraded":["Defragment"]}],"is_beta":false,"boss_relics":[{"not_picked":["Calling Bell","Tiny House"],"picked":"Eternal Feather"}],"items_purged_floors":[],"is_endless":false,"potions_floor_spawned":[1,7,10,12,14,21],"killed_by":"3 Cultists","ascension_level":0}