{"gold_per_floor":[113,128,128,146,166,166,199,75,127,214,245,245,245,280,280,352,352,368,368,382,396,396,396,427,427,427,447,461,461,486,71,71,71],"floor_reached":33,"playtime":1398,"items_purged":["Strike_B","Writhe"],"score":506,"play_id":"5b84af1a-3fa4-494d-a9a7-7d98c3e95c74","local_time":"20190705232243","is_ascension_mode":true,"campfire_choices":[{"floor":6,"key":"REST"},{"floor":13,"key":"REST"},{"data":"Zap","floor":15,"key":"SMITH"},{"floor":23,"key":"REST"},{"floor":25,"key":"REST"},{"floor":29,"key":"REST"},{"floor":32,"key":"REST"}],"neow_cost":"NONE","seed_source_timestamp":1075000346809679,"circlet_count":0,"master_deck":["AscendersBane","Strike_B+1","Strike_B+1","Defend_B+1","Defend_B+1","Defend_B+1","Defend_B+1","Zap+1","Dualcast","Sweeping Beam","Rebound","Compile Driver","Cold Snap","Leap","Reboot","Sunder","Rainbow","Injury","Injury","Leap+1","Conserve Battery","Hologram","Redo+1"],"relics":["Cracked Core","Pear","PreservedInsect","Tiny Chest","Strawberry","Turnip","Boot","Calling Bell","Vajra","Ornamental Fan","Emotion Chip","Sundial","Gambling Chip","Bottled Flame","Bag of Preparation","Thread and Needle"],"potions_floor_usage":[7,21,21],"damage_taken":[{"damage":0,"enemies":"2 Louse","floor":1,"turns":2},{"damage":0,"enemies":"Cultist","floor":2,"turns":3},{"damage":13,"enemies":"Small Slimes","floor":4,"turns":3},{"damage":11,"enemies":"Blue Slaver","floor":5,"turns":4},{"damage":13,"enemies":"3 Sentries","floor":7,"turns":7},{"damage":28,"enemies":"Lagavulin Event","floor":10,"turns":5},{"damage":19,"enemies":"Lagavulin","floor":11,"turns":7},{"damage":16,"enemies":"Gremlin Nob","floor":14,"turns":3},{"damage":15,"enemies":"The Guardian","floor":16,"turns":14},{"damage":14,"enemies":"3 Byrds","floor":18,"turns":5},{"damage":17,"enemies":"Shell Parasite","floor":20,"turns":8},{"damage":45,"enemies":"3 Cultists","floor":21,"turns":6},{"damage":18,"enemies":"Slavers","floor":24,"turns":4},{"damage":4,"enemies":"Centurion and Healer","floor":27,"turns":8},{"damage":21,"enemies":"Sentry and Sphere","floor":28,"turns":8},{"damage":73,"enemies":"Automaton","floor":33,"turns":10}],"seed_played":"-5726954843910995404","potions_obtained":[{"floor":4,"key":"Dexterity Potion"},{"floor":5,"key":"Ancient Potion"},{"floor":11,"key":"FocusPotion"},{"floor":24,"key":"Poison Potion"}],"is_trial":false,"path_per_floor":["M","M","?","M","M","R","E","$","T","?","E","T","R","E","R","B",null,"M","?","M","M","?","R","E","R","T","M","M","R","T","$","R","B"],"character_chosen":"DEFECT","items_purchased":["Fire Potion","Thread and Needle"],"campfire_rested":6,"item_purchase_floors":[8,31],"current_hp_per_floor":[71,71,71,58,47,70,67,67,67,39,27,27,55,39,39,24,77,63,63,46,1,1,29,11,39,39,35,14,42,42,42,70,0],"gold":71,"neow_bonus":"TEN_PERCENT_HP_BONUS","is_prod":false,"is_daily":false,"chose_seed":false,"campfire_upgraded":1,"win_rate":0,"timestamp":1562383363,"path_taken":["M","M","?","?","M","R","E","?","T","?","E","?","R","E","R","BOSS","M","?","?","M","?","R","E","R","T","M","M","R","?","$","R","BOSS"],"build_version":"2019-07-05","purchased_purges":2,"victory":false,"max_hp_per_floor":[78,78,78,78,78,78,88,88,88,88,95,95,95,95,95,95,95,95,95,95,95,95,95,95,95,95,95,95,95,95,95,95,95],"card_choices":[{"not_picked":["Hologram","Fusion"],"picked":"Sweeping Beam","floor":1},{"not_picked":["Coolheaded","Heatsinks"],"picked":"Rebound","floor":2},{"not_picked":["Storm","Steam Power"],"picked":"Compile Driver","floor":4},{"not_picked":["Sweeping Beam","Tempest"],"picked":"Cold Snap","floor":5},{"not_picked":["Fusion","Double Energy"],"picked":"Leap","floor":7},{"not_picked":["Cold Snap","Loop"],"picked":"Reboot","floor":10},{"not_picked":["Go for the Eyes","Cold Snap"],"picked":"Sunder","floor":11},{"not_picked":["Go for the Eyes","Scrape"],"picked":"Hyperbeam","floor":14},{"not_picked":["Reboot","Amplify"],"picked":"Rainbow","floor":16},{"not_picked":["Scrape","Steam"],"picked":"Leap+1","floor":18},{"not_picked":["All For One","Compile Driver","Stack"],"picked":"SKIP","floor":20},{"not_picked":["Skim","Reinforced Body"],"picked":"Conserve Battery","floor":21},{"not_picked":["Reprogram","Storm+1","Coolheaded"],"picked":"SKIP","floor":24},{"not_picked":["Sunder","Gash"],"picked":"Hologram","floor":27},{"not_picked":["Hologram","Rebound"],"picked":"Redo+1","floor":28}],"player_experience":457562,"relics_obtained":[{"floor":7,"key":"Pear"},{"floor":9,"key":"PreservedInsect"},{"floor":10,"key":"Tiny Chest"},{"floor":11,"key":"Strawberry"},{"floor":12,"key":"Turnip"},{"floor":14,"key":"Boot"},{"floor":17,"key":"Vajra"},{"floor":17,"key":"Ornamental Fan"},{"floor":17,"key":"Emotion Chip"},{"floor":24,"key":"Gambling Chip"},{"floor":26,"key":"Bottled Flame"},{"floor":30,"key":"Bag of Preparation"}],"event_choices":[{"cards_removed":["Strike_B"],"damage_healed":0,"gold_gain":0,"player_choice":"Purged","damage_taken":0,"max_hp_gain":0,"max_hp_loss":0,"event_name":"Purifier","floor":3,"gold_loss":0},{"damage_healed":0,"gold_gain":30,"player_choice":"Searched \u00272\u0027 times","damage_taken":0,"max_hp_gain":0,"max_hp_loss":0,"event_name":"Dead Adventurer","floor":10,"gold_loss":0},{"cards_removed":["Hyperbeam"],"damage_healed":0,"gold_gain":0,"player_choice":"Gave Card","damage_taken":0,"relics_obtained":["Sundial"],"max_hp_gain":0,"max_hp_loss":0,"event_name":"WeMeetAgain","floor":19,"gold_loss":0},{"damage_healed":0,"gold_gain":0,"player_choice":"Simplicity","damage_taken":0,"max_hp_gain":0,"max_hp_loss":0,"event_name":"Back to Basics","floor":22,"gold_loss":0,"cards_upgraded":["Strike_B","Strike_B","Defend_B","Defend_B","Defend_B","Defend_B"]}],"is_beta":false,"boss_relics":[{"not_picked":["Eternal Feather","White Beast Statue"],"picked":"Calling Bell"}],"items_purged_floors":[8,31],"is_endless":false,"potions_floor_spawned":[4,5,11,14,16,18,20,24],"killed_by":"Automaton","ascension_level":14}