{"gold_per_floor":[115,115,115,139,150,181,196,196,196,225,241,241,252,264,264,338,338,358,372,389,304,138,138],"floor_reached":23,"playtime":1029,"items_purged":["Pain"],"score":433,"play_id":"a0f8a27d-dd65-46a0-b090-46417e64d55c","local_time":"20190114221457","is_ascension_mode":true,"campfire_choices":[{"data":"Bash","floor":12,"key":"SMITH"},{"data":"Juggernaut","floor":15,"key":"SMITH"}],"neow_cost":"NONE","seed_source_timestamp":326527915974116,"circlet_count":0,"master_deck":["AscendersBane","Strike_R","Strike_R","Strike_R","Strike_R","Strike_R","Defend_R","Defend_R","Defend_R","Defend_R","Bash+1","Shrug It Off","Juggernaut+1","Iron Wave","Flex+1","Shrug It Off+1","Barricade","Armaments+1","Shrug It Off+1","Iron Wave+1","Flash of Steel"],"relics":["Burning Blood","NeowsBlessing","Bag of Marbles","Pen Nib","WarpedTongs","Toxic Egg 2","Happy Flower","Sozu","Dodecahedron"],"potions_floor_usage":[10,13,16,18],"damage_taken":[{"damage":0,"enemies":"Small Slimes","floor":1,"turns":1},{"damage":0,"enemies":"Jaw Worm","floor":5,"turns":1},{"damage":0,"enemies":"Gremlin Nob","floor":6,"turns":1},{"damage":7,"enemies":"2 Louse","floor":7,"turns":4},{"damage":19,"enemies":"3 Sentries","floor":10,"turns":6},{"damage":1,"enemies":"Red Slaver","floor":11,"turns":2},{"damage":3,"enemies":"Gremlin Gang","floor":13,"turns":3},{"damage":17,"enemies":"3 Louse","floor":14,"turns":4},{"damage":44,"enemies":"Hexaghost","floor":16,"turns":12},{"damage":25,"enemies":"Shell Parasite","floor":18,"turns":4},{"damage":5,"enemies":"Chosen","floor":19,"turns":4},{"damage":19,"enemies":"Centurion and Healer","floor":20,"turns":7},{"damage":32,"enemies":"Book of Stabbing","floor":23,"turns":4}],"seed_played":"-5528106935192555408","potions_obtained":[{"floor":5,"key":"AttackPotion"},{"floor":7,"key":"Explosive Potion"},{"floor":13,"key":"FearPotion"},{"floor":14,"key":"Block Potion"},{"floor":16,"key":"Swift Potion"}],"is_trial":false,"path_per_floor":["M","?","?","T","M","E","M","?","T","E","M","R","M","M","R","B",null,"M","M","M","?","$","E"],"character_chosen":"IRONCLAD","items_purchased":["Flash of Steel"],"campfire_rested":0,"item_purchase_floors":[22],"current_hp_per_floor":[74,74,74,74,75,75,74,74,74,61,66,66,69,58,58,20,61,42,43,30,30,30,0],"gold":138,"neow_bonus":"THREE_ENEMY_KILL","is_prod":false,"is_daily":false,"chose_seed":false,"campfire_upgraded":2,"win_rate":0,"timestamp":1547504097,"path_taken":["M","?","?","?","?","E","M","?","T","E","M","R","M","?","R","BOSS","M","?","M","?","$","E"],"build_version":"2019-01-10","purchased_purges":1,"victory":false,"max_hp_per_floor":[75,75,75,75,75,75,75,75,75,75,75,75,75,75,75,75,75,75,75,75,75,75,75],"card_choices":[{"not_picked":["Flex","Iron Wave"],"picked":"Shrug It Off","floor":1},{"not_picked":["Wild Strike","Sentinel","Rupture"],"picked":"SKIP","floor":5},{"not_picked":["Reckless Charge","True Grit"],"picked":"Juggernaut","floor":6},{"not_picked":["Wild Strike","Uppercut"],"picked":"Iron Wave","floor":7},{"not_picked":["Rupture","Uppercut"],"picked":"Flex+1","floor":10},{"not_picked":["Sword Boomerang","Reckless Charge","Power Through+1"],"picked":"SKIP","floor":11},{"not_picked":["Wild Strike","Brutality","Dual Wield+1"],"picked":"SKIP","floor":13},{"not_picked":["Warcry+1","Dual Wield+1"],"picked":"Shrug It Off+1","floor":14},{"not_picked":["Double Tap+1","Berserk"],"picked":"Barricade","floor":16},{"not_picked":["True Grit+1","Inflame"],"picked":"Armaments+1","floor":18},{"not_picked":["Perfected Strike","Carnage"],"picked":"Shrug It Off+1","floor":19},{"not_picked":["Heavy Blade","Second Wind+1"],"picked":"Iron Wave+1","floor":20}],"player_experience":1111743,"relics_obtained":[{"floor":4,"key":"Bag of Marbles"},{"floor":6,"key":"Pen Nib"},{"floor":9,"key":"Toxic Egg 2"},{"floor":10,"key":"Happy Flower"}],"event_choices":[{"damage_healed":0,"gold_gain":0,"player_choice":"Leave","damage_taken":0,"max_hp_gain":0,"max_hp_loss":0,"event_name":"The Cleric","floor":2,"gold_loss":0},{"damage_healed":0,"gold_gain":0,"player_choice":"Ignored","damage_taken":0,"max_hp_gain":0,"max_hp_loss":0,"event_name":"Liars Game","floor":3,"gold_loss":0},{"damage_healed":0,"gold_gain":0,"player_choice":"Rummage","damage_taken":0,"relics_obtained":["WarpedTongs"],"max_hp_gain":0,"max_hp_loss":0,"event_name":"Accursed Blacksmith","floor":8,"gold_loss":0,"cards_obtained":["Pain"]},{"damage_healed":0,"gold_gain":0,"player_choice":"Obtained Relic","damage_taken":0,"relics_obtained":["Dodecahedron"],"max_hp_gain":0,"max_hp_loss":0,"event_name":"Addict","floor":21,"gold_loss":85}],"is_beta":false,"boss_relics":[{"not_picked":["Eternal Feather","Runic Pyramid"],"picked":"Sozu"}],"items_purged_floors":[22],"is_endless":false,"potions_floor_spawned":[5,7,13,14,16,20],"killed_by":"Book of Stabbing","ascension_level":18}