{"gold_per_floor":[115,115,65,81,99,126,143,170,170,170,183,209,226,66,66,167,167,92,92,92,92,92,92,13,13,13,13,13,13,13,13,13,13,13,13,13,13,13,13,13,13,13,13,13,13,13,13],"floor_reached":47,"playtime":2469,"items_purged":[],"score":649,"play_id":"a9531201-3915-4526-abde-7d024fb4b565","local_time":"20190313213916","is_ascension_mode":true,"campfire_choices":[{"floor":10,"key":"REST"},{"data":"Cloak And Dagger","floor":15,"key":"SMITH"},{"data":"Noxious Fumes","floor":25,"key":"SMITH"},{"data":"Noxious Fumes","floor":30,"key":"SMITH"},{"floor":32,"key":"REST"},{"floor":40,"key":"REST"},{"data":"Accuracy","floor":46,"key":"SMITH"}],"neow_cost":"NONE","seed_source_timestamp":1104314356536098,"circlet_count":0,"master_deck":["Defend_G","Defend_G","Defend_G","Defend_G","Defend_G","Strike_G","Strike_G","Strike_G","Survivor","Neutralize","Adrenaline","Cloak And Dagger","Noxious Fumes+1","Burst","PiercingWail","Skewer","Predator","Cloak And Dagger+1","Die Die Die","Cloak And Dagger+1","After Image+1","Cloak And Dagger","Phantasmal Killer","Predator","Blade Dance+1","Blade Dance","Backflip","PiercingWail","Noxious Fumes+1","Choke","Accuracy+1","Envenom","Choke+1","Sucker Punch+1","A Thousand Cuts"],"relics":["Ring of the Snake","PreservedInsect","Mango","Pocketwatch","The Specimen","Torii","Ectoplasm","Smiling Mask","Girya","Thread and Needle","Dream Catcher","Empty Cage","Peace Pipe","Du-Vu Doll","Pantograph","Letter Opener","Calipers","War Paint"],"potions_floor_usage":[12,23,39,47,47],"damage_taken":[{"damage":5,"enemies":"Jaw Worm","floor":1,"turns":4},{"damage":1,"enemies":"Small Slimes","floor":4,"turns":4},{"damage":0,"enemies":"Cultist","floor":5,"turns":3},{"damage":27,"enemies":"Gremlin Nob","floor":6,"turns":5},{"damage":2,"enemies":"Lots of Slimes","floor":7,"turns":4},{"damage":22,"enemies":"3 Sentries","floor":8,"turns":6},{"damage":2,"enemies":"Blue Slaver","floor":11,"turns":3},{"damage":3,"enemies":"Lagavulin","floor":12,"turns":5},{"damage":10,"enemies":"Exordium Wildlife","floor":13,"turns":5},{"damage":6,"enemies":"The Guardian","floor":16,"turns":14},{"damage":1,"enemies":"2 Thieves","floor":18,"turns":5},{"damage":1,"enemies":"Shell Parasite","floor":19,"turns":6},{"damage":1,"enemies":"Centurion and Healer","floor":21,"turns":5},{"damage":6,"enemies":"Shelled Parasite and Fungi","floor":22,"turns":4},{"damage":20,"enemies":"Slavers","floor":23,"turns":3},{"damage":0,"enemies":"Snake Plant","floor":31,"turns":6},{"damage":33,"enemies":"Automaton","floor":33,"turns":10},{"damage":1,"enemies":"3 Shapes","floor":35,"turns":4},{"damage":0,"enemies":"Mind Bloom Boss Battle","floor":36,"turns":8},{"damage":0,"enemies":"Orb Walker","floor":38,"turns":3},{"damage":58,"enemies":"2 Orb Walkers","floor":39,"turns":7},{"damage":23,"enemies":"Nemesis","floor":41,"turns":7},{"damage":15,"enemies":"Reptomancer","floor":44,"turns":6},{"damage":34,"enemies":"Transient","floor":47,"turns":5}],"seed_played":"-9000351092693630759","potions_obtained":[{"floor":1,"key":"EntropicBrew"},{"floor":4,"key":"GamblersBrew"},{"floor":8,"key":"GhostInAJar"},{"floor":21,"key":"Ancient Potion"},{"floor":33,"key":"Strength Potion"},{"floor":38,"key":"Regen Potion"},{"floor":44,"key":"Explosive Potion"}],"is_trial":false,"path_per_floor":["M","?","?","M","M","E","M","E","T","R","M","E","M","$","R","B",null,"M","M","?","M","M","E","$","R","T","?","$","T","R","M","R","B",null,"M","?","?","M","?","R","E","T","T","E","$","R","M"],"character_chosen":"THE_SILENT","items_purchased":["After Image","Cloak And Dagger","Noxious Fumes"],"campfire_rested":3,"item_purchase_floors":[14,14,24],"current_hp_per_floor":[65,65,65,64,64,51,49,27,27,52,50,47,37,37,37,31,84,83,82,82,81,75,55,55,55,55,55,55,55,55,55,80,47,84,83,83,80,80,37,61,38,38,38,23,23,23,0],"gold":13,"neow_bonus":"ONE_RANDOM_RARE_CARD","is_prod":false,"is_daily":false,"chose_seed":false,"campfire_upgraded":4,"win_rate":0,"timestamp":1552527556,"path_taken":["M","?","?","M","M","E","M","E","T","R","M","E","M","$","R","BOSS","M","M","?","?","M","E","?","R","T","?","$","?","R","M","R","BOSS","M","?","?","M","?","R","E","?","T","E","$","R","M"],"build_version":"2019-01-23","purchased_purges":0,"victory":false,"max_hp_per_floor":[70,70,70,70,70,84,84,84,84,84,84,84,84,84,84,84,84,84,84,84,84,84,84,84,84,84,84,84,84,84,84,84,84,84,84,84,80,80,80,80,80,80,80,80,80,80,80],"card_choices":[{"not_picked":["Heel Hook","Outmaneuver"],"picked":"Cloak And Dagger","floor":1},{"not_picked":["Blade Dance","Dash"],"picked":"Noxious Fumes","floor":4},{"not_picked":["Dagger Throw","Setup"],"picked":"Burst","floor":5},{"not_picked":["Bane","Unload"],"picked":"PiercingWail","floor":6},{"not_picked":["Sucker Punch","Masterful Stab"],"picked":"Skewer","floor":7},{"not_picked":["Acrobatics","Dodge and Roll"],"picked":"Predator","floor":8},{"not_picked":["Underhanded Strike","Bane"],"picked":"Cloak And Dagger","floor":11},{"not_picked":["Deflect","Terror"],"picked":"Die Die Die","floor":12},{"not_picked":["Prepared","Underhanded Strike"],"picked":"Cloak And Dagger","floor":13},{"not_picked":["Unload","Wraith Form v2"],"picked":"Phantasmal Killer","floor":16},{"not_picked":["Concentrate","Cloak And Dagger"],"picked":"Predator","floor":18},{"not_picked":["Flying Knee","Dagger Spray"],"picked":"Blade Dance","floor":19},{"not_picked":["Dagger Spray","Underhanded Strike"],"picked":"Blade Dance","floor":21},{"not_picked":["Well Laid Plans","Backstab"],"picked":"Backflip","floor":22},{"not_picked":["Bullet Time","Quick Slash"],"picked":"PiercingWail","floor":23},{"not_picked":["Sucker Punch","Dagger Spray"],"picked":"Choke","floor":31},{"not_picked":["Predator","Blur"],"picked":"Accuracy","floor":32},{"not_picked":["Adrenaline","Phantasmal Killer"],"picked":"Envenom","floor":33},{"not_picked":["Sucker Punch+1","Underhanded Strike","Dodge and Roll+1"],"picked":"SKIP","floor":35},{"not_picked":["Deflect+1","Backflip+1"],"picked":"Choke+1","floor":36},{"not_picked":["Blade Dance+1","Dagger Throw+1"],"picked":"Sucker Punch+1","floor":38},{"not_picked":["Outmaneuver","Eviscerate+1","Dodge and Roll+1"],"picked":"SKIP","floor":41},{"not_picked":["Underhanded Strike+1","Bane"],"picked":"A Thousand Cuts","floor":44}],"player_experience":294140,"relics_obtained":[{"floor":6,"key":"Mango"},{"floor":8,"key":"Pocketwatch"},{"floor":9,"key":"The Specimen"},{"floor":12,"key":"Torii"},{"floor":23,"key":"Smiling Mask"},{"floor":26,"key":"Girya"},{"floor":29,"key":"Dream Catcher"},{"floor":36,"key":"Peace Pipe"},{"floor":39,"key":"Du-Vu Doll"},{"floor":41,"key":"Pantograph"},{"floor":42,"key":"Letter Opener"},{"floor":43,"key":"Calipers"},{"floor":44,"key":"War Paint"}],"event_choices":[{"damage_healed":0,"gold_gain":0,"player_choice":"Box","damage_taken":0,"relics_obtained":["PreservedInsect"],"max_hp_gain":0,"max_hp_loss":0,"event_name":"Big Fish","floor":2,"gold_loss":0,"cards_obtained":["Regret"]},{"cards_removed":["Regret"],"damage_healed":0,"gold_gain":0,"player_choice":"Card Removal","damage_taken":0,"max_hp_gain":0,"max_hp_loss":0,"event_name":"The Cleric","floor":3,"gold_loss":50},{"damage_healed":0,"gold_gain":0,"player_choice":"Upgraded","damage_taken":0,"max_hp_gain":0,"max_hp_loss":0,"event_name":"Upgrade Shrine","floor":20,"gold_loss":0,"cards_upgraded":["After Image"]},{"damage_healed":0,"gold_gain":0,"player_choice":"Opened","damage_taken":0,"relics_obtained":["Thread and Needle"],"max_hp_gain":0,"max_hp_loss":0,"event_name":"The Mausoleum","floor":27,"gold_loss":0},{"damage_healed":0,"gold_gain":0,"player_choice":"Fight","damage_taken":0,"max_hp_gain":0,"max_hp_loss":0,"event_name":"MindBloom","floor":36,"gold_loss":0},{"damage_healed":0,"gold_gain":0,"player_choice":"Max HP","damage_taken":0,"max_hp_gain":0,"max_hp_loss":4,"event_name":"Winding Halls","floor":37,"gold_loss":0},{"damage_healed":0,"gold_gain":0,"player_choice":"Fight","damage_taken":0,"max_hp_gain":0,"max_hp_loss":0,"event_name":"Mysterious Sphere","floor":39,"gold_loss":0}],"is_beta":false,"boss_relics":[{"not_picked":["Coffee Dripper","Runic Dome"],"picked":"Ectoplasm"},{"not_picked":["Lizard Tail","Cursed Key"],"picked":"Empty Cage"}],"items_purged_floors":[],"is_endless":false,"potions_floor_spawned":[1,4,8,11,21,33,35,38,44],"killed_by":"Transient","ascension_level":3}