{"gold_per_floor":[14,14,27,42,61,61,136,171,171,189,214,230,245,245,245,343,343,357,357,357,318,332,332,362,362,386,419,419,438,438,458,458,560,560,574,588,635,442,457,488,488,488,514,222,241,274,285,301,301,301],"floor_reached":50,"playtime":5130,"items_purged":[],"score":596,"play_id":"4d6a0d32-7bbc-4b1e-b967-06e9cd3ae1c8","local_time":"20190612032621","is_ascension_mode":true,"campfire_choices":[{"data":"Tactician","floor":6,"key":"SMITH"},{"floor":15,"key":"REST"},{"data":"Burst","floor":23,"key":"SMITH"},{"floor":25,"key":"REST"},{"data":"Accuracy","floor":28,"key":"SMITH"},{"data":"Blade Dance","floor":32,"key":"SMITH"},{"floor":42,"key":"REST"},{"data":"Prepared","floor":49,"key":"SMITH"}],"neow_cost":"NO_GOLD","seed_source_timestamp":96189069137821,"circlet_count":0,"master_deck":["Defend_G+1","Defend_G+1","Defend_G+1","Defend_G+1","Defend_G+1","Strike_G+1","Strike_G+1","Strike_G+1","Strike_G+1","Strike_G+1","Survivor","Neutralize","Tools of the Trade","Tactician+1","Accuracy","Blade Dance+1","Caltrops","Accuracy+1","Crippling Poison","Blade Dance+1","Acrobatics","Burst+1","Infinite Blades","Noxious Fumes+1","Burst","Endless Agony","Adrenaline","Blur+1","Underhanded Strike","Cloak And Dagger+1","Tactician+1","Underhanded Strike","Cloak And Dagger","Acrobatics","Poisoned Stab+1","Blade Dance","Dodge and Roll+1","Prepared+1"],"relics":["Ring of the Snake","Nunchaku","Shuriken","Regal Pillow","Busted Crown","Question Card","Omamori","Meat on the Bone","WristBlade","Turnip","DollysMirror","Art of War","Pen Nib","Paper Crane","Potion Belt"],"potions_floor_usage":[8,12,19,24,31,33,33,36,37,40,50,50],"damage_taken":[{"damage":8,"enemies":"Small Slimes","floor":1,"turns":5},{"damage":2,"enemies":"2 Louse","floor":3,"turns":3},{"damage":0,"enemies":"Cultist","floor":4,"turns":5},{"damage":6,"enemies":"Exordium Thugs","floor":5,"turns":6},{"damage":17,"enemies":"Lagavulin","floor":8,"turns":10},{"damage":2,"enemies":"3 Louse","floor":10,"turns":4},{"damage":0,"enemies":"Blue Slaver","floor":12,"turns":3},{"damage":4,"enemies":"2 Fungi Beasts","floor":13,"turns":3},{"damage":31,"enemies":"Hexaghost","floor":16,"turns":8},{"damage":7,"enemies":"3 Byrds","floor":18,"turns":4},{"damage":25,"enemies":"Colosseum Slavers","floor":19,"turns":5},{"damage":8,"enemies":"Spheric Guardian","floor":22,"turns":4},{"damage":13,"enemies":"Book of Stabbing","floor":24,"turns":5},{"damage":14,"enemies":"Gremlin Leader","floor":27,"turns":7},{"damage":3,"enemies":"Snake Plant","floor":29,"turns":4},{"damage":2,"enemies":"Chosen and Byrds","floor":31,"turns":4},{"damage":11,"enemies":"Champ","floor":33,"turns":7},{"damage":0,"enemies":"3 Shapes","floor":35,"turns":6},{"damage":0,"enemies":"Orb Walker","floor":36,"turns":3},{"damage":22,"enemies":"2 Orb Walkers","floor":37,"turns":5},{"damage":0,"enemies":"Spire Growth","floor":39,"turns":4},{"damage":32,"enemies":"Reptomancer","floor":40,"turns":8},{"damage":24,"enemies":"3 Darklings","floor":45,"turns":4},{"damage":1,"enemies":"Giant Head","floor":46,"turns":6},{"damage":0,"enemies":"Transient","floor":47,"turns":5},{"damage":0,"enemies":"Jaw Worm Horde","floor":48,"turns":4},{"damage":89,"enemies":"Time Eater","floor":50,"turns":9}],"seed_played":"-4291890420716639336","potions_obtained":[{"floor":1,"key":"Ancient Potion"},{"floor":3,"key":"Dexterity Potion"},{"floor":10,"key":"Block Potion"},{"floor":16,"key":"Fruit Juice"},{"floor":22,"key":"GhostInAJar"},{"floor":24,"key":"FearPotion"},{"floor":27,"key":"PowerPotion"},{"floor":31,"key":"Ancient Potion"},{"floor":33,"key":"Fire Potion"},{"floor":37,"key":"Energy Potion"},{"floor":40,"key":"Regen Potion"},{"floor":47,"key":"AttackPotion"}],"is_trial":false,"path_per_floor":["M","?","M","M","M","R","?","E","T","M","T","M","M","?","R","B",null,"M","?","?","$","M","R","E","R","T","E","R","M","?","M","R","B",null,"M","M","?","$","M","E","?","R","T","$","M","E","M","M","R","B"],"character_chosen":"THE_SILENT","items_purchased":["Infinite Blades","DollysMirror","Paper Crane","Acrobatics"],"campfire_rested":3,"item_purchase_floors":[21,38,44,44],"current_hp_per_floor":[62,62,60,60,54,54,47,30,30,28,28,28,24,10,46,15,70,63,43,43,43,35,35,22,59,59,45,45,42,75,73,73,62,75,75,75,53,53,53,33,33,70,70,70,46,45,45,45,45,0],"gold":301,"neow_bonus":"THREE_RARE_CARDS","is_prod":false,"is_daily":false,"chose_seed":false,"campfire_upgraded":5,"win_rate":0,"timestamp":1560335181,"path_taken":["M","?","M","M","M","R","?","E","T","?","?","M","M","?","R","BOSS","M","?","?","$","M","R","E","R","T","E","R","M","?","?","R","BOSS","M","?","?","$","M","E","?","R","T","$","M","E","M","?","R","BOSS"],"build_version":"2019-01-23","purchased_purges":0,"victory":false,"max_hp_per_floor":[70,70,70,70,70,70,70,70,70,70,70,70,70,70,70,70,70,70,75,75,75,75,75,75,75,75,75,75,75,75,75,75,75,75,75,75,75,75,75,75,75,75,75,75,75,75,75,75,75,75],"card_choices":[{"not_picked":["Adrenaline","Unload"],"picked":"Tools of the Trade","floor":0},{"not_picked":["Quick Slash","Bane"],"picked":"Tactician","floor":1},{"not_picked":["Backflip","Blade Dance"],"picked":"Accuracy","floor":3},{"not_picked":["Poisoned Stab","Prepared"],"picked":"Blade Dance","floor":4},{"not_picked":["Dagger Throw","Dagger Spray"],"picked":"Caltrops","floor":5},{"not_picked":["Night Terror","Deadly Poison"],"picked":"Accuracy","floor":8},{"not_picked":["Quick Slash","Skewer"],"picked":"Crippling Poison","floor":10},{"not_picked":["Skewer","Setup"],"picked":"Blade Dance","floor":12},{"not_picked":["Bane","Slice"],"picked":"Acrobatics","floor":13},{"not_picked":["Tools of the Trade","Malaise"],"picked":"Burst","floor":16},{"not_picked":["Eviscerate"],"picked":"SKIP","floor":18},{"not_picked":[],"picked":"Noxious Fumes+1","floor":22},{"not_picked":["Setup"],"picked":"SKIP","floor":24},{"not_picked":["Backflip+1"],"picked":"Burst","floor":27},{"not_picked":["Quick Slash","Sucker Punch+1"],"picked":"SKIP","floor":29},{"not_picked":["Acrobatics"],"picked":"Endless Agony","floor":31},{"not_picked":["Wraith Form v2"],"picked":"Adrenaline","floor":33},{"not_picked":["Poisoned Stab+1"],"picked":"Blur+1","floor":35},{"not_picked":["Acrobatics+1"],"picked":"Underhanded Strike","floor":36},{"not_picked":["Deadly Poison+1"],"picked":"Cloak And Dagger","floor":37},{"not_picked":["Poisoned Stab+1"],"picked":"Underhanded Strike","floor":39},{"not_picked":["Noxious Fumes+1"],"picked":"Cloak And Dagger","floor":40},{"not_picked":["Cloak And Dagger"],"picked":"Poisoned Stab+1","floor":45},{"not_picked":["Caltrops"],"picked":"Blade Dance","floor":46},{"not_picked":["Quick Slash+1"],"picked":"Dodge and Roll+1","floor":47},{"not_picked":["Masterful Stab+1"],"picked":"Prepared","floor":48}],"player_experience":175164,"relics_obtained":[{"floor":8,"key":"Nunchaku"},{"floor":9,"key":"Shuriken"},{"floor":11,"key":"Regal Pillow"},{"floor":24,"key":"Question Card"},{"floor":26,"key":"Omamori"},{"floor":27,"key":"Meat on the Bone"},{"floor":37,"key":"Turnip"},{"floor":40,"key":"Art of War"},{"floor":43,"key":"Pen Nib"},{"floor":46,"key":"Potion Belt"}],"event_choices":[{"damage_healed":0,"gold_gain":0,"player_choice":"Leave","damage_taken":0,"max_hp_gain":0,"max_hp_loss":0,"event_name":"The Cleric","floor":2,"gold_loss":0},{"damage_healed":0,"gold_gain":75,"player_choice":"Touch","damage_taken":7,"max_hp_gain":0,"max_hp_loss":0,"event_name":"FaceTrader","floor":7,"gold_loss":0},{"damage_healed":0,"gold_gain":0,"player_choice":"Entered Light","damage_taken":14,"max_hp_gain":0,"max_hp_loss":0,"event_name":"Shining Light","floor":14,"gold_loss":0,"cards_upgraded":["Blade Dance","Defend_G"]},{"damage_healed":0,"gold_gain":0,"player_choice":"Fight","damage_taken":0,"max_hp_gain":0,"max_hp_loss":0,"event_name":"Colosseum","floor":19,"gold_loss":0},{"damage_healed":0,"gold_gain":0,"player_choice":"Fled From Nobs","damage_taken":0,"max_hp_gain":0,"max_hp_loss":0,"event_name":"Colosseum","floor":19,"gold_loss":0},{"damage_healed":0,"gold_gain":0,"player_choice":"Simplicity","damage_taken":0,"max_hp_gain":0,"max_hp_loss":0,"event_name":"Back to Basics","floor":20,"gold_loss":0,"cards_upgraded":["Defend_G","Defend_G","Defend_G","Defend_G","Strike_G","Strike_G","Strike_G","Strike_G","Strike_G"]},{"damage_healed":33,"gold_gain":0,"player_choice":"Full Heal","damage_taken":0,"max_hp_gain":0,"max_hp_loss":0,"event_name":"Wheel of Change","floor":30,"gold_loss":0},{"damage_healed":0,"gold_gain":0,"player_choice":"Fight","damage_taken":0,"max_hp_gain":0,"max_hp_loss":0,"event_name":"Mysterious Sphere","floor":37,"gold_loss":0},{"damage_healed":0,"gold_gain":0,"player_choice":"Forge","damage_taken":0,"max_hp_gain":0,"max_hp_loss":0,"event_name":"Accursed Blacksmith","floor":41,"gold_loss":0,"cards_upgraded":["Cloak And Dagger"]}],"is_beta":false,"boss_relics":[{"not_picked":["Calling Bell","Ring of the Serpent"],"picked":"Busted Crown"},{"not_picked":["Cursed Key","Runic Dome"],"picked":"WristBlade"}],"items_purged_floors":[],"is_endless":false,"potions_floor_spawned":[1,3,10,16,22,24,27,31,33,37,40,47],"killed_by":"Time Eater","ascension_level":1}