{"gold_per_floor":[110,110,110,120,45,45,73,73,119,151,176,201,230,270,282,398,410,438,470,482,192,212,247,262,262,286,561,572,602,218,236,236,335,385,396,81,159,0,20,50,50,61,61,61,76,76,76,103,103,103,103,103,54,82,82],"floor_reached":55,"playtime":2557,"items_purged":["Pain","Shame"],"score":777,"play_id":"8e607969-aa1d-45b9-8a68-44c2bd1da7cc","local_time":"20190412222820","is_ascension_mode":false,"campfire_choices":[{"data":"Neutralize","floor":6,"key":"SMITH"},{"data":"Quick Slash","floor":8,"key":"SMITH"},{"floor":15,"key":"RECALL"},{"data":"Choke","floor":25,"key":"SMITH"},{"data":"Riddle With Holes","floor":32,"key":"SMITH"},{"floor":47,"key":"REST"},{"data":"1","floor":49,"key":"LIFT"},{"data":"2","floor":52,"key":"LIFT"}],"neow_cost":"NONE","seed_source_timestamp":682536356129466,"circlet_count":0,"master_deck":["Defend_G","Defend_G+1","Defend_G","Defend_G","Defend_G+1","Strike_G","Strike_G","Strike_G","Strike_G","Survivor","Neutralize+1","Quick Slash+1","Dagger Throw+1","Quick Slash","Noxious Fumes","Die Die Die","Choke+1","PiercingWail","Bullet Time","Adrenaline","Footwork","Riddle With Holes+1","Parasite","Regret","Poisoned Stab","Deadly Poison","Riddle With Holes","Footwork","Envenom","Finisher","Decay","PiercingWail+1","Regret","Riddle With Holes+1"],"relics":["Cursed Key","WarpedTongs","War Paint","MawBank","Happy Flower","Runic Pyramid","Sling","Juzu Bracelet","Vajra","Du-Vu Doll","Tiny House","Ginger","Toxic Egg 2","Red Mask","Calipers","Girya","Kunai","Boot"],"potions_floor_usage":[16,16,22,23,29,40,48,48,50,50,55],"damage_taken":[{"damage":2,"enemies":"Small Slimes","floor":1,"turns":5},{"damage":2,"enemies":"2 Louse","floor":4,"turns":2},{"damage":14,"enemies":"Gremlin Nob","floor":7,"turns":4},{"damage":0,"enemies":"Cultist","floor":10,"turns":2},{"damage":0,"enemies":"Large Slime","floor":11,"turns":4},{"damage":0,"enemies":"Blue Slaver","floor":12,"turns":2},{"damage":2,"enemies":"Lots of Slimes","floor":13,"turns":2},{"damage":2,"enemies":"3 Sentries","floor":14,"turns":5},{"damage":19,"enemies":"Hexaghost","floor":16,"turns":7},{"damage":0,"enemies":"Chosen","floor":18,"turns":3},{"damage":0,"enemies":"3 Byrds","floor":19,"turns":5},{"damage":3,"enemies":"Shelled Parasite and Fungi","floor":22,"turns":5},{"damage":13,"enemies":"Book of Stabbing","floor":23,"turns":4},{"damage":5,"enemies":"Chosen and Byrds","floor":24,"turns":5},{"damage":2,"enemies":"Cultist and Chosen","floor":28,"turns":6},{"damage":1,"enemies":"Gremlin Leader","floor":29,"turns":4},{"damage":0,"enemies":"Centurion and Healer","floor":31,"turns":3},{"damage":11,"enemies":"Champ","floor":33,"turns":8},{"damage":15,"enemies":"Orb Walker","floor":35,"turns":2},{"damage":0,"enemies":"3 Shapes","floor":39,"turns":3},{"damage":19,"enemies":"Reptomancer","floor":40,"turns":5},{"damage":16,"enemies":"Transient","floor":42,"turns":5},{"damage":8,"enemies":"Jaw Worm Horde","floor":45,"turns":3},{"damage":2,"enemies":"Nemesis","floor":48,"turns":5},{"damage":49,"enemies":"Time Eater","floor":50,"turns":10},{"damage":64,"enemies":"Shield and Spear","floor":54,"turns":6},{"damage":52,"enemies":"The Heart","floor":55,"turns":2}],"seed_played":"-9053619356969377945","potions_obtained":[{"floor":1,"key":"Strength Potion"},{"floor":11,"key":"PowerPotion"},{"floor":12,"key":"AttackPotion"},{"floor":16,"key":"SpeedPotion"},{"floor":18,"key":"Poison Potion"},{"floor":22,"key":"SpeedPotion"},{"floor":23,"key":"Fire Potion"},{"floor":33,"key":"Regen Potion"},{"floor":35,"key":"GhostInAJar"},{"floor":45,"key":"Dexterity Potion"},{"floor":48,"key":"Weak Potion"}],"is_trial":false,"path_per_floor":["M","?","?","M","$","R","E","R","T","M","M","M","M","E","R","B",null,"M","M","?","$","M","E","M","R","T","?","M","E","$","M","R","B",null,"M","$","T","?","M","E","?","M","T","$","M","?","R","E","R","B",null,"R","$","E","B"],"character_chosen":"THE_SILENT","items_purchased":["Sling","Du-Vu Doll","Riddle With Holes","Ginger","PowerPotion"],"campfire_rested":1,"item_purchase_floors":[21,30,30,36,53],"current_hp_per_floor":[68,61,61,59,59,59,45,45,45,45,45,45,43,41,41,22,70,70,70,70,70,67,54,49,49,49,49,47,46,46,46,46,35,75,60,60,60,60,60,41,41,25,25,25,17,17,39,51,51,2,75,75,75,11,0],"gold":82,"neow_bonus":"BOSS_RELIC","is_prod":false,"is_daily":false,"chose_seed":false,"campfire_upgraded":4,"win_rate":0,"timestamp":1555122500,"path_taken":["M","?","?","M","$","R","E","R","T","M","M","M","?","E","R","BOSS","M","M","?","$","M","E","M","R","T","?","M","E","$","M","R","BOSS","M","?","?","?","M","E","?","M","T","$","M","?","R","E","R","BOSS","R","$","E","BOSS"],"build_version":"2019-01-23","purchased_purges":2,"victory":false,"max_hp_per_floor":[70,70,70,70,70,70,70,70,70,70,70,70,70,70,70,70,70,70,70,70,70,70,70,70,70,70,70,70,70,70,70,70,70,75,75,75,75,75,75,75,75,75,75,75,75,75,75,75,75,75,75,75,75,75,75],"card_choices":[{"not_picked":["Choke","Crippling Poison"],"picked":"Quick Slash","floor":1},{"not_picked":["Acrobatics","Eviscerate"],"picked":"Dagger Throw","floor":4},{"not_picked":["Acrobatics","Dagger Throw"],"picked":"Quick Slash","floor":7},{"not_picked":["Poisoned Stab","Underhanded Strike"],"picked":"Noxious Fumes","floor":10},{"not_picked":["Sucker Punch","Tactician"],"picked":"Die Die Die","floor":11},{"not_picked":["Acrobatics","Deflect"],"picked":"Choke","floor":12},{"not_picked":["Outmaneuver","Prepared"],"picked":"PiercingWail","floor":13},{"not_picked":["Bane","Deadly Poison"],"picked":"Bullet Time","floor":14},{"not_picked":["A Thousand Cuts","Bullet Time"],"picked":"Adrenaline","floor":16},{"not_picked":["Tactician","Distraction+1","Heel Hook+1"],"picked":"SKIP","floor":18},{"not_picked":["Dagger Spray+1","Deadly Poison"],"picked":"Footwork","floor":19},{"not_picked":["Flying Knee","Endless Agony"],"picked":"Riddle With Holes","floor":22},{"not_picked":["Underhanded Strike","Flying Knee","Storm of Steel"],"picked":"SKIP","floor":23},{"not_picked":["Deflect+1","Dodge and Roll+1","All Out Attack"],"picked":"SKIP","floor":24},{"not_picked":["Heel Hook","Slice"],"picked":"Poisoned Stab","floor":28},{"not_picked":["Predator","Bane"],"picked":"Deadly Poison","floor":29},{"not_picked":["Predator+1","Blur"],"picked":"Footwork","floor":31},{"not_picked":["Bullet Time","Burst"],"picked":"Envenom","floor":33},{"not_picked":["Heel Hook","Sucker Punch"],"picked":"Finisher","floor":34},{"not_picked":["Sucker Punch","Slice+1","Masterful Stab+1"],"picked":"SKIP","floor":35},{"not_picked":["Dagger Spray+1","Dodge and Roll+1","Glass Knife"],"picked":"SKIP","floor":39},{"not_picked":["Acrobatics+1","Concentrate+1","Dagger Throw+1"],"picked":"SKIP","floor":40},{"not_picked":["Expertise+1","Accuracy+1"],"picked":"PiercingWail+1","floor":42},{"not_picked":["PiercingWail+1","Underhanded Strike","Expertise+1"],"picked":"SKIP","floor":45},{"not_picked":["Poisoned Stab","Outmaneuver+1","Skewer+1"],"picked":"SKIP","floor":48},{"not_picked":["Bouncing Flask+1","Underhanded Strike+1"],"picked":"Riddle With Holes+1","floor":54}],"player_experience":362821,"relics_obtained":[{"floor":7,"key":"War Paint"},{"floor":9,"key":"MawBank"},{"floor":14,"key":"Happy Flower"},{"floor":23,"key":"Juzu Bracelet"},{"floor":29,"key":"Vajra"},{"floor":37,"key":"Toxic Egg 2"},{"floor":40,"key":"Calipers"},{"floor":43,"key":"Girya"},{"floor":48,"key":"Kunai"},{"floor":54,"key":"Boot"}],"event_choices":[{"cards_removed":["Strike_G"],"damage_healed":0,"gold_gain":0,"player_choice":"Card Removal","damage_taken":7,"max_hp_gain":0,"max_hp_loss":0,"event_name":"Golden Wing","floor":2,"gold_loss":0},{"damage_healed":0,"gold_gain":0,"player_choice":"Rummage","damage_taken":0,"relics_obtained":["WarpedTongs"],"max_hp_gain":0,"max_hp_loss":0,"event_name":"Accursed Blacksmith","floor":3,"gold_loss":0,"cards_obtained":["Pain"]},{"damage_healed":0,"gold_gain":0,"player_choice":"Ignored","damage_taken":0,"max_hp_gain":0,"max_hp_loss":0,"event_name":"Ghosts","floor":20,"gold_loss":0},{"damage_healed":0,"gold_gain":275,"player_choice":"Desecrate","damage_taken":0,"max_hp_gain":0,"max_hp_loss":0,"event_name":"Golden Shrine","floor":27,"gold_loss":0,"cards_obtained":["Regret"]},{"damage_healed":0,"gold_gain":0,"player_choice":"Paid","damage_taken":0,"relics_obtained":["Red Mask"],"max_hp_gain":0,"max_hp_loss":0,"event_name":"Tomb of Lord Red Mask","floor":38,"gold_loss":159},{"damage_healed":0,"gold_gain":0,"player_choice":"Leave","damage_taken":0,"max_hp_gain":0,"max_hp_loss":0,"event_name":"FaceTrader","floor":41,"gold_loss":0},{"damage_healed":0,"gold_gain":0,"player_choice":"Ignored","damage_taken":0,"max_hp_gain":0,"max_hp_loss":0,"event_name":"Mysterious Sphere","floor":46,"gold_loss":0}],"is_beta":false,"boss_relics":[{"not_picked":["Fusion Hammer","Sozu"],"picked":"Runic Pyramid"},{"not_picked":["Eternal Feather","Runic Dome"],"picked":"Tiny House"}],"items_purged_floors":[5,21],"is_endless":false,"potions_floor_spawned":[1,11,12,14,16,18,22,23,24,33,35,45,48],"killed_by":"The Heart","ascension_level":0}