{"gold_per_floor":[111,126,138,156,156,156,182,193,262,279,293,306,325,343,343,447,447,459,472,472],"floor_reached":20,"playtime":1482,"items_purged":[],"score":184,"play_id":"c906d9b9-d2cd-49b6-8ae4-049cd3a53ddf","local_time":"20190629191500","is_ascension_mode":false,"campfire_choices":[{"data":"Zap","floor":6,"key":"SMITH"},{"floor":15,"key":"REST"}],"neow_cost":"NONE","seed_source_timestamp":84229045471701,"circlet_count":0,"master_deck":["Strike_B","Strike_B","Strike_B+1","Strike_B","Defend_B","Defend_B","Defend_B","Defend_B","Zap+1","Dualcast","Beam Cell+1","Conserve Battery","Static Discharge","Beam Cell","Consume","Loop","Rip and Tear","Beam Cell","Leap","Static Discharge","Self Repair","Echo Form","Regret","Writhe","Doubt","Ball Lightning","Go for the Eyes"],"relics":["Cracked Core","Whetstone","Gremlin Horn","Calling Bell","Centennial Puzzle","Darkstone Periapt","Peace Pipe"],"potions_floor_usage":[16,16,16],"damage_taken":[{"damage":1,"enemies":"Cultist","floor":1,"turns":3},{"damage":0,"enemies":"Small Slimes","floor":2,"turns":3},{"damage":1,"enemies":"Jaw Worm","floor":3,"turns":4},{"damage":0,"enemies":"Looter","floor":4,"turns":3},{"damage":33,"enemies":"Gremlin Nob","floor":7,"turns":5},{"damage":0,"enemies":"Blue Slaver","floor":8,"turns":2},{"damage":4,"enemies":"Lots of Slimes","floor":10,"turns":3},{"damage":5,"enemies":"Looter","floor":11,"turns":3},{"damage":11,"enemies":"Gremlin Gang","floor":12,"turns":3},{"damage":6,"enemies":"Lots of Slimes","floor":13,"turns":4},{"damage":5,"enemies":"Large Slime","floor":14,"turns":5},{"damage":12,"enemies":"Hexaghost","floor":16,"turns":7},{"damage":24,"enemies":"Shell Parasite","floor":18,"turns":6},{"damage":29,"enemies":"2 Thieves","floor":19,"turns":4},{"damage":42,"enemies":"Shelled Parasite and Fungi","floor":20,"turns":3}],"seed_played":"-7108888212437962302","potions_obtained":[{"floor":2,"key":"Regen Potion"},{"floor":4,"key":"FocusPotion"},{"floor":7,"key":"EssenceOfSteel"},{"floor":16,"key":"LiquidBronze"}],"is_trial":false,"path_per_floor":["M","M","M","M","?","R","E","M","T","M","M","M","M","M","R","B",null,"M","M","M"],"character_chosen":"DEFECT","items_purchased":[],"campfire_rested":1,"item_purchase_floors":[],"current_hp_per_floor":[81,81,80,80,80,80,47,47,47,43,38,27,21,16,40,50,82,65,36,0],"gold":472,"neow_bonus":"TEN_PERCENT_HP_BONUS","is_prod":false,"is_daily":false,"chose_seed":false,"campfire_upgraded":1,"win_rate":0.0,"timestamp":1561806900,"path_taken":["M","M","?","M","?","R","E","M","T","M","M","M","M","M","R","BOSS","M","M","M"],"build_version":"2019-01-23","purchased_purges":0,"victory":false,"max_hp_per_floor":[82,82,82,82,82,82,82,82,82,82,82,82,82,82,82,82,82,82,82,82],"card_choices":[{"not_picked":["Compile Driver","Gash"],"picked":"Beam Cell","floor":1},{"not_picked":["Hologram","Redo"],"picked":"Conserve Battery","floor":2},{"not_picked":["Leap","Ball Lightning"],"picked":"Static Discharge","floor":3},{"not_picked":["Compile Driver","Streamline"],"picked":"Beam Cell","floor":4},{"not_picked":["Gash","Hologram"],"picked":"Consume","floor":7},{"not_picked":["Streamline","Go for the Eyes"],"picked":"Loop","floor":8},{"not_picked":["Stack","Undo"],"picked":"Rip and Tear","floor":10},{"not_picked":["Cold Snap","Biased Cognition"],"picked":"Beam Cell","floor":11},{"not_picked":["Reinforced Body","Reprogram"],"picked":"Leap","floor":12},{"not_picked":["Force Field","Double Energy"],"picked":"Static Discharge","floor":13},{"not_picked":["Sweeping Beam","Double Energy"],"picked":"Self Repair","floor":14},{"not_picked":["Electrodynamics","Multi-Cast"],"picked":"Echo Form","floor":16},{"not_picked":["Steam","Doom and Gloom+1"],"picked":"Ball Lightning","floor":18},{"not_picked":["Steam","Double Energy"],"picked":"Go for the Eyes","floor":19}],"player_experience":43386,"relics_obtained":[{"floor":7,"key":"Whetstone"},{"floor":9,"key":"Gremlin Horn"},{"floor":17,"key":"Centennial Puzzle"},{"floor":17,"key":"Darkstone Periapt"},{"floor":17,"key":"Peace Pipe"}],"event_choices":[{"damage_healed":0,"gold_gain":0,"player_choice":"Ignored","damage_taken":0,"max_hp_gain":0,"max_hp_loss":0,"event_name":"Liars Game","floor":5,"gold_loss":0}],"is_beta":false,"boss_relics":[{"not_picked":["Astrolabe","Lizard Tail"],"picked":"Calling Bell"}],"items_purged_floors":[],"is_endless":false,"potions_floor_spawned":[2,4,7,11,16],"killed_by":"Shelled Parasite and Fungi","ascension_level":0}