{"gold_per_floor":[111,36,46,46,46,46,87,100,100,121,121,154,214,229,229,355,355,373,397,397,410,335,335,360,360],"floor_reached":25,"playtime":2008,"items_purged":["Decay"],"score":266,"play_id":"4a95d6a7-9f24-4e01-b3c1-50e0aded20d8","local_time":"20190704170308","is_ascension_mode":true,"campfire_choices":[{"floor":6,"key":"REST"},{"floor":11,"key":"REST"},{"floor":15,"key":"REST"},{"floor":23,"key":"REST"}],"neow_cost":"CURSE","seed_source_timestamp":1659105989932000,"circlet_count":0,"master_deck":["Strike_G","Strike_G","Defend_G","Defend_G","Defend_G","Defend_G","Survivor","Neutralize","Backflip","Backstab","Jack Of All Trades","Blur","Sucker Punch","Dagger Spray","Heel Hook","Adrenaline","Acrobatics","Slice","A Thousand Cuts","Doppelganger+1","A Thousand Cuts+1","Cloak And Dagger+1","Blur+1","Slice","Infinite Blades","Distraction","Prepared"],"relics":["Ring of the Snake","StoneCalendar","Golden Idol","Prayer Wheel","Incense Burner","Astrolabe"],"potions_floor_usage":[7,12,16,16,24],"damage_taken":[{"damage":3,"enemies":"Cultist","floor":1,"turns":5},{"damage":4,"enemies":"Small Slimes","floor":3,"turns":4},{"damage":5,"enemies":"3 Sentries","floor":7,"turns":7},{"damage":2,"enemies":"Jaw Worm","floor":8,"turns":3},{"damage":0,"enemies":"3 Louse","floor":10,"turns":2},{"damage":24,"enemies":"Gremlin Nob","floor":12,"turns":4},{"damage":1,"enemies":"Blue Slaver","floor":14,"turns":2},{"damage":49,"enemies":"Hexaghost","floor":16,"turns":14},{"damage":17,"enemies":"3 Byrds","floor":18,"turns":3},{"damage":20,"enemies":"Chosen","floor":19,"turns":5},{"damage":1,"enemies":"Sentry and Sphere","floor":21,"turns":4},{"damage":11,"enemies":"Cultist and Chosen","floor":24,"turns":5},{"damage":36,"enemies":"Slavers","floor":25,"turns":2}],"seed_played":"8321925983857533648","potions_obtained":[{"floor":3,"key":"SteroidPotion"},{"floor":8,"key":"Strength Potion"},{"floor":10,"key":"SkillPotion"},{"floor":14,"key":"Block Potion"},{"floor":18,"key":"SpeedPotion"}],"is_trial":false,"path_per_floor":["M","$","M","?","?","R","E","M","T","M","R","E","?","M","R","B",null,"M","M","?","M","?","R","M","E"],"character_chosen":"THE_SILENT","items_purchased":[],"campfire_rested":4,"item_purchase_floors":[],"current_hp_per_floor":[67,67,63,46,46,67,62,60,60,60,70,46,46,45,66,17,57,40,20,20,19,19,40,29,0],"gold":360,"neow_bonus":"ONE_RARE_RELIC","is_prod":false,"is_daily":false,"chose_seed":false,"campfire_upgraded":0,"win_rate":0,"timestamp":1562284988,"path_taken":["M","$","M","?","?","R","E","?","T","M","R","E","?","M","R","BOSS","M","M","?","M","?","R","M","E"],"build_version":"2019-07-01","purchased_purges":1,"victory":false,"max_hp_per_floor":[70,70,70,70,70,70,70,70,70,70,70,70,70,70,70,70,70,70,70,70,70,70,70,70,70],"card_choices":[{"not_picked":["Sucker Punch","Well Laid Plans"],"picked":"Backflip","floor":1},{"not_picked":["Blade Dance","Deflect"],"picked":"Backstab","floor":3},{"not_picked":["Bane","Skewer"],"picked":"Sucker Punch","floor":7},{"not_picked":["Slice","Flying Knee"],"picked":"Dagger Spray","floor":8},{"not_picked":["Predator","Concentrate","Eviscerate"],"picked":"SKIP","floor":8},{"not_picked":["Venomology","Sucker Punch"],"picked":"Heel Hook","floor":10},{"not_picked":["Outmaneuver","Quick Slash","All Out Attack"],"picked":"SKIP","floor":10},{"not_picked":["Calculated Gamble","All Out Attack"],"picked":"Adrenaline","floor":12},{"not_picked":["Cloak And Dagger","All Out Attack"],"picked":"Acrobatics","floor":14},{"not_picked":["Dagger Throw","Deadly Poison"],"picked":"Slice","floor":14},{"not_picked":["Night Terror","Glass Knife"],"picked":"A Thousand Cuts","floor":16},{"not_picked":["Underhanded Strike+1","Acrobatics+1"],"picked":"Cloak And Dagger+1","floor":18},{"not_picked":["Prepared","Terror","Underhanded Strike"],"picked":"SKIP","floor":18},{"not_picked":["Bane","A Thousand Cuts"],"picked":"Blur+1","floor":19},{"not_picked":["Backflip","PiercingWail"],"picked":"Slice","floor":19},{"not_picked":["Blade Dance","Underhanded Strike"],"picked":"Infinite Blades","floor":21},{"not_picked":["Outmaneuver","Blur+1","Dagger Throw"],"picked":"SKIP","floor":21},{"not_picked":["Backflip","Terror"],"picked":"Distraction","floor":24},{"not_picked":["Slice","Poisoned Stab+1"],"picked":"Prepared","floor":24}],"player_experience":618228,"relics_obtained":[{"floor":7,"key":"Prayer Wheel"},{"floor":12,"key":"Incense Burner"}],"event_choices":[{"damage_healed":0,"gold_gain":0,"player_choice":"Take Damage","damage_taken":17,"relics_obtained":["Golden Idol"],"max_hp_gain":0,"max_hp_loss":0,"event_name":"Golden Idol","floor":4,"gold_loss":0},{"damage_healed":0,"gold_gain":0,"player_choice":"2 cards matched","damage_taken":0,"max_hp_gain":0,"max_hp_loss":0,"event_name":"Match and Keep!","floor":5,"gold_loss":0,"cards_obtained":["Jack Of All Trades","Blur"]},{"damage_healed":0,"gold_gain":60,"player_choice":"Gained Gold","damage_taken":0,"max_hp_gain":0,"max_hp_loss":0,"event_name":"Golden Wing","floor":13,"gold_loss":0},{"cards_removed":["Tactician"],"damage_healed":0,"gold_gain":0,"player_choice":"Elegance","damage_taken":0,"max_hp_gain":0,"max_hp_loss":0,"event_name":"Back to Basics","floor":20,"gold_loss":0},{"cards_removed":["Strike_G"],"damage_healed":0,"gold_gain":0,"player_choice":"Gave Gold","damage_taken":0,"max_hp_gain":0,"max_hp_loss":0,"event_name":"Beggar","floor":22,"gold_loss":75}],"is_beta":false,"boss_relics":[{"not_picked":["Busted Crown","Tiny House"],"picked":"Astrolabe"}],"items_purged_floors":[2],"is_endless":false,"potions_floor_spawned":[3,8,10,14,18],"killed_by":"Slavers","ascension_level":5}