{"path_per_floor":["M","?","?","M","M","E","M","R","T","R","T","?","M","M","R","B",null,"M","$","M","M","M","E","R","M","T"],"character_chosen":"THE_SILENT","items_purchased":["Tough Bandages","Leg Sweep"],"gold_per_floor":[109,184,184,198,218,244,257,257,282,282,351,351,364,376,376,471,501,514,125,143,157,168,194,194,210,210],"floor_reached":27,"campfire_rested":0,"playtime":6722,"current_hp_per_floor":[69,58,63,60,60,30,28,28,28,28,28,13,25,37,37,19,80,70,70,50,45,45,36,36,14,14],"items_purged":["Strike_G"],"gold":210,"play_id":"836bad4f-16a8-4506-b54b-82e410370108","is_prod":false,"is_daily":false,"campfire_rituals":0,"campfire_upgraded":4,"is_hardmode":false,"path_taken":["M","?","?","?","M","E","M","R","T","R","?","?","M","M","R","BOSS","M","$","M","M","M","E","R","?","T","M"],"build_version":"2018-01-11-PROD2","purchased_purges":1,"victory":false,"master_deck":["Defend_G","Defend_G","Defend_G","Defend_G","Defend_G","Strike_G","Strike_G","Strike_G","Survivor","Neutralize","Quick Slash","Acrobatics","Sucker Punch","Slice","Prepared","Slice","Dash","Bullet Time","Well Laid Plans","Footwork","Leg Sweep","Backflip","Footwork","Sucker Punch","Leg Sweep","Blur"],"max_hp_per_floor":[70,70,75,75,75,75,75,75,75,75,75,75,75,75,75,75,80,80,80,80,80,80,80,80,80,80],"relics":["Ring of the Snake","Snake Skull","Singing Bowl","Meat on the Bone","Tiny House","Tough Bandages","Frozen Egg","Shuriken"],"campfire_meditates":0,"card_choices":[{"not_picked":["Riddle With Holes","Deadly Poison"],"picked":"Quick Slash"},{"not_picked":["Flying Knee","Calculated Gamble"],"picked":"Acrobatics"},{"not_picked":["Cloak And Dagger","Slice"],"picked":"Sucker Punch"},{"not_picked":["Dagger Throw","PiercingWail"],"picked":"Slice"},{"not_picked":["Dagger Throw","Die Die Die"],"picked":"Prepared"},{"not_picked":["PiercingWail","Distraction"],"picked":"Slice"},{"not_picked":["Bane","Masterful Stab"],"picked":"Dash"},{"not_picked":["A Thousand Cuts","Doppelganger"],"picked":"Bullet Time"},{"not_picked":["Malaise","Noxious Fumes"],"picked":"Well Laid Plans"},{"not_picked":["PiercingWail","Slice"],"picked":"Footwork"},{"not_picked":["Outmaneuver","Leg Sweep"],"picked":"Backflip"},{"not_picked":["Backflip","Sucker Punch"],"picked":"Footwork"},{"not_picked":["Deadly Poison","Quick Slash"],"picked":"Sucker Punch"},{"not_picked":["Phantasmal Killer","Calculated Gamble"],"picked":"Leg Sweep"},{"not_picked":["Acrobatics","Bane"],"picked":"Blur"}],"player_experience":167849,"potions_floor_usage":[6,14,16,21,21,23,25],"damage_taken":[{"damage":1,"enemies":"Cultist","floor":1,"turns":5},{"damage":3,"enemies":"Jaw Worm","floor":4,"turns":6},{"damage":0,"enemies":"2 Louse","floor":5,"turns":3},{"damage":30,"enemies":"3 Sentries","floor":6,"turns":8},{"damage":2,"enemies":"Looter","floor":7,"turns":3},{"damage":0,"enemies":"2 Fungi Beasts","floor":13,"turns":3},{"damage":0,"enemies":"Gremlin Gang","floor":14,"turns":3},{"damage":30,"enemies":"Slime Boss","floor":16,"turns":11},{"damage":10,"enemies":"3 Byrds","floor":18,"turns":6},{"damage":20,"enemies":"Spheric Guardian","floor":20,"turns":6},{"damage":17,"enemies":"3 Cultists","floor":21,"turns":9},{"damage":0,"enemies":"Snake Plant","floor":22,"turns":8},{"damage":36,"enemies":"Slavers","floor":23,"turns":13},{"damage":34,"enemies":"Centurion and Healer","floor":25,"turns":17},{"damage":21,"enemies":"3 Cultists","floor":27,"turns":4}],"event_choices":[{"event_name":"World of Goop","player_choice":"Gather Gold","floor":2,"damage_taken":0},{"event_name":"Big Fish","player_choice":"Donut","floor":3,"damage_taken":0},{"event_name":"Shining Light","player_choice":"Entered Light","floor":12,"damage_taken":0}],"boss_relics":[{"not_picked":["The Specimen","Velvet Choker"],"picked":"Tiny House"}],"potions_floor_spawned":[1,13,14,16,20,22],"seed_played":"-1734515284615706019","killed_by":"3 Cultists","is_trial":false}