{"gold_per_floor":[115,126,126,142,142,142,159,159,159,191,191,218,218,233,233,233],"floor_reached":16,"playtime":652,"items_purged":[],"score":220,"play_id":"bfd2f85d-4158-4263-8bd8-d9d3f0264679","local_time":"20190615230746","is_ascension_mode":true,"campfire_choices":[{"data":"Rampage","floor":6,"key":"SMITH"},{"data":"Dual Wield","floor":8,"key":"SMITH"},{"floor":11,"key":"REST"},{"floor":15,"key":"REST"}],"neow_cost":"TEN_PERCENT_HP_LOSS","seed_source_timestamp":156170061225500,"circlet_count":0,"master_deck":["AscendersBane","Strike_R+1","Strike_R","Strike_R+1","Strike_R","Strike_R","Defend_R","Defend_R","Defend_R","Defend_R","Bash","Swift Strike","Dramatic Entrance","Double Tap+1","Rampage+1","Dual Wield+1","Exhume+1","Iron Wave"],"relics":["Burning Blood","Ornamental Fan","Smiling Mask","PreservedInsect"],"potions_floor_usage":[10,12,14,16],"damage_taken":[{"damage":0,"enemies":"Small Slimes","floor":1,"turns":2},{"damage":1,"enemies":"Cultist","floor":2,"turns":3},{"damage":2,"enemies":"Jaw Worm","floor":4,"turns":3},{"damage":7,"enemies":"Large Slime","floor":7,"turns":4},{"damage":40,"enemies":"Lagavulin","floor":10,"turns":7},{"damage":31,"enemies":"Gremlin Nob","floor":12,"turns":4},{"damage":2,"enemies":"Exordium Thugs","floor":14,"turns":4},{"damage":48,"enemies":"The Guardian","floor":16,"turns":9}],"seed_played":"1554632149401605660","potions_obtained":[{"floor":4,"key":"GamblersBrew"},{"floor":7,"key":"SpeedPotion"},{"floor":10,"key":"Dexterity Potion"},{"floor":12,"key":"Regen Potion"}],"is_trial":false,"path_per_floor":["M","M","?","M","?","R","M","R","T","E","R","E","?","M","R","B"],"character_chosen":"IRONCLAD","items_purchased":[],"campfire_rested":2,"item_purchase_floors":[],"current_hp_per_floor":[68,68,68,68,48,48,47,47,47,13,33,8,8,24,44,0],"gold":233,"neow_bonus":"RANDOM_COLORLESS_2","is_prod":false,"is_daily":false,"chose_seed":false,"campfire_upgraded":2,"win_rate":0,"timestamp":1560636466,"path_taken":["M","M","?","?","?","R","M","R","T","E","R","E","?","M","R","BOSS"],"build_version":"2019-01-23","purchased_purges":0,"victory":false,"max_hp_per_floor":[68,68,68,68,68,68,68,68,68,68,68,68,68,68,68,68],"card_choices":[{"not_picked":["Heavy Blade","Sever Soul","Searing Blow"],"picked":"SKIP","floor":1},{"not_picked":["Headbutt","Clash"],"picked":"Double Tap","floor":2},{"not_picked":["Cleave","Spot Weakness"],"picked":"Rampage","floor":4},{"not_picked":["Armaments","Perfected Strike"],"picked":"Dual Wield","floor":7},{"not_picked":["Fire Breathing","Limit Break"],"picked":"Exhume","floor":10},{"not_picked":["Warcry","Headbutt"],"picked":"Iron Wave","floor":12},{"not_picked":["Dropkick","Warcry","Impervious"],"picked":"SKIP","floor":14}],"player_experience":1297181,"relics_obtained":[{"floor":9,"key":"Ornamental Fan"},{"floor":10,"key":"Smiling Mask"},{"floor":12,"key":"PreservedInsect"}],"event_choices":[{"damage_healed":0,"gold_gain":0,"player_choice":"Upgraded","damage_taken":0,"max_hp_gain":0,"max_hp_loss":0,"event_name":"Upgrade Shrine","floor":3,"gold_loss":0,"cards_upgraded":["Double Tap"]},{"damage_healed":0,"gold_gain":0,"player_choice":"Entered Light","damage_taken":20,"max_hp_gain":0,"max_hp_loss":0,"event_name":"Shining Light","floor":5,"gold_loss":0,"cards_upgraded":["Strike_R","Strike_R"]},{"damage_healed":0,"gold_gain":0,"player_choice":"Grow","damage_taken":0,"max_hp_gain":0,"max_hp_loss":0,"event_name":"Living Wall","floor":13,"gold_loss":0,"cards_upgraded":["Exhume"]}],"is_beta":false,"boss_relics":[],"items_purged_floors":[],"is_endless":false,"potions_floor_spawned":[4,7,10,12],"killed_by":"The Guardian","ascension_level":20}