{"gold_per_floor":[110,127,202,202,202,202,236,236,263,288,349,369,369,384,384,483,483,483],"floor_reached":18,"playtime":536,"items_purged":[],"score":340,"play_id":"323d40d5-8ce1-486c-8e51-4c2df6d20b89","local_time":"20190612235922","is_ascension_mode":true,"campfire_choices":[{"data":"Inflame","floor":6,"key":"SMITH"},{"data":"Sword Boomerang","floor":13,"key":"SMITH"},{"floor":15,"key":"REST"}],"neow_cost":"NONE","seed_source_timestamp":474461572292700,"circlet_count":0,"master_deck":["AscendersBane","Strike_R","Strike_R","Strike_R","Strike_R","Strike_R","Defend_R","Defend_R","Defend_R","Defend_R","Bash+1","Sword Boomerang+1","Inflame+1","Heavy Blade+1","Sword Boomerang+1","Uppercut+1","Limit Break"],"relics":["Black Blood","Oddly Smooth Stone","Golden Idol","Red Skull","Molten Egg 2","Dream Catcher","Tiny Chest"],"potions_floor_usage":[7,11,16],"damage_taken":[{"damage":0,"enemies":"Cultist","floor":1,"turns":4},{"damage":6,"enemies":"Jaw Worm","floor":2,"turns":5},{"damage":22,"enemies":"Lagavulin","floor":7,"turns":5},{"damage":0,"enemies":"2 Louse","floor":10,"turns":1},{"damage":8,"enemies":"3 Sentries","floor":11,"turns":4},{"damage":0,"enemies":"Looter","floor":12,"turns":2},{"damage":18,"enemies":"Gremlin Gang","floor":14,"turns":3},{"damage":15,"enemies":"The Guardian","floor":16,"turns":7},{"damage":66,"enemies":"3 Byrds","floor":18,"turns":4}],"seed_played":"-4351907694377455243","potions_obtained":[{"floor":1,"key":"Strength Potion"},{"floor":7,"key":"AttackPotion"},{"floor":11,"key":"Poison Potion"}],"is_trial":false,"path_per_floor":["M","M","?","?","?","R","E","T","T","M","E","M","R","M","R","B",null,"M"],"character_chosen":"IRONCLAD","items_purchased":[],"campfire_rested":1,"item_purchase_floors":[],"current_hp_per_floor":[74,74,63,37,37,37,21,21,21,27,25,31,31,19,41,32,64,0],"gold":483,"neow_bonus":"RANDOM_COMMON_RELIC","is_prod":false,"is_daily":false,"chose_seed":false,"campfire_upgraded":2,"win_rate":0,"timestamp":1560380362,"path_taken":["M","M","?","?","?","R","E","?","T","M","E","M","R","?","R","BOSS","M"],"build_version":"2019-01-23","purchased_purges":0,"victory":false,"max_hp_per_floor":[75,75,75,75,75,75,75,75,75,75,75,75,75,75,75,75,75,75],"card_choices":[{"not_picked":["Entrench","Warcry"],"picked":"Sword Boomerang","floor":1},{"not_picked":["Infernal Blade","Warcry"],"picked":"Inflame","floor":2},{"not_picked":["Entrench","Dual Wield","Armaments"],"picked":"SKIP","floor":7},{"not_picked":["Shrug It Off","Body Slam+1"],"picked":"Heavy Blade+1","floor":10},{"not_picked":["Rupture","Battle Trance"],"picked":"Sword Boomerang+1","floor":11},{"not_picked":["Dual Wield","Clash+1","Searing Blow+1"],"picked":"SKIP","floor":12},{"not_picked":["Flex","Havoc","Perfected Strike+1"],"picked":"SKIP","floor":14},{"not_picked":["Blood for Blood+1","Reckless Charge+1"],"picked":"Uppercut+1","floor":15},{"not_picked":["Bludgeon+1","Brutality"],"picked":"Limit Break","floor":16}],"player_experience":1291892,"relics_obtained":[{"floor":7,"key":"Red Skull"},{"floor":8,"key":"Molten Egg 2"},{"floor":9,"key":"Dream Catcher"},{"floor":11,"key":"Tiny Chest"}],"event_choices":[{"damage_healed":0,"gold_gain":75,"player_choice":"Gather Gold","damage_taken":11,"max_hp_gain":0,"max_hp_loss":0,"event_name":"World of Goop","floor":3,"gold_loss":0},{"damage_healed":0,"gold_gain":0,"player_choice":"Take Damage","damage_taken":26,"relics_obtained":["Golden Idol"],"max_hp_gain":0,"max_hp_loss":0,"event_name":"Golden Idol","floor":4,"gold_loss":0},{"damage_healed":0,"gold_gain":0,"player_choice":"Grow","damage_taken":0,"max_hp_gain":0,"max_hp_loss":0,"event_name":"Living Wall","floor":5,"gold_loss":0,"cards_upgraded":["Bash"]}],"is_beta":false,"boss_relics":[{"not_picked":["Philosopher\u0027s Stone","Black Star"],"picked":"Black Blood"}],"items_purged_floors":[],"is_endless":false,"potions_floor_spawned":[1,7,11],"killed_by":"3 Byrds","ascension_level":20}