{"gold_per_floor":[119,119,137,137,62,100,120,120,201,226,226,250,285,22,22,22],"floor_reached":16,"playtime":1223,"items_purged":["Regret"],"score":149,"play_id":"c835c7d3-7faf-49c1-9ca1-dd5dae33b526","local_time":"20190618211908","is_ascension_mode":true,"campfire_choices":[{"floor":8,"key":"RECALL"},{"data":"Blade Dance","floor":11,"key":"SMITH"},{"floor":15,"key":"REST"}],"neow_cost":"NONE","seed_source_timestamp":547188285934445,"circlet_count":0,"master_deck":["Defend_G","Defend_G","Defend_G","Defend_G","Defend_G","Strike_G","Strike_G","Strike_G","Strike_G","Strike_G","Survivor","Neutralize","Blade Dance+1","Acrobatics","Escape Plan","Acrobatics","Calculated Gamble+1","Blur+1","PiercingWail+1"],"relics":["Ring of the Snake","NeowsBlessing","Golden Idol","Bag of Preparation","Matryoshka","Strawberry","Toxic Egg 2","Meat on the Bone","Tiny Chest","Art of War"],"potions_floor_usage":[10,13,16],"damage_taken":[{"damage":0,"enemies":"Cultist","floor":1,"turns":1},{"damage":0,"enemies":"2 Louse","floor":3,"turns":1},{"damage":0,"enemies":"Gremlin Nob","floor":6,"turns":1},{"damage":0,"enemies":"Jaw Worm","floor":7,"turns":5},{"damage":0,"enemies":"Exordium Thugs","floor":10,"turns":9},{"damage":11,"enemies":"2 Fungi Beasts","floor":12,"turns":4},{"damage":31,"enemies":"3 Sentries","floor":13,"turns":12},{"damage":48,"enemies":"Hexaghost","floor":16,"turns":18}],"seed_played":"3650928552001035438","potions_obtained":[{"floor":7,"key":"Fire Potion"},{"floor":10,"key":"SkillPotion"},{"floor":13,"key":"Ancient Potion"}],"is_trial":false,"path_per_floor":["M","?","M","?","$","E","M","R","T","M","R","M","E","$","R","B"],"character_chosen":"THE_SILENT","items_purchased":["Tiny Chest","Art of War"],"campfire_rested":1,"item_purchase_floors":[14,14],"current_hp_per_floor":[70,53,53,53,53,53,53,53,60,60,60,49,18,18,41,0],"gold":22,"neow_bonus":"THREE_ENEMY_KILL","is_prod":false,"is_daily":false,"chose_seed":false,"campfire_upgraded":1,"win_rate":0,"timestamp":1560917948,"path_taken":["M","?","M","?","?","E","?","R","T","M","R","M","E","$","R","BOSS"],"build_version":"2019-01-23","purchased_purges":1,"victory":false,"max_hp_per_floor":[70,70,70,70,70,70,70,70,77,77,77,77,77,77,77,77],"card_choices":[{"not_picked":["Slice","Caltrops"],"picked":"Blade Dance","floor":1},{"not_picked":["Dagger Spray","Predator"],"picked":"Acrobatics","floor":3},{"not_picked":["Riddle With Holes","Concentrate"],"picked":"Escape Plan","floor":6},{"not_picked":["Underhanded Strike","Riddle With Holes"],"picked":"Acrobatics","floor":7},{"not_picked":["Dagger Throw","Endless Agony"],"picked":"Calculated Gamble+1","floor":10},{"not_picked":["Masterful Stab","Noxious Fumes"],"picked":"Blur+1","floor":12},{"not_picked":["Dodge and Roll+1","Dagger Spray"],"picked":"PiercingWail+1","floor":13}],"player_experience":301846,"relics_obtained":[{"floor":6,"key":"Matryoshka"},{"floor":9,"key":"Strawberry"},{"floor":9,"key":"Toxic Egg 2"},{"floor":13,"key":"Meat on the Bone"}],"event_choices":[{"damage_healed":0,"gold_gain":0,"player_choice":"Take Damage","damage_taken":17,"relics_obtained":["Golden Idol"],"max_hp_gain":0,"max_hp_loss":0,"event_name":"Golden Idol","floor":2,"gold_loss":0},{"damage_healed":0,"gold_gain":0,"player_choice":"Box","damage_taken":0,"relics_obtained":["Bag of Preparation"],"max_hp_gain":0,"max_hp_loss":0,"event_name":"Big Fish","floor":4,"gold_loss":0,"cards_obtained":["Regret"]}],"is_beta":false,"boss_relics":[],"items_purged_floors":[5],"is_endless":false,"potions_floor_spawned":[7,10,13],"killed_by":"Hexaghost","ascension_level":2}