{"gold_per_floor":[109,109,284,116,136,161,161,62,115,131,131,157,180,216,228,344,356,384,200,125,153,78],"floor_reached":22,"playtime":1056,"items_purged":["Doubt"],"score":237,"play_id":"238c63f2-a3bf-42a4-8b21-1f96fc642c81","local_time":"20190705194958","is_ascension_mode":true,"campfire_choices":[{"data":"Well Laid Plans","floor":7,"key":"SMITH"},{"data":"Accuracy","floor":15,"key":"SMITH"}],"neow_cost":"NONE","seed_source_timestamp":96097144617491,"circlet_count":0,"master_deck":["Strike_G","Strike_G","Strike_G","Defend_G","Defend_G+1","Defend_G","Defend_G","Defend_G","Survivor","Neutralize","Skewer","Well Laid Plans+1","Blade Dance+1","Blade Dance","Bouncing Flask","Accuracy+1","Backflip","Acrobatics","Burst","Cloak And Dagger","Flame Barrier+1"],"relics":["Ring of the Snake","NeowsBlessing","War Paint","Tiny Chest","FaceOfCleric","MawBank","Lantern","Eternal Feather","PrismaticShard","Red Mask"],"potions_floor_usage":[12,21,21,22],"damage_taken":[{"damage":0,"enemies":"2 Louse","floor":1,"turns":1},{"damage":0,"enemies":"Jaw Worm","floor":5,"turns":1},{"damage":0,"enemies":"Gremlin Nob","floor":6,"turns":1},{"damage":0,"enemies":"Cultist","floor":10,"turns":3},{"damage":10,"enemies":"3 Sentries","floor":12,"turns":8},{"damage":16,"enemies":"Exordium Thugs","floor":13,"turns":4},{"damage":13,"enemies":"Slime Boss","floor":16,"turns":8},{"damage":19,"enemies":"Chosen","floor":18,"turns":5},{"damage":54,"enemies":"Masked Bandits","floor":21,"turns":6},{"damage":10,"enemies":"2 Thieves","floor":22,"turns":3}],"seed_played":"8066470600565200040","potions_obtained":[{"floor":1,"key":"PowerPotion"},{"floor":10,"key":"SpeedPotion"},{"floor":13,"key":"EssenceOfSteel"},{"floor":21,"key":"Energy Potion"}],"is_trial":false,"path_per_floor":["M","?","?","$","M","E","R","$","T","M","?","E","M","T","R","B",null,"M","$","?","?","M"],"character_chosen":"THE_SILENT","items_purchased":["Well Laid Plans","Blade Dance","Accuracy","Backflip","PrismaticShard"],"campfire_rested":0,"item_purchase_floors":[4,4,8,8,19],"current_hp_per_floor":[70,63,63,63,63,63,63,63,63,63,63,54,39,39,39,27,73,55,55,55,2,0],"gold":78,"neow_bonus":"THREE_ENEMY_KILL","is_prod":false,"is_daily":false,"chose_seed":false,"campfire_upgraded":2,"win_rate":0,"timestamp":1562381398,"path_taken":["M","?","?","?","M","E","R","$","T","M","?","E","?","?","R","BOSS","M","$","?","?","M"],"build_version":"2019-07-05","purchased_purges":1,"victory":false,"max_hp_per_floor":[70,70,70,70,70,70,70,70,70,70,70,71,72,72,72,73,73,74,74,74,75,75],"card_choices":[{"not_picked":["Riddle With Holes","Predator"],"picked":"Skewer","floor":1},{"not_picked":["Dagger Spray","Distraction"],"picked":"Blade Dance","floor":5},{"not_picked":["Poisoned Stab","Catalyst"],"picked":"Bouncing Flask","floor":6},{"not_picked":["Poisoned Stab","Blade Dance"],"picked":"Acrobatics","floor":10},{"not_picked":["Dagger Spray","Prepared","Caltrops"],"picked":"SKIP","floor":12},{"not_picked":["Poisoned Stab","Backstab","Choke"],"picked":"SKIP","floor":13},{"not_picked":["Venomology","Tools of the Trade"],"picked":"Burst","floor":16},{"not_picked":["Leg Sweep","Deflect+1"],"picked":"Cloak And Dagger","floor":18},{"not_picked":["Sentinel+1","Defragment+1"],"picked":"Flame Barrier+1","floor":21}],"player_experience":551425,"relics_obtained":[{"floor":6,"key":"War Paint"},{"floor":9,"key":"Tiny Chest"},{"floor":12,"key":"MawBank"},{"floor":14,"key":"Lantern"},{"floor":21,"key":"Red Mask"}],"event_choices":[{"cards_removed":["Strike_G"],"damage_healed":0,"gold_gain":0,"player_choice":"Card Removal","damage_taken":7,"max_hp_gain":0,"max_hp_loss":0,"event_name":"Golden Wing","floor":2,"gold_loss":0},{"damage_healed":0,"gold_gain":175,"player_choice":"AGREE","damage_taken":0,"max_hp_gain":0,"max_hp_loss":0,"event_name":"Liars Game","floor":3,"gold_loss":0,"cards_obtained":["Doubt"]},{"damage_healed":0,"gold_gain":0,"player_choice":"Trade","damage_taken":0,"relics_obtained":["FaceOfCleric"],"max_hp_gain":0,"max_hp_loss":0,"event_name":"FaceTrader","floor":11,"gold_loss":0},{"cards_removed":["Strike_G"],"damage_healed":0,"gold_gain":0,"player_choice":"Gave Gold","damage_taken":0,"max_hp_gain":0,"max_hp_loss":0,"event_name":"Beggar","floor":20,"gold_loss":75},{"damage_healed":0,"gold_gain":0,"player_choice":"Fought Bandits","damage_taken":0,"max_hp_gain":0,"max_hp_loss":0,"event_name":"Masked Bandits","floor":21,"gold_loss":0}],"is_beta":false,"boss_relics":[{"not_picked":["Busted Crown","Fusion Hammer"],"picked":"Eternal Feather"}],"items_purged_floors":[4],"is_endless":false,"potions_floor_spawned":[1,10,13,21],"killed_by":"2 Thieves","ascension_level":2}