{"gold_per_floor":[116,116,38,113,127,165,165,183,232,251,276,276,319,319,319,443,443,464,464,464,338,359,284,284,284,284,284],"floor_reached":27,"playtime":9016,"items_purged":["Enlightenment"],"score":269,"play_id":"0f91934d-d800-42a5-b898-778053be47ac","local_time":"20190701163849","is_ascension_mode":false,"campfire_choices":[{"floor":7.0,"key":"REST"},{"data":"Well Laid Plans","floor":12,"key":"SMITH"},{"floor":15,"key":"REST"},{"floor":24,"key":"REST"}],"neow_cost":"NONE","seed_source_timestamp":0,"circlet_count":0,"master_deck":["Defend_G","Defend_G","Defend_G","Defend_G","Defend_G","Survivor","Neutralize+1","Slice","Caltrops","Dash","Deadly Poison","Poisoned Stab","Dagger Spray","Well Laid Plans+1","PiercingWail","Dagger Throw","Glass Knife","Ghostly","Ghostly","Ghostly","Ghostly","Ghostly","Deadly Poison","Catalyst","Tactician","Bite","Bite","Bite","Bite","Bite"],"special_seed":0,"relics":["Ring of the Snake","Golden Idol","Art of War","Regal Pillow","Calipers","Sozu","Toxic Egg 2"],"potions_floor_usage":[13],"damage_taken":[{"damage":0.0,"enemies":"2 Louse","floor":1.0,"turns":4.0},{"damage":0.0,"enemies":"Cultist","floor":5.0,"turns":4.0},{"damage":36.0,"enemies":"Lagavulin","floor":6.0,"turns":8.0},{"damage":0.0,"enemies":"Jaw Worm","floor":8.0,"turns":4.0},{"damage":2.0,"enemies":"Exordium Wildlife","floor":10.0,"turns":4.0},{"damage":2,"enemies":"Blue Slaver","floor":11,"turns":4},{"damage":4,"enemies":"3 Sentries","floor":13,"turns":7},{"damage":9,"enemies":"Hexaghost","floor":16,"turns":9},{"damage":0,"enemies":"Chosen","floor":18,"turns":4},{"damage":1,"enemies":"Colosseum Slavers","floor":20,"turns":5},{"damage":2,"enemies":"Shell Parasite","floor":22,"turns":7},{"damage":28,"enemies":"Sentry and Sphere","floor":27,"turns":4}],"seed_played":"2003513233081414504","potions_obtained":[{"floor":10.0,"key":"Fire Potion"},{"floor":11,"key":"FairyPotion"},{"floor":16,"key":"SkillPotion"}],"is_trial":false,"path_per_floor":["M","?","$","?","M","E","R","M","T","M","M","R","E","?","R","B",null,"M","?","?","$","M","$","R","?","T","M"],"character_chosen":"THE_SILENT","items_purchased":["Caltrops","Deadly Poison","Tactician"],"campfire_rested":3,"item_purchase_floors":[3,21,23],"current_hp_per_floor":[70,53,53,42,42,6,27,27,27,25,23,23,19,19,55,46,70,70,35,34,34,32,32,35,24,24,0],"gold":284,"neow_bonus":"UPGRADE_CARD","is_prod":false,"is_daily":false,"chose_seed":false,"campfire_upgraded":1,"win_rate":0,"timestamp":1562013529,"path_taken":["M","?","$","?","M","E","R","M","T","M","M","R","E","?","R","BOSS","M","?","?","$","?","$","R","?","T","M"],"build_version":"2019-01-23","purchased_purges":1,"victory":false,"max_hp_per_floor":[70,70,70,70,70,70,70,70,70,70,70,70,70,70,70,70,70,70,35,35,35,35,35,35,24,24,24],"card_choices":[{"not_picked":["Blade Dance","Dagger Spray"],"picked":"Slice","floor":1.0},{"not_picked":["Masterful Stab","Blade Dance"],"picked":"Dash","floor":5.0},{"not_picked":["Reflex","Concentrate"],"picked":"Deadly Poison","floor":6.0},{"not_picked":["Dagger Throw","All Out Attack"],"picked":"Poisoned Stab","floor":8.0},{"not_picked":["Dagger Throw","Acrobatics"],"picked":"Dagger Spray","floor":10.0},{"not_picked":["Acrobatics","Adrenaline"],"picked":"Well Laid Plans","floor":11},{"not_picked":["Backflip","Phantasmal Killer"],"picked":"PiercingWail","floor":13},{"not_picked":["Storm of Steel","Envenom"],"picked":"Glass Knife","floor":16},{"not_picked":["Flying Knee+1","Tactician","Dagger Spray"],"picked":"SKIP","floor":18},{"not_picked":["Eviscerate","Deadly Poison"],"picked":"Catalyst","floor":22}],"player_experience":2360166,"relics_obtained":[{"floor":6.0,"key":"Art of War"},{"floor":9.0,"key":"Regal Pillow"},{"floor":13,"key":"Calipers"},{"floor":26,"key":"Toxic Egg 2"}],"event_choices":[{"damage_healed":0.0,"max_hp_gain":0.0,"max_hp_loss":0.0,"gold_gain":0.0,"event_name":"Golden Idol","player_choice":"Take Damage","floor":2.0,"gold_loss":0.0,"damage_taken":17.0,"relics_obtained":["Golden Idol"]},{"damage_healed":0.0,"max_hp_gain":0.0,"max_hp_loss":0.0,"gold_gain":75.0,"event_name":"World of Goop","player_choice":"Gather Gold","floor":4.0,"gold_loss":0.0,"damage_taken":11.0},{"damage_healed":0,"gold_gain":0,"player_choice":"2 cards matched","damage_taken":0,"max_hp_gain":0,"max_hp_loss":0,"event_name":"Match and Keep!","floor":14,"gold_loss":0,"cards_obtained":["Enlightenment","Dagger Throw"]},{"damage_healed":0,"gold_gain":0,"player_choice":"Became a Ghost","damage_taken":0,"max_hp_gain":0,"max_hp_loss":35,"event_name":"Ghosts","floor":19,"gold_loss":0,"cards_obtained":["Ghostly","Ghostly","Ghostly","Ghostly","Ghostly"]},{"damage_healed":0,"gold_gain":0,"player_choice":"Fight","damage_taken":0,"max_hp_gain":0,"max_hp_loss":0,"event_name":"Colosseum","floor":20,"gold_loss":0},{"damage_healed":0,"gold_gain":0,"player_choice":"Fled From Nobs","damage_taken":0,"max_hp_gain":0,"max_hp_loss":0,"event_name":"Colosseum","floor":20,"gold_loss":0},{"damage_healed":0,"gold_gain":0,"player_choice":"Became a vampire","damage_taken":0,"max_hp_gain":0,"max_hp_loss":11,"event_name":"Vampires","floor":25,"gold_loss":0,"cards_obtained":["Bite","Bite","Bite","Bite","Bite"]}],"is_beta":false,"boss_relics":[{"not_picked":["Black Star","Coffee Dripper"],"picked":"Sozu"}],"items_purged_floors":[21],"is_endless":false,"potions_floor_spawned":[10,11,16,20],"killed_by":"Sentry and Sphere","ascension_level":0}