{"path_per_floor":["M","M","M","M","$","R","E","R","T","E","M","R","M","M","R","B",null,"M","$","M","?","M","R","E","R","T","M","R","M","$","E","R","B",null,"M","?","M","M","M","R","E","R","T","M","?","?","?","M","R","B"],"character_chosen":"DEFECT","items_purchased":["Sunder"],"gold_per_floor":[114,125,141,154,11,11,46,46,46,80,91,91,104,123,123,223,223,233,133,150,150,165,165,190,190,190,207,207,218,93,123,123,228,228,242,242,256,272,291,291,319,319,374,387,387,387,387,398,398,398],"floor_reached":51,"campfire_rested":1,"playtime":4982,"item_purchase_floors":[5],"current_hp_per_floor":[74,71,71,62,62,62,45,45,45,25,26,26,26,19,19,19,75,70,70,75,61,70,70,45,45,45,55,55,62,62,62,62,31,80,80,80,77,73,73,73,45,45,45,52,52,52,52,52,76,34],"items_purged":["Dualcast","Strike_B","Strike_B"],"gold":398,"score":731,"play_id":"1f1bf9e6-57d1-4d8c-9f00-454c7c5b9846","local_time":"20180602215655","is_prod":false,"is_daily":false,"chose_seed":false,"is_ascension_mode":false,"campfire_upgraded":10,"win_rate":0,"timestamp":1527973015,"campfire_choices":[{"data":"Zap","floor":6,"key":"SMITH"},{"data":"White Noise","floor":8,"key":"SMITH"},{"data":"Defragment","floor":12,"key":"SMITH"},{"data":"Defragment","floor":15,"key":"SMITH"},{"data":"Electrodynamics","floor":23,"key":"SMITH"},{"data":"Ball Lightning","floor":25,"key":"SMITH"},{"data":"Cold Snap","floor":28,"key":"SMITH"},{"data":"Seek","floor":32,"key":"SMITH"},{"data":"Scrape","floor":40,"key":"SMITH"},{"data":"Coolheaded","floor":42,"key":"SMITH"},{"floor":49,"key":"REST"}],"path_taken":["M","M","M","?","$","R","E","R","T","E","?","R","M","M","R","BOSS","M","$","M","?","M","R","E","R","T","M","R","?","?","E","R","BOSS","M","?","M","M","M","R","E","R","T","M","?","?","?","M","R","BOSS"],"build_version":"2018-05-31","seed_source_timestamp":193329320309899,"purchased_purges":3,"victory":true,"master_deck":["Strike_B","Defend_B","Defend_B","Defend_B","Defend_B","Zap+1","Seek+1","White Noise+1","Defragment+1","Streamline","Defragment+1","Sunder","Scrape+1","Ball Lightning+1","Coolheaded+1","Cold Snap+1","Electrodynamics+1","Self Repair","White Noise+1","Redo+1","Defragment+1","Thunder Strike","Leap+1","Chill+1","Decay","Chaos+1"],"max_hp_per_floor":[75,75,75,75,75,75,75,75,75,75,75,75,75,75,75,75,75,75,75,75,80,80,80,80,80,80,80,80,80,80,80,80,80,80,80,80,80,80,80,80,80,80,80,80,80,80,80,80,80,80],"relics":["Cracked Core","Cables","Mercury Hourglass","Toolbox","Nuclear Battery","Lantern","Blue Candle","Bottled Tornado","Cursed Key","Pen Nib","Omamori"],"card_choices":[{"not_picked":["Compile Driver","Coolheaded"],"picked":"White Noise","floor":1},{"not_picked":["Beam Cell","Barrage"],"picked":"Defragment","floor":2},{"not_picked":["Rebound","FTL"],"picked":"Streamline","floor":3},{"not_picked":["Go for the Eyes","Consume"],"picked":"Defragment","floor":4},{"not_picked":["Hyperbeam","Darkness"],"picked":"Scrape","floor":7},{"not_picked":["Streamline","Conserve Battery"],"picked":"Ball Lightning","floor":10},{"not_picked":["Ball Lightning","Barrage"],"picked":"Coolheaded","floor":11},{"not_picked":["Recycle","Streamline","Hello World"],"picked":"SKIP","floor":13},{"not_picked":["Sweeping Beam","Scrape"],"picked":"Cold Snap","floor":14},{"not_picked":["Biased Cognition","Hyperbeam"],"picked":"Electrodynamics","floor":16},{"not_picked":["Conserve Battery","Rebound"],"picked":"Self Repair","floor":18},{"not_picked":["Hologram","Hello World"],"picked":"White Noise+1","floor":20},{"not_picked":["Loop","Turbo"],"picked":"Redo+1","floor":22},{"not_picked":["Blizzard+1","Biased Cognition","Coolheaded"],"picked":"SKIP","floor":24},{"not_picked":["Skim","Darkness"],"picked":"Defragment+1","floor":27},{"not_picked":["Cold Snap","Steam","Sweeping Beam"],"picked":"SKIP","floor":29},{"not_picked":["Force Field","Streamline","Gash"],"picked":"SKIP","floor":31},{"not_picked":["All For One","Core Surge"],"picked":"Thunder Strike","floor":33},{"not_picked":["Defragment","Conserve Battery+1"],"picked":"Leap+1","floor":35},{"not_picked":["Sunder","Cold Snap+1","Steam Power+1"],"picked":"SKIP","floor":37},{"not_picked":["Cold Snap","Streamline","Sweeping Beam"],"picked":"SKIP","floor":38},{"not_picked":["Aggregate+1","Sunder","Hologram"],"picked":"SKIP","floor":39},{"not_picked":["FTL","Force Field"],"picked":"Chill+1","floor":41},{"not_picked":["Auto Shields","Reprogram"],"picked":"Chaos","floor":44},{"not_picked":["Barrage","Recycle+1","All For One"],"picked":"SKIP","floor":48}],"player_experience":606848,"potions_floor_usage":[16,16,31,33,50,50],"damage_taken":[{"damage":1,"enemies":"Cultist","floor":1,"turns":3},{"damage":3,"enemies":"2 Louse","floor":2,"turns":3},{"damage":0,"enemies":"Small Slimes","floor":3,"turns":3},{"damage":9,"enemies":"Blue Slaver","floor":4,"turns":3},{"damage":17,"enemies":"3 Sentries","floor":7,"turns":5},{"damage":20,"enemies":"Lagavulin","floor":10,"turns":4},{"damage":3,"enemies":"3 Louse","floor":11,"turns":2},{"damage":0,"enemies":"Large Slime","floor":13,"turns":2},{"damage":7,"enemies":"2 Fungi Beasts","floor":14,"turns":2},{"damage":0,"enemies":"Slime Boss","floor":16,"turns":4},{"damage":5,"enemies":"3 Byrds","floor":18,"turns":2},{"damage":0,"enemies":"Spheric Guardian","floor":20,"turns":2},{"damage":5,"enemies":"Cultist and Chosen","floor":22,"turns":4},{"damage":29,"enemies":"Gremlin Leader","floor":24,"turns":4},{"damage":0,"enemies":"Slaver and Parasite","floor":27,"turns":3},{"damage":0,"enemies":"Snake Plant","floor":29,"turns":2},{"damage":9,"enemies":"Slavers","floor":31,"turns":3},{"damage":45,"enemies":"Automaton","floor":33,"turns":8},{"damage":0,"enemies":"3 Darklings","floor":35,"turns":2},{"damage":3,"enemies":"Orb Walker","floor":37,"turns":2},{"damage":4,"enemies":"Maw","floor":38,"turns":5},{"damage":0,"enemies":"Sphere and 2 Shapes","floor":39,"turns":2},{"damage":35,"enemies":"Nemesis","floor":41,"turns":5},{"damage":0,"enemies":"3 Darklings","floor":44,"turns":2},{"damage":7,"enemies":"Maw","floor":48,"turns":6},{"damage":49,"enemies":"Time Eater","floor":50,"turns":8}],"relics_obtained":[{"floor":7,"key":"Cables"},{"floor":9,"key":"Mercury Hourglass"},{"floor":10,"key":"Toolbox"},{"floor":24,"key":"Lantern"},{"floor":26,"key":"Blue Candle"},{"floor":31,"key":"Bottled Tornado"},{"floor":41,"key":"Pen Nib"},{"floor":43,"key":"Omamori"}],"event_choices":[{"event_name":"Forgotten Altar","player_choice":"Shed Blood","floor":21,"damage_taken":0},{"event_name":"SensoryStone","player_choice":"Memory 1","floor":36,"damage_taken":0},{"event_name":"Tomb of Lord Red Mask","player_choice":"Ignored","floor":45,"damage_taken":0},{"event_name":"Upgrade Shrine","player_choice":"Upgraded","floor":46,"damage_taken":0}],"boss_relics":[{"not_picked":["Runic Dome","Lizard Tail"],"picked":"Nuclear Battery"},{"not_picked":["Calling Bell","Orrery"],"picked":"Cursed Key"}],"items_purged_floors":[5,19,30],"potions_floor_spawned":[1,7,10,11,16,20,22,41,44,48],"seed_played":"-710123510977722069","ascension_level":0,"potions_obtained":[{"floor":1,"key":"Strength Potion"},{"floor":7,"key":"FocusPotion"},{"floor":10,"key":"Strength Potion"},{"floor":16,"key":"Regen Potion"},{"floor":20,"key":"FearPotion"},{"floor":41,"key":"LiquidBronze"},{"floor":44,"key":"Ancient Potion"},{"floor":48,"key":"Explosive Potion"}],"is_trial":false}