{"gold_per_floor":[118,118,129,204,224,235,235,385,408,333,333,39,39,51,51,51],"floor_reached":16,"playtime":512,"items_purged":["Doubt"],"score":180,"play_id":"66a59d09-9543-4175-a8c3-3e4a51fe46ae","local_time":"20190127125629","is_ascension_mode":true,"campfire_choices":[{"data":"Pommel Strike","floor":7,"key":"SMITH"},{"data":"Shrug It Off","floor":13,"key":"SMITH"},{"data":"Cleave","floor":15,"key":"SMITH"}],"neow_cost":"NONE","seed_source_timestamp":290013183987300,"circlet_count":0,"master_deck":["AscendersBane","Strike_R","Strike_R","Strike_R","Strike_R","Strike_R","Defend_R","Defend_R","Defend_R","Defend_R","Bash+1","Shrug It Off+1","Cleave","Cleave+1","Pommel Strike+1","Shockwave","Evolve"],"relics":["Burning Blood","Anchor","Juzu Bracelet","ClockworkSouvenir"],"potions_floor_usage":[16],"damage_taken":[{"damage":19,"enemies":"Jaw Worm","floor":1,"turns":4},{"damage":0,"enemies":"Small Slimes","floor":3,"turns":4},{"damage":0,"enemies":"2 Louse","floor":5,"turns":2},{"damage":18,"enemies":"Exordium Thugs","floor":6,"turns":3},{"damage":8,"enemies":"Blue Slaver","floor":14,"turns":3},{"damage":47,"enemies":"Slime Boss","floor":16,"turns":9}],"seed_played":"2980726886171048927","potions_obtained":[{"floor":6,"key":"Strength Potion"},{"floor":14,"key":"Strength Potion"}],"is_trial":false,"path_per_floor":["M","?","M","?","M","M","R","?","T","$","?","$","R","M","R","B"],"character_chosen":"IRONCLAD","items_purchased":["ClockworkSouvenir","Shockwave"],"campfire_rested":0,"item_purchase_floors":[12,12],"current_hp_per_floor":[55,60,66,55,61,49,49,49,49,49,49,49,49,47,47,0],"gold":51,"neow_bonus":"RANDOM_COMMON_RELIC","is_prod":false,"is_daily":false,"chose_seed":false,"campfire_upgraded":3,"win_rate":0,"timestamp":1548593789,"path_taken":["M","?","M","?","M","M","R","?","T","$","?","$","R","M","R","BOSS"],"build_version":"2019-01-23","purchased_purges":1,"victory":false,"max_hp_per_floor":[75,80,80,80,80,80,80,80,80,80,80,80,80,80,80,80],"card_choices":[{"not_picked":["Twin Strike","Whirlwind"],"picked":"Shrug It Off","floor":1},{"not_picked":["Rampage","Clothesline"],"picked":"Cleave","floor":3},{"not_picked":["Entrench","Rupture"],"picked":"Cleave","floor":5},{"not_picked":["Perfected Strike","Entrench"],"picked":"Pommel Strike","floor":6},{"not_picked":["Rupture","Pommel Strike"],"picked":"Evolve","floor":14}],"player_experience":1222879,"relics_obtained":[{"floor":9,"key":"Juzu Bracelet"}],"event_choices":[{"damage_healed":0,"gold_gain":0,"player_choice":"Donut","damage_taken":0,"max_hp_gain":5,"max_hp_loss":0,"event_name":"Big Fish","floor":2,"gold_loss":0},{"damage_healed":0,"gold_gain":75,"player_choice":"Gather Gold","damage_taken":11,"max_hp_gain":0,"max_hp_loss":0,"event_name":"World of Goop","floor":4,"gold_loss":0},{"damage_healed":0,"gold_gain":150,"player_choice":"AGREE","damage_taken":0,"max_hp_gain":0,"max_hp_loss":0,"event_name":"Liars Game","floor":8,"gold_loss":0,"cards_obtained":["Doubt"]},{"damage_healed":0,"gold_gain":0,"player_choice":"Grow","damage_taken":0,"max_hp_gain":0,"max_hp_loss":0,"event_name":"Living Wall","floor":11,"gold_loss":0,"cards_upgraded":["Bash"]}],"is_beta":false,"boss_relics":[],"items_purged_floors":[10],"is_endless":false,"potions_floor_spawned":[6,14],"killed_by":"Slime Boss","ascension_level":20}