{"gold_per_floor":[111,121,131,144,144,169,169,187,187,203,219,219,234,5,5,104,104,121,31,45,56,74,74,104,104,151,151,161,179,190,200,200,297,297,315,326,38,57,68,68,68,85,85,85,85,85,99,117,117,117],"floor_reached":51,"playtime":4791,"items_purged":[],"score":688,"play_id":"da720098-f44d-41fc-b72f-0bf525aa27d5","local_time":"20190705230106","is_ascension_mode":true,"campfire_choices":[{"floor":7,"key":"REST"},{"data":"Armaments","floor":15,"key":"SMITH"},{"floor":23,"key":"REST"},{"data":"Defend_R","floor":25,"key":"PURGE"},{"data":"Strike_R","floor":27,"key":"PURGE"},{"data":"Defend_R","floor":32,"key":"PURGE"},{"data":"Parasite","floor":40,"key":"PURGE"},{"floor":41,"key":"REST"},{"floor":45,"key":"REST"},{"floor":49,"key":"REST"}],"neow_cost":"TEN_PERCENT_HP_LOSS","seed_source_timestamp":1973426467687800,"circlet_count":0,"master_deck":["Strike_R+1","Strike_R","Strike_R","Defend_R","Defend_R","Bash","Cleave","Corruption","Disarm","Intimidate+1","Warcry","Armaments+1","Disarm","Uppercut","Infernal Blade","Double Tap+1","Flash of Steel","Reaper","Warcry+1","Infernal Blade+1","Battle Trance","Double Tap","Armaments","Headbutt+1","Demon Form","Infernal Blade","Feel No Pain","Sentinel","Battle Trance","Metallicize+1","Whirlwind","Evolve+1","Dual Wield","Pommel Strike+1","Parasite","Shrug It Off+1"],"relics":["Burning Blood","Charon\u0027s Ashes","CultistMask","Pen Nib","Peace Pipe","Fusion Hammer","Kunai","War Paint","Orrery","WingedGreaves","Paper Frog"],"potions_floor_usage":[33,48,48,50,50],"damage_taken":[{"damage":10,"enemies":"Cultist","floor":1,"turns":4},{"damage":9,"enemies":"Jaw Worm","floor":2,"turns":4},{"damage":3,"enemies":"Small Slimes","floor":3,"turns":3},{"damage":31,"enemies":"Exordium Thugs","floor":4,"turns":5},{"damage":34,"enemies":"3 Sentries","floor":6,"turns":5},{"damage":11,"enemies":"Gremlin Gang","floor":8,"turns":3},{"damage":0,"enemies":"Lots of Slimes","floor":10,"turns":1},{"damage":1,"enemies":"2 Fungi Beasts","floor":11,"turns":3},{"damage":4,"enemies":"Gremlin Gang","floor":13,"turns":3},{"damage":12,"enemies":"Hexaghost","floor":16,"turns":9},{"damage":3,"enemies":"Shell Parasite","floor":18,"turns":2},{"damage":14,"enemies":"2 Thieves","floor":20,"turns":3},{"damage":25,"enemies":"Chosen and Byrds","floor":21,"turns":5},{"damage":9,"enemies":"Centurion and Healer","floor":22,"turns":4},{"damage":41,"enemies":"Slavers","floor":24,"turns":4},{"damage":5,"enemies":"Snecko","floor":28,"turns":5},{"damage":13,"enemies":"Shelled Parasite and Fungi","floor":29,"turns":4},{"damage":18,"enemies":"Snake Plant","floor":30,"turns":3},{"damage":13,"enemies":"Sentry and Sphere","floor":31,"turns":3},{"damage":58,"enemies":"Champ","floor":33,"turns":11},{"damage":26,"enemies":"3 Darklings","floor":35,"turns":4},{"damage":22,"enemies":"3 Shapes","floor":36,"turns":5},{"damage":19,"enemies":"Maw","floor":38,"turns":6},{"damage":16,"enemies":"Writhing Mass","floor":39,"turns":8},{"damage":30,"enemies":"Spire Growth","floor":42,"turns":5},{"damage":54,"enemies":"Jaw Worm Horde","floor":47,"turns":3},{"damage":8,"enemies":"Writhing Mass","floor":48,"turns":5},{"damage":56,"enemies":"Donu and Deca","floor":50,"turns":6}],"seed_played":"5127961572693325533","potions_obtained":[{"floor":2,"key":"Weak Potion"},{"floor":4,"key":"FearPotion"},{"floor":6,"key":"Weak Potion"},{"floor":11,"key":"Strength Potion"},{"floor":21,"key":"EssenceOfSteel"},{"floor":29,"key":"Energy Potion"},{"floor":30,"key":"Block Potion"},{"floor":33,"key":"Fruit Juice"},{"floor":36,"key":"Explosive Potion"},{"floor":42,"key":"AttackPotion"},{"floor":48,"key":"Strength Potion"}],"is_trial":false,"path_per_floor":["M","M","M","M","?","E","R","M","T","M","M","?","M","$","R","B",null,"M","?","M","M","M","R","E","R","T","R","M","M","M","M","R","B",null,"M","M","$","M","M","R","R","M","T","?","R","?","M","M","R","B",null],"character_chosen":"IRONCLAD","items_purchased":["Double Tap","Flash of Steel","WingedGreaves"],"campfire_rested":5,"item_purchase_floors":[14,14,37],"current_hp_per_floor":[68,65,68,43,43,15,36,31,31,37,42,47,49,49,49,43,77,77,77,69,50,47,70,63,63,63,63,74,73,67,65,65,28,82,62,55,55,42,39,39,62,38,38,38,61,61,13,18,41,57],"gold":117,"neow_bonus":"ONE_RARE_RELIC","is_prod":false,"is_daily":false,"chose_seed":false,"campfire_upgraded":1,"win_rate":0,"timestamp":1562392866,"path_taken":["M","M","M","M","?","E","R","M","T","?","M","?","M","$","R","BOSS","M","?","M","M","?","R","E","R","T","R","M","M","M","?","R","BOSS","M","M","$","M","M","R","R","M","T","?","R","?","?","?","R","BOSS"],"build_version":"2019-07-05","purchased_purges":0,"victory":true,"max_hp_per_floor":[72,72,72,72,72,72,72,72,72,72,72,77,77,77,77,77,77,77,77,77,77,77,77,77,77,77,77,77,77,77,77,77,82,82,82,82,82,82,82,79,79,79,79,79,79,79,79,79,79,79],"card_choices":[{"not_picked":["Warcry","Clothesline"],"picked":"Cleave","floor":1},{"not_picked":["Twin Strike","Warcry"],"picked":"Corruption","floor":2},{"not_picked":["Headbutt","Heavy Blade"],"picked":"Disarm","floor":3},{"not_picked":["Anger","Perfected Strike"],"picked":"Intimidate","floor":4},{"not_picked":["Clothesline","Second Wind"],"picked":"Warcry","floor":6},{"not_picked":["Shrug It Off","Warcry"],"picked":"Armaments","floor":8},{"not_picked":["Dual Wield","Havoc"],"picked":"Disarm","floor":10},{"not_picked":["Wild Strike","Entrench"],"picked":"Uppercut","floor":11},{"not_picked":["Havoc","Pummel"],"picked":"Infernal Blade","floor":13},{"not_picked":["Exhume","Immolate"],"picked":"Reaper","floor":16},{"not_picked":["Second Wind","Pommel Strike"],"picked":"Warcry+1","floor":18},{"not_picked":["Thunderclap","Havoc","Body Slam+1"],"picked":"SKIP","floor":20},{"not_picked":["Metallicize","Thunderclap+1"],"picked":"Infernal Blade+1","floor":21},{"not_picked":["Flex","Shockwave"],"picked":"Battle Trance","floor":22},{"not_picked":["Sever Soul","Twin Strike","Heavy Blade"],"picked":"SKIP","floor":24},{"not_picked":["Corruption","Sever Soul","Combust+1"],"picked":"SKIP","floor":28},{"not_picked":["Sword Boomerang","Searing Blow+1"],"picked":"Double Tap","floor":29},{"not_picked":["Rupture","Carnage"],"picked":"Armaments","floor":30},{"not_picked":["Cleave","Bloodletting"],"picked":"Headbutt+1","floor":31},{"not_picked":["Juggernaut","Double Tap"],"picked":"Demon Form","floor":33},{"not_picked":["Anger","Sword Boomerang"],"picked":"Infernal Blade","floor":34},{"not_picked":["Armaments","Spot Weakness+1"],"picked":"Feel No Pain","floor":34},{"not_picked":["Perfected Strike","Clothesline"],"picked":"Sentinel","floor":34},{"not_picked":["Clothesline+1","Uppercut"],"picked":"Battle Trance","floor":34},{"not_picked":["Blood for Blood","Anger"],"picked":"Metallicize+1","floor":35},{"not_picked":["Juggernaut","Clash+1"],"picked":"Whirlwind","floor":36},{"not_picked":["Flex","Perfected Strike"],"picked":"Evolve+1","floor":38},{"not_picked":["Twin Strike+1","Clothesline"],"picked":"Dual Wield","floor":39},{"not_picked":["Body Slam+1","Armaments+1"],"picked":"Pommel Strike+1","floor":42},{"not_picked":["Wild Strike","Cleave+1","Twin Strike+1"],"picked":"SKIP","floor":47},{"not_picked":["Exhume","Combust+1"],"picked":"Shrug It Off+1","floor":48}],"player_experience":51162,"relics_obtained":[{"floor":6,"key":"Pen Nib"},{"floor":9,"key":"Peace Pipe"},{"floor":24,"key":"Kunai"},{"floor":26,"key":"War Paint"},{"floor":43,"key":"Paper Frog"}],"event_choices":[{"damage_healed":0,"gold_gain":0,"player_choice":"Trade","damage_taken":0,"relics_obtained":["CultistMask"],"max_hp_gain":0,"max_hp_loss":0,"event_name":"FaceTrader","floor":5,"gold_loss":0},{"damage_healed":0,"gold_gain":0,"player_choice":"Donut","damage_taken":0,"max_hp_gain":5,"max_hp_loss":0,"event_name":"Big Fish","floor":12,"gold_loss":0},{"cards_removed":["Strike_R"],"damage_healed":0,"gold_gain":0,"player_choice":"Upgrade and Remove","damage_taken":0,"max_hp_gain":0,"max_hp_loss":0,"event_name":"Designer","floor":19,"gold_loss":90,"cards_upgraded":["Strike_R"]},{"damage_healed":0,"gold_gain":0,"player_choice":"Ignored","damage_taken":0,"max_hp_gain":0,"max_hp_loss":0,"event_name":"Mysterious Sphere","floor":44,"gold_loss":0},{"damage_healed":0,"gold_gain":0,"player_choice":"Ignored","damage_taken":0,"max_hp_gain":0,"max_hp_loss":0,"event_name":"SecretPortal","floor":46,"gold_loss":0}],"is_beta":false,"boss_relics":[{"not_picked":["Astrolabe","White Beast Statue"],"picked":"Fusion Hammer"},{"not_picked":["Tiny House","Lizard Tail"],"picked":"Orrery"}],"items_purged_floors":[],"is_endless":false,"potions_floor_spawned":[2,4,6,11,18,21,29,30,33,36,39,42,48],"ascension_level":1}