{"gold_per_floor":[110,110,121,121,132,132,161,161,161,189,189,189],"floor_reached":12,"playtime":519,"items_purged":[],"score":86,"play_id":"2e987770-5f07-4857-9c26-2b2408007f06","local_time":"20190703202517","is_ascension_mode":false,"campfire_choices":[{"data":"Flame Barrier","floor":6,"key":"SMITH"},{"data":"Berserk","floor":8,"key":"SMITH"},{"data":"Combust","floor":11,"key":"SMITH"}],"neow_cost":"NONE","seed_source_timestamp":356656374101706,"circlet_count":0,"master_deck":["Strike_R+1","Strike_R+1","Defend_R","Defend_R","Defend_R","Bash","Cleave+1","Bloodletting+1","Rampage+1","Sever Soul","Disarm","Flame Barrier+1","Berserk+1","Combust+1"],"relics":["Astrolabe","Unceasing Top","WingedGreaves","Thread and Needle"],"potions_floor_usage":[12],"damage_taken":[{"damage":1,"enemies":"Jaw Worm","floor":1,"turns":3},{"damage":0,"enemies":"Small Slimes","floor":3,"turns":3},{"damage":4,"enemies":"Cultist","floor":5,"turns":3},{"damage":26,"enemies":"3 Sentries","floor":7,"turns":6},{"damage":20,"enemies":"Gremlin Nob","floor":10,"turns":5},{"damage":6,"enemies":"Exordium Thugs","floor":12,"turns":2}],"seed_played":"-1869570842807603623","potions_obtained":[{"floor":1,"key":"Energy Potion"}],"is_trial":false,"path_per_floor":["M","?","M","?","M","R","E","R","T","E","R","M"],"character_chosen":"IRONCLAD","items_purchased":[],"campfire_rested":0,"item_purchase_floors":[],"current_hp_per_floor":[79,63,63,56,52,52,26,26,26,6,6,0],"gold":189,"neow_bonus":"BOSS_RELIC","is_prod":false,"is_daily":false,"chose_seed":false,"campfire_upgraded":3,"win_rate":0.0,"timestamp":1562153117,"path_taken":["M","?","M","?","M","R","E","R","T","E","R","?"],"build_version":"2019-07-01","purchased_purges":0,"victory":false,"max_hp_per_floor":[80,80,80,80,80,80,80,80,80,80,80,80],"card_choices":[{"not_picked":["Reckless Charge","Perfected Strike"],"picked":"Sever Soul","floor":1},{"not_picked":["Flex","Clash"],"picked":"Disarm","floor":3},{"not_picked":["Pommel Strike","Sever Soul"],"picked":"Flame Barrier","floor":5},{"not_picked":["Juggernaut","Body Slam"],"picked":"Berserk","floor":7},{"not_picked":["Uppercut","Shockwave"],"picked":"Combust","floor":10}],"player_experience":6494,"relics_obtained":[{"floor":7,"key":"Unceasing Top"},{"floor":9,"key":"WingedGreaves"},{"floor":10,"key":"Thread and Needle"}],"event_choices":[{"damage_healed":0,"gold_gain":0,"player_choice":"Entered Light","damage_taken":16,"max_hp_gain":0,"max_hp_loss":0,"event_name":"Shining Light","floor":2,"gold_loss":0,"cards_upgraded":["Strike_R","Strike_R"]},{"cards_removed":["Strike_R"],"damage_healed":0,"gold_gain":0,"player_choice":"Card Removal","damage_taken":7,"max_hp_gain":0,"max_hp_loss":0,"event_name":"Golden Wing","floor":4,"gold_loss":0}],"is_beta":false,"boss_relics":[],"items_purged_floors":[],"is_endless":false,"potions_floor_spawned":[1],"killed_by":"Exordium Thugs","ascension_level":0}