{"gold_per_floor":[113,113,7,7,7,7,18,35,89,89,123,123,156,156],"floor_reached":14,"playtime":574,"items_purged":[],"score":192,"play_id":"594be22a-bf49-4cc9-b46e-e3f2c2bda9c0","local_time":"20190117204040","is_ascension_mode":true,"campfire_choices":[{"data":"Dramatic Entrance","floor":6,"key":"SMITH"},{"data":"Disarm","floor":10,"key":"SMITH"},{"floor":12,"key":"REST"}],"neow_cost":"CURSE","seed_source_timestamp":122729939607690,"circlet_count":0,"master_deck":["AscendersBane","Strike_R","Strike_R","Strike_R","Strike_R","Strike_R","Defend_R","Defend_R","Defend_R","Defend_R","Bash","Dark Shackles","Good Instincts","Dramatic Entrance+1","Disarm+1","Evolve"],"relics":["Burning Blood","Omamori","Vajra","Matryoshka"],"potions_floor_usage":[11,11,13,14],"damage_taken":[{"damage":1,"enemies":"Small Slimes","floor":1,"turns":5},{"damage":7,"enemies":"Cultist","floor":7,"turns":4},{"damage":5,"enemies":"Jaw Worm","floor":8,"turns":5},{"damage":62,"enemies":"3 Sentries","floor":11,"turns":13},{"damage":26,"enemies":"Lagavulin","floor":13,"turns":6},{"damage":30,"enemies":"Gremlin Gang","floor":14,"turns":3}],"seed_played":"-2120238726425311939","potions_obtained":[{"floor":1,"key":"Regen Potion"},{"floor":2,"key":"Dexterity Potion"},{"floor":11,"key":"Strength Potion"},{"floor":13,"key":"EssenceOfSteel"}],"is_trial":false,"path_per_floor":["M","?","$","?","?","R","M","M","T","R","E","R","E","M"],"character_chosen":"IRONCLAD","items_purchased":["Dramatic Entrance"],"campfire_rested":1,"item_purchase_floors":[3],"current_hp_per_floor":[73,73,73,72,72,72,71,72,72,72,29,50,30,0],"gold":156,"neow_bonus":"RANDOM_COLORLESS_2","is_prod":false,"is_daily":false,"chose_seed":false,"campfire_upgraded":2,"win_rate":0,"timestamp":1547757640,"path_taken":["M","?","?","?","?","R","?","M","T","R","E","R","E","M"],"build_version":"2019-01-10","purchased_purges":0,"victory":false,"max_hp_per_floor":[75,75,75,72,72,72,72,72,72,72,72,72,72,72],"card_choices":[{"not_picked":["Searing Blow","Combust","Heavy Blade"],"picked":"SKIP","floor":1},{"not_picked":["Hemokinesis","Body Slam"],"picked":"Disarm","floor":7},{"not_picked":["Intimidate","Seeing Red","Combust"],"picked":"SKIP","floor":8},{"not_picked":["Dropkick","Flex","Sentinel"],"picked":"SKIP","floor":11},{"not_picked":["Dark Embrace","Corruption"],"picked":"Evolve","floor":13}],"player_experience":1169057,"relics_obtained":[{"floor":9,"key":"Omamori"},{"floor":11,"key":"Vajra"},{"floor":13,"key":"Matryoshka"}],"event_choices":[{"damage_healed":0,"gold_gain":0,"player_choice":"Got Potions","damage_taken":0,"max_hp_gain":0,"max_hp_loss":0,"event_name":"Lab","floor":2,"gold_loss":0},{"cards_removed":["Parasite"],"damage_healed":0,"gold_gain":0,"player_choice":"Forget","damage_taken":0,"max_hp_gain":0,"max_hp_loss":0,"event_name":"Living Wall","floor":4,"gold_loss":0},{"damage_healed":0,"gold_gain":0,"player_choice":"0 cards matched","damage_taken":0,"max_hp_gain":0,"max_hp_loss":0,"event_name":"Match and Keep!","floor":5,"gold_loss":0,"cards_obtained":[]}],"is_beta":false,"boss_relics":[],"items_purged_floors":[],"is_endless":false,"potions_floor_spawned":[1,11,13],"killed_by":"Gremlin Gang","ascension_level":20}