{"gold_per_floor":[113,131,131,145,145,145,169,169,251,321,321,335,366,382,382,513,513,527,131,149,168,43,43,43],"floor_reached":24,"playtime":915,"items_purged":[],"score":208,"play_id":"2348675e-6720-47b8-b107-0dfe2d81363e","local_time":"20190705181655","is_ascension_mode":false,"campfire_choices":[{"data":"Loop","floor":6,"key":"SMITH"},{"floor":8,"key":"REST"},{"floor":11,"key":"REST"},{"floor":15,"key":"REST"},{"data":"Loop","floor":23,"key":"SMITH"}],"neow_cost":"NONE","seed_source_timestamp":1203982391970369,"circlet_count":0,"master_deck":["Strike_B","Strike_B","Strike_B","Strike_B","Defend_B","Defend_B","Defend_B","Defend_B","Zap","Dualcast","Loop+1","Ball Lightning","Barrage","Undo","Rip and Tear","Hologram","Leap","Conserve Battery","Seek","Reinforced Body","Defragment","Coolheaded","Loop+1","Leap"],"relics":["Cracked Core","Golden Idol","Centennial Puzzle","Pear","Tiny Chest","Anchor","Sozu","Runic Capacitor","Pen Nib"],"potions_floor_usage":[16,16],"damage_taken":[{"damage":0,"enemies":"Small Slimes","floor":1,"turns":3},{"damage":6,"enemies":"Jaw Worm","floor":2,"turns":3},{"damage":5,"enemies":"2 Louse","floor":4,"turns":3},{"damage":11,"enemies":"Large Slime","floor":7,"turns":5},{"damage":18,"enemies":"Lagavulin","floor":10,"turns":5},{"damage":8,"enemies":"2 Fungi Beasts","floor":12,"turns":4},{"damage":26,"enemies":"3 Sentries","floor":13,"turns":6},{"damage":6,"enemies":"Exordium Thugs","floor":14,"turns":4},{"damage":19,"enemies":"Hexaghost","floor":16,"turns":9},{"damage":8,"enemies":"2 Thieves","floor":18,"turns":4},{"damage":0,"enemies":"Chosen","floor":20,"turns":4},{"damage":17,"enemies":"Centurion and Healer","floor":21,"turns":6},{"damage":0,"enemies":"Gremlin Leader","floor":24,"turns":1}],"seed_played":"-1119398702397908230","potions_obtained":[{"floor":1,"key":"LiquidBronze"},{"floor":4,"key":"Swift Potion"},{"floor":13,"key":"Block Potion"},{"floor":16,"key":"SkillPotion"}],"is_trial":false,"path_per_floor":["M","M","?","M","?","R","M","R","T","E","R","M","E","M","R","B",null,"M","$","M","M","$","R","E"],"character_chosen":"DEFECT","items_purchased":["Defragment","Runic Capacitor","Pen Nib","Loop","Leap"],"campfire_rested":3,"item_purchase_floors":[19,19,19,22,22],"current_hp_per_floor":[75,69,69,64,46,46,35,55,65,47,70,62,36,30,53,34,79,71,71,71,54,54,54,54],"gold":43,"neow_bonus":"THREE_CARDS","is_prod":false,"is_daily":false,"chose_seed":false,"campfire_upgraded":2,"win_rate":0,"timestamp":1562375815,"path_taken":["M","M","?","M","?","R","M","R","T","E","R","M","E","M","R","BOSS","M","$","M","M","$","R","E"],"build_version":"2019-07-05","purchased_purges":0,"victory":false,"max_hp_per_floor":[75,75,69,69,69,69,69,69,79,79,79,79,79,79,79,79,79,79,79,79,79,79,79,79],"card_choices":[{"not_picked":["Conserve Battery","Barrage"],"picked":"Loop","floor":0},{"not_picked":["Chill","Go for the Eyes"],"picked":"Ball Lightning","floor":1},{"not_picked":["Redo","Blizzard"],"picked":"Barrage","floor":2},{"not_picked":["Capacitor","Streamline"],"picked":"Undo","floor":4},{"not_picked":["Force Field","Steam Power"],"picked":"Rip and Tear","floor":7},{"not_picked":["Conserve Battery","Streamline"],"picked":"Hologram","floor":10},{"not_picked":["Steam Power","Beam Cell"],"picked":"Leap","floor":12},{"not_picked":["Turbo","Stack","All For One"],"picked":"SKIP","floor":13},{"not_picked":["Hologram","Lockon"],"picked":"Conserve Battery","floor":14},{"not_picked":["Core Surge","Amplify"],"picked":"Seek","floor":16},{"not_picked":["Barrage","Coolheaded"],"picked":"Reinforced Body","floor":18},{"not_picked":["Ball Lightning","Amplify"],"picked":"Coolheaded","floor":20},{"not_picked":["Rebound","Coolheaded","Scrape"],"picked":"SKIP","floor":21}],"player_experience":645100,"relics_obtained":[{"floor":9,"key":"Pear"},{"floor":10,"key":"Tiny Chest"},{"floor":13,"key":"Anchor"}],"event_choices":[{"damage_healed":0,"gold_gain":0,"player_choice":"Lose Max HP","damage_taken":0,"relics_obtained":["Golden Idol"],"max_hp_gain":0,"max_hp_loss":6,"event_name":"Golden Idol","floor":3,"gold_loss":0},{"damage_healed":0,"gold_gain":0,"player_choice":"Success","damage_taken":18,"relics_obtained":["Centennial Puzzle"],"max_hp_gain":0,"max_hp_loss":0,"event_name":"Scrap Ooze","floor":5,"gold_loss":0}],"is_beta":false,"boss_relics":[{"not_picked":["White Beast Statue","Tiny House"],"picked":"Sozu"}],"items_purged_floors":[],"is_endless":false,"potions_floor_spawned":[1,4,13,14,16,20],"killed_by":"Gremlin Leader","ascension_level":0}