{"gold_per_floor":[113,113,131,56,56,56,75,105,130,144,144,158,158,183,183,280,280,294,323,323,323,348,348,86,185,185,60,75,75,87,113,113,211,211,224,74,74,74],"floor_reached":39,"playtime":1610,"items_purged":["Strike_R","Strike_R","Strike_R","Armaments+1"],"score":741,"play_id":"4c156f72-d023-4388-9a87-b7a46376b11c","local_time":"20190703213136","is_ascension_mode":true,"campfire_choices":[{"data":"Armaments","floor":6.0,"key":"SMITH"},{"floor":13.0,"key":"REST"},{"data":"Fiend Fire","floor":15.0,"key":"SMITH"},{"data":"Immolate","floor":23,"key":"SMITH"},{"data":"Apotheosis","floor":29,"key":"SMITH"},{"floor":32,"key":"REST"}],"neow_cost":"NONE","seed_source_timestamp":0,"circlet_count":0,"master_deck":["Strike_R","Strike_R","Defend_R","Defend_R","Defend_R","Defend_R","Bash","Pummel","True Grit","Anger","Metallicize","Fiend Fire+1","Immolate+1","Pommel Strike","Anger+1","J.A.X.","Battle Trance","Apotheosis+1","Metallicize+1","Limit Break"],"special_seed":0,"relics":["Burning Blood","Orichalcum","Potion Belt","Bird Faced Urn","Bronze Scales","Shuriken","Blue Candle","Runic Cube","Red Mask","Bag of Marbles","Question Card","Peace Pipe","Mark of Pain"],"potions_floor_usage":[38,38,38,38],"damage_taken":[{"damage":11.0,"enemies":"Jaw Worm","floor":1.0,"turns":4.0},{"damage":0.0,"enemies":"Cultist","floor":3.0,"turns":3.0},{"damage":4.0,"enemies":"Small Slimes","floor":7.0,"turns":6.0},{"damage":48.0,"enemies":"Gremlin Nob","floor":8.0,"turns":5.0},{"damage":8.0,"enemies":"Blue Slaver","floor":10.0,"turns":4.0},{"damage":7.0,"enemies":"Large Slime","floor":12.0,"turns":8.0},{"damage":11.0,"enemies":"3 Sentries","floor":14.0,"turns":8.0},{"damage":17.0,"enemies":"Hexaghost","floor":16.0,"turns":9.0},{"damage":29.0,"enemies":"2 Thieves","floor":18.0,"turns":4.0},{"damage":13.0,"enemies":"Masked Bandits","floor":19.0,"turns":3.0},{"damage":0,"enemies":"Spheric Guardian","floor":28,"turns":3},{"damage":4,"enemies":"Chosen and Byrds","floor":30,"turns":3},{"damage":29,"enemies":"Book of Stabbing","floor":31,"turns":5},{"damage":63,"enemies":"Automaton","floor":33,"turns":9},{"damage":6,"enemies":"Orb Walker","floor":35,"turns":3},{"damage":57,"enemies":"Time Eater","floor":38,"turns":7}],"seed_played":"-3038295127262536292","potions_obtained":[{"floor":1.0,"key":"Energy Potion"},{"floor":3.0,"key":"SpeedPotion"},{"floor":10.0,"key":"SteroidPotion"},{"floor":19,"key":"GamblersBrew"},{"floor":31,"key":"Explosive Potion"},{"floor":33,"key":"Explosive Potion"}],"is_trial":false,"path_per_floor":["M","?","M","$","?","R","M","E","T","M","T","M","R","E","R","B",null,"M","?","?","?","T","R","$","?","T","$","M","R","M","E","R","B",null,"M","$","?","B",null],"character_chosen":"IRONCLAD","items_purchased":["Apotheosis"],"campfire_rested":2,"item_purchase_floors":[24],"current_hp_per_floor":[83,83,88,88,85,85,87,45,45,43,43,42,68,65,65,56,80,59,52,52,52,52,52,52,52,52,52,60,60,64,45,71,18,71,75,75,75,28],"gold":74,"neow_bonus":"TEN_PERCENT_HP_BONUS","is_prod":false,"is_daily":false,"chose_seed":false,"campfire_upgraded":4,"win_rate":0,"timestamp":1562182296,"path_taken":["M","?","?","$","?","R","M","E","T","M","?","M","R","E","R","BOSS","M","?","?","?","?","R","?","?","T","$","?","R","M","E","R","BOSS","M","$","?","BOSS"],"build_version":"2019-07-01","purchased_purges":4,"victory":true,"max_hp_per_floor":[88,88,88,88,88,88,88,88,88,88,88,88,88,88,88,88,88,88,88,88,88,88,88,88,88,88,88,88,88,88,88,88,88,88,88,88,88,88],"card_choices":[{"not_picked":["True Grit","Twin Strike"],"picked":"Pummel","floor":1.0},{"not_picked":["Pommel Strike","Second Wind"],"picked":"Armaments","floor":3.0},{"not_picked":["Ghostly Armor","Pommel Strike"],"picked":"True Grit","floor":7.0},{"not_picked":["Body Slam","Cleave","True Grit"],"picked":"SKIP","floor":8.0},{"not_picked":["True Grit","Body Slam"],"picked":"Anger","floor":10.0},{"not_picked":["Sever Soul","Rage"],"picked":"Metallicize","floor":12.0},{"not_picked":["Second Wind","Corruption"],"picked":"Fiend Fire","floor":14.0},{"not_picked":["Feed","Impervious"],"picked":"Immolate","floor":16.0},{"not_picked":["Body Slam","Evolve"],"picked":"Pommel Strike","floor":18.0},{"not_picked":["Heavy Blade+1","Clothesline"],"picked":"Anger+1","floor":19},{"not_picked":["Anger","Corruption+1","Warcry","Juggernaut"],"picked":"SKIP","floor":28},{"not_picked":["Headbutt","Evolve","Sword Boomerang+1"],"picked":"Metallicize+1","floor":30},{"not_picked":["True Grit","Thunderclap+1","Spot Weakness"],"picked":"Limit Break","floor":31},{"not_picked":["Twin Strike+1","Sentinel+1","Anger+1","Whirlwind"],"picked":"SKIP","floor":35}],"player_experience":149752,"relics_obtained":[{"floor":8.0,"key":"Bird Faced Urn"},{"floor":9.0,"key":"Bronze Scales"},{"floor":11.0,"key":"Shuriken"},{"floor":14.0,"key":"Blue Candle"},{"floor":19,"key":"Red Mask"},{"floor":22,"key":"Bag of Marbles"},{"floor":26,"key":"Question Card"},{"floor":31,"key":"Peace Pipe"}],"event_choices":[{"damage_healed":0.0,"max_hp_gain":0.0,"max_hp_loss":0.0,"gold_gain":0.0,"event_name":"WeMeetAgain","player_choice":"Gave Potion","floor":2.0,"gold_loss":0.0,"damage_taken":0.0,"relics_obtained":["Orichalcum"]},{"damage_healed":0.0,"max_hp_gain":0.0,"max_hp_loss":0.0,"gold_gain":0.0,"event_name":"Scrap Ooze","player_choice":"Success","floor":5.0,"gold_loss":0.0,"damage_taken":3.0,"relics_obtained":["Potion Belt"]},{"damage_healed":0.0,"max_hp_gain":0.0,"max_hp_loss":0.0,"gold_gain":0.0,"event_name":"Masked Bandits","player_choice":"Fought Bandits","floor":19.0,"gold_loss":0.0,"damage_taken":0.0},{"damage_healed":0,"gold_gain":0,"player_choice":"Obtain J.A.X.","damage_taken":0,"max_hp_gain":0,"max_hp_loss":0,"event_name":"Drug Dealer","floor":20,"gold_loss":0,"cards_obtained":["J.A.X."]},{"damage_healed":0,"gold_gain":0,"player_choice":"Read","damage_taken":0,"max_hp_gain":0,"max_hp_loss":0,"event_name":"The Library","floor":21,"gold_loss":0,"cards_obtained":["Battle Trance"]},{"damage_healed":0,"gold_gain":99,"player_choice":"Stole From Cult","damage_taken":0,"max_hp_gain":0,"max_hp_loss":0,"event_name":"Nest","floor":25,"gold_loss":0},{"damage_healed":0,"gold_gain":0,"player_choice":"Took Portal","damage_taken":0,"max_hp_gain":0,"max_hp_loss":0,"event_name":"SecretPortal","floor":37,"gold_loss":0}],"is_beta":false,"boss_relics":[{"not_picked":["Lizard Tail","Philosopher\u0027s Stone"],"picked":"Runic Cube"},{"not_picked":["Coffee Dripper","Runic Pyramid"],"picked":"Mark of Pain"}],"items_purged_floors":[4,24,27,36],"is_endless":false,"potions_floor_spawned":[1,3,10,19,31,33],"ascension_level":5}