{"gold_per_floor":[111,130,149,149,168,168,195,31,31,31,306,39,39,49,49,148,148,165,165,165,165,184,200,200,233,287,287,307,225,250,109,109,212,212,231,231,249,268,368,368,387,400,453,242,242,257,257,274,274,274],"floor_reached":51,"playtime":2581,"items_purged":["Regret"],"score":767,"play_id":"59d4bc1b-bef6-4f1d-a201-e7120dbc01c0","local_time":"20190505183254","is_ascension_mode":false,"campfire_choices":[{"data":"Zap","floor":6.0,"key":"SMITH"},{"data":"Apotheosis","floor":10,"key":"SMITH"},{"data":"Self Repair","floor":15,"key":"SMITH"},{"floor":24,"key":"REST"},{"floor":27,"key":"REST"},{"floor":32,"key":"REST"},{"data":"Seek","floor":40,"key":"SMITH"},{"floor":45,"key":"REST"},{"floor":49,"key":"REST"}],"neow_cost":"NONE","seed_source_timestamp":1960954220888098,"circlet_count":0,"master_deck":["Defend_B","Defend_B","Defend_B","Defend_B","Zap+1","Dualcast","Sunder","Coolheaded","Sweeping Beam","Ball Lightning","Coolheaded","Apotheosis+1","The Bomb","Cold Snap","Seek","Coolheaded","Aggregate","Steam+1","Darkness","Auto Shields+1","Discovery","Electrodynamics","Seek","Seek+1","White Noise+1","Seek","Biased Cognition","Chaos+1"],"special_seed":0,"relics":["Cracked Core"],"potions_floor_usage":[14,22,25,41,50,50,50],"damage_taken":[{"damage":1.0,"enemies":"Jaw Worm","floor":1.0,"turns":3.0},{"damage":0.0,"enemies":"Cultist","floor":2.0,"turns":3.0},{"damage":0.0,"enemies":"2 Louse","floor":3.0,"turns":2.0},{"damage":0.0,"enemies":"2 Fungi Beasts","floor":5.0,"turns":2.0},{"damage":8.0,"enemies":"Gremlin Nob","floor":7.0,"turns":3.0},{"damage":17,"enemies":"Gremlin Gang","floor":14,"turns":3},{"damage":0,"enemies":"Slime Boss","floor":16,"turns":4},{"damage":15,"enemies":"Shell Parasite","floor":18,"turns":6},{"damage":9,"enemies":"3 Byrds","floor":22,"turns":3},{"damage":28,"enemies":"Shelled Parasite and Fungi","floor":23,"turns":6},{"damage":72,"enemies":"Gremlin Leader","floor":25,"turns":8},{"damage":13,"enemies":"Cultist and Chosen","floor":28,"turns":5},{"damage":54,"enemies":"Champ","floor":33,"turns":13},{"damage":8,"enemies":"Orb Walker","floor":35,"turns":4},{"damage":12,"enemies":"3 Shapes","floor":37,"turns":4},{"damage":29,"enemies":"Transient","floor":38,"turns":5},{"damage":0,"enemies":"Mind Bloom Boss Battle","floor":39,"turns":5},{"damage":20,"enemies":"Writhing Mass","floor":41,"turns":7},{"damage":24,"enemies":"Sphere and 2 Shapes","floor":42,"turns":5},{"damage":10,"enemies":"4 Shapes","floor":46,"turns":3},{"damage":17,"enemies":"3 Darklings","floor":48,"turns":3},{"damage":65,"enemies":"Time Eater","floor":50,"turns":14}],"seed_played":"6275771669959277119","potions_obtained":[{"floor":3.0,"key":"Block Potion"},{"floor":5.0,"key":"FairyPotion"},{"floor":14,"key":"SkillPotion"},{"floor":23,"key":"GamblersBrew"},{"floor":25,"key":"FocusPotion"},{"floor":33,"key":"Strength Potion"},{"floor":35,"key":"FocusPotion"},{"floor":39,"key":"Weak Potion"}],"is_trial":false,"path_per_floor":["M","M","M","?","M","R","E","$","T","R","?","$","$","M","R","B",null,"M","?","?","?","M","M","R","E","T","R","M","$","T","$","R","B",null,"M","?","M","M","?","R","M","M","T","$","R","M","?","M","R","B",null],"character_chosen":"DEFECT","items_purchased":["Apotheosis","The Bomb","Discovery","Electrodynamics","Biased Cognition","AttackPotion"],"campfire_rested":5,"item_purchase_floors":[8,12,29,31,44,44],"current_hp_per_floor":[74,74,74,74,75,75,74,74,74,74,74,74,74,64,64,74,75,70,70,70,70,61,43,65,17,17,39,36,36,36,36,58,14,75,75,75,73,54,64,64,54,40,40,40,62,62,62,45,67,2],"gold":274,"neow_bonus":"TRANSFORM_CARD","is_prod":false,"is_daily":false,"chose_seed":false,"campfire_upgraded":4,"win_rate":0,"timestamp":1557095574,"path_taken":["M","M","M","?","M","R","E","$","T","R","?","?","$","M","R","BOSS","M","?","?","?","?","M","R","E","T","R","M","$","?","?","R","BOSS","M","?","?","M","?","R","M","M","T","$","R","M","?","M","R","BOSS"],"build_version":"2019-01-23","purchased_purges":1,"victory":true,"max_hp_per_floor":[75,75,75,75,75,75,75,75,75,75,75,75,75,75,75,75,75,75,75,75,75,75,75,75,75,75,75,75,75,75,75,75,75,75,75,75,75,75,75,75,75,75,75,75,75,75,75,75,75,75],"card_choices":[{"not_picked":["Hologram","Barrage"],"picked":"Coolheaded","floor":1.0},{"not_picked":["Conserve Battery","White Noise"],"picked":"Sweeping Beam","floor":2.0},{"not_picked":["Redo","Go for the Eyes"],"picked":"Self Repair","floor":3.0},{"not_picked":["Gash","Conserve Battery"],"picked":"Ball Lightning","floor":5.0},{"not_picked":["Steam Power","Buffer"],"picked":"Coolheaded","floor":7},{"not_picked":["Lockon","Beam Cell"],"picked":"Cold Snap","floor":14},{"not_picked":["Sunder","Gash","Compile Driver"],"picked":"SKIP","floor":18},{"not_picked":["Stack","Rip and Tear","Redo"],"picked":"SKIP","floor":22},{"not_picked":["Recycle","Force Field+1"],"picked":"Steam+1","floor":23},{"not_picked":["Fusion+1","Redo"],"picked":"Darkness","floor":25},{"not_picked":["Cold Snap","Stack"],"picked":"Auto Shields+1","floor":28},{"not_picked":["Electrodynamics","Hyperbeam"],"picked":"Seek","floor":33},{"not_picked":["Go for the Eyes","Coolheaded+1","Rebound"],"picked":"SKIP","floor":35},{"not_picked":["Auto Shields","Steam+1"],"picked":"White Noise+1","floor":37},{"not_picked":["Rebound+1","Rip and Tear","Gash+1"],"picked":"SKIP","floor":38},{"not_picked":["Go for the Eyes","Streamline"],"picked":"Seek","floor":39},{"not_picked":["Leap","White Noise","Go for the Eyes"],"picked":"SKIP","floor":41},{"not_picked":["Hologram+1","Steam+1","Streamline+1"],"picked":"SKIP","floor":42},{"not_picked":["Gash+1","Heatsinks"],"picked":"Chaos+1","floor":46},{"not_picked":["Cold Snap","Reprogram","Redo"],"picked":"SKIP","floor":48}],"player_experience":373950,"relics_obtained":[],"event_choices":[{"damage_healed":0.0,"max_hp_gain":0.0,"max_hp_loss":0.0,"gold_gain":0.0,"event_name":"Scrap Ooze","player_choice":"Fled","floor":4.0,"gold_loss":0.0,"damage_taken":0.0},{"damage_healed":0,"gold_gain":275,"player_choice":"Desecrate","damage_taken":0,"max_hp_gain":0,"max_hp_loss":0,"event_name":"Golden Shrine","floor":11,"gold_loss":0,"cards_obtained":["Regret"]},{"damage_healed":0,"gold_gain":0,"cards_transformed":["Strike_B","Strike_B"],"player_choice":"Became Test Subject","damage_taken":0,"max_hp_gain":0,"max_hp_loss":0,"event_name":"Drug Dealer","floor":19,"gold_loss":0,"cards_obtained":["Seek","Coolheaded"]},{"damage_healed":0,"gold_gain":0,"player_choice":"Ignored","damage_taken":0,"max_hp_gain":0,"max_hp_loss":0,"event_name":"Vampires","floor":20,"gold_loss":0},{"damage_healed":0,"gold_gain":0,"cards_transformed":["Strike_B"],"player_choice":"Transformed","damage_taken":0,"max_hp_gain":0,"max_hp_loss":0,"event_name":"Transmorgrifier","floor":21,"gold_loss":0,"cards_obtained":["Aggregate"]},{"damage_healed":0,"gold_gain":0,"player_choice":"Copied","damage_taken":0,"max_hp_gain":0,"max_hp_loss":0,"event_name":"Duplicator","floor":36,"gold_loss":0,"cards_obtained":["Seek"]},{"damage_healed":0,"gold_gain":0,"player_choice":"Fight","damage_taken":0,"max_hp_gain":0,"max_hp_loss":0,"event_name":"MindBloom","floor":39,"gold_loss":0},{"cards_removed":["Self Repair"],"damage_healed":0,"gold_gain":0,"player_choice":"Removed Power","damage_taken":0,"max_hp_gain":0,"max_hp_loss":0,"event_name":"Falling","floor":47,"gold_loss":0}],"is_beta":false,"boss_relics":[{"not_picked":["Lizard Tail","Empty Cage","Astrolabe"]},{"not_picked":["Black Star","Orrery","White Beast Statue"]}],"items_purged_floors":[12],"is_endless":false,"potions_floor_spawned":[3,5,14,23,25,33,35,37,39,46],"ascension_level":0}