{"gold_per_floor":[118,193,211,176,0,0,30,30,30,45,65,75,86,99,99,99],"floor_reached":16,"playtime":632,"items_purged":[],"score":208,"play_id":"f35b73f1-7a8d-4e2d-b656-7426745063e6","local_time":"20190127173234","is_ascension_mode":true,"campfire_choices":[{"data":"Noxious Fumes","floor":6,"key":"SMITH"},{"data":"Neutralize","floor":8,"key":"SMITH"},{"floor":15,"key":"REST"}],"neow_cost":"NONE","seed_source_timestamp":306457914602800,"circlet_count":0,"master_deck":["AscendersBane","Defend_G","Defend_G+1","Defend_G","Defend_G","Defend_G+1","Strike_G","Strike_G","Strike_G","Strike_G","Strike_G","Survivor","Neutralize+1","Die Die Die","Cloak And Dagger","Leg Sweep","Finesse","Noxious Fumes+1","Backflip","Dagger Spray","Escape Plan","Bane"],"relics":["Ring of the Snake","War Paint","Singing Bowl"],"potions_floor_usage":[16],"damage_taken":[{"damage":6,"enemies":"Jaw Worm","floor":1,"turns":5},{"damage":0,"enemies":"2 Louse","floor":3,"turns":2},{"damage":22,"enemies":"Lagavulin","floor":7,"turns":9},{"damage":0,"enemies":"Cultist","floor":10,"turns":5},{"damage":2,"enemies":"Red Slaver","floor":11,"turns":6},{"damage":0,"enemies":"Looter","floor":12,"turns":4},{"damage":9,"enemies":"Blue Slaver","floor":13,"turns":4},{"damage":0,"enemies":"3 Louse","floor":14,"turns":3},{"damage":57,"enemies":"Hexaghost","floor":16,"turns":12}],"seed_played":"-372687452918340690","potions_obtained":[{"floor":7,"key":"Weak Potion"},{"floor":10,"key":"Ancient Potion"}],"is_trial":false,"path_per_floor":["M","?","M","?","$","R","E","R","T","M","M","M","M","M","R","B"],"character_chosen":"THE_SILENT","items_purchased":["Finesse","Noxious Fumes"],"campfire_rested":1,"item_purchase_floors":[5,5],"current_hp_per_floor":[53,42,42,58,58,58,36,36,36,36,36,36,29,29,50,0],"gold":99,"neow_bonus":"ONE_RANDOM_RARE_CARD","is_prod":false,"is_daily":false,"chose_seed":false,"campfire_upgraded":2,"win_rate":0,"timestamp":1548610354,"path_taken":["M","?","M","?","?","R","E","R","T","?","M","M","M","M","R","BOSS"],"build_version":"2019-01-23","purchased_purges":0,"victory":false,"max_hp_per_floor":[66,66,66,66,66,66,66,66,66,66,68,68,70,70,70,70],"card_choices":[{"not_picked":["Outmaneuver","Prepared"],"picked":"Cloak And Dagger","floor":1},{"not_picked":["Sucker Punch","Quick Slash"],"picked":"Leg Sweep","floor":3},{"not_picked":["Quick Slash","Glass Knife"],"picked":"Backflip","floor":7},{"not_picked":["Sucker Punch","Finisher"],"picked":"Dagger Spray","floor":10},{"not_picked":["Poisoned Stab","Dash","Prepared"],"picked":"Singing Bowl","floor":11},{"not_picked":["Catalyst","Venomology"],"picked":"Escape Plan","floor":12},{"not_picked":["Tactician","Blade Dance","Setup"],"picked":"Singing Bowl","floor":13},{"not_picked":["PiercingWail","Dagger Spray"],"picked":"Bane","floor":14}],"player_experience":1230079,"relics_obtained":[{"floor":7,"key":"War Paint"},{"floor":9,"key":"Singing Bowl"}],"event_choices":[{"damage_healed":0,"gold_gain":75,"player_choice":"Gather Gold","damage_taken":11,"max_hp_gain":0,"max_hp_loss":0,"event_name":"World of Goop","floor":2,"gold_loss":0},{"damage_healed":16,"gold_gain":0,"player_choice":"Healed","damage_taken":0,"max_hp_gain":0,"max_hp_loss":0,"event_name":"The Cleric","floor":4,"gold_loss":35}],"is_beta":false,"boss_relics":[],"items_purged_floors":[],"is_endless":false,"potions_floor_spawned":[7,10,12],"killed_by":"Hexaghost","ascension_level":20}