{"gold_per_floor":[113,113,71,71,121,138,165,177,216,244,256,278,290,314,326,410,422,450,462,364,391,415,427,458,502,538,550,562],"floor_reached":28,"playtime":1315,"items_purged":[],"score":500,"play_id":"c7cc9758-8c33-4b5b-8e78-eb7007575a9c","local_time":"20190116011056","is_ascension_mode":true,"campfire_choices":[{"data":"Zap","floor":8,"key":"SMITH"},{"floor":13,"key":"REST"},{"data":"Dualcast","floor":15,"key":"SMITH"},{"data":"Electrodynamics","floor":23,"key":"SMITH"},{"data":"Glacier","floor":27,"key":"SMITH"}],"neow_cost":"NONE","seed_source_timestamp":423200772322807,"circlet_count":0,"master_deck":["AscendersBane","Strike_B","Strike_B","Defend_B","Defend_B","Defend_B","Defend_B","Zap+1","Dualcast+1","Steam+1","Defragment+1","Glacier+1","Leap+1","Self Repair","Electrodynamics+1","Redo+1","FTL"],"relics":["Cracked Core","NeowsBlessing","Dead Branch","Potion Belt","MawBank","Oddly Smooth Stone","Eternal Feather","Strawberry","Anchor"],"potions_floor_usage":[12,22,28],"damage_taken":[{"damage":0,"enemies":"Jaw Worm","floor":1,"turns":1},{"damage":0,"enemies":"2 Louse","floor":6,"turns":1},{"damage":0,"enemies":"3 Sentries","floor":7,"turns":2},{"damage":0,"enemies":"Cultist","floor":10,"turns":4},{"damage":5,"enemies":"2 Fungi Beasts","floor":12,"turns":4},{"damage":2,"enemies":"Large Slime","floor":14,"turns":6},{"damage":30,"enemies":"The Guardian","floor":16,"turns":14},{"damage":0,"enemies":"3 Byrds","floor":18,"turns":3},{"damage":17,"enemies":"Shell Parasite","floor":21,"turns":14},{"damage":7,"enemies":"Centurion and Healer","floor":22,"turns":8},{"damage":7,"enemies":"Snake Plant","floor":24,"turns":3},{"damage":9,"enemies":"Slavers","floor":25,"turns":4},{"damage":91,"enemies":"Gremlin Leader","floor":28,"turns":12}],"seed_played":"7890381770809924184","potions_obtained":[{"floor":6,"key":"SteroidPotion"},{"floor":7,"key":"Dexterity Potion"},{"floor":10,"key":"Regen Potion"},{"floor":21,"key":"FearPotion"},{"floor":25,"key":"Energy Potion"}],"is_trial":false,"path_per_floor":["M","?","$","?","T","M","E","R","T","M","?","M","R","M","R","B",null,"M","$","?","M","M","R","M","E","T","R","E"],"character_chosen":"DEFECT","items_purchased":["Defragment"],"campfire_rested":1,"item_purchase_floors":[3],"current_hp_per_floor":[64,57,57,22,22,22,22,22,22,22,1,15,36,41,41,18,58,65,65,65,55,55,64,57,62,62,71,0],"gold":562,"neow_bonus":"THREE_ENEMY_KILL","is_prod":false,"is_daily":false,"chose_seed":false,"campfire_upgraded":4,"win_rate":0,"timestamp":1547601056,"path_taken":["M","?","$","?","?","M","E","R","T","M","?","M","R","M","R","BOSS","M","$","?","?","M","R","M","E","T","R","E"],"build_version":"2019-01-10","purchased_purges":0,"victory":false,"max_hp_per_floor":[71,71,71,71,71,71,71,71,71,71,71,71,71,71,71,71,71,71,71,71,71,71,71,71,78,78,78,78],"card_choices":[{"not_picked":["Steam Power","Heatsinks"],"picked":"Steam","floor":1},{"not_picked":["Defragment","Rebound"],"picked":"Glacier","floor":6},{"not_picked":["Beam Cell","Chill"],"picked":"Leap","floor":7},{"not_picked":["Undo","Beam Cell"],"picked":"Self Repair","floor":10},{"not_picked":["Rip and Tear","Beam Cell","Compile Driver"],"picked":"SKIP","floor":12},{"not_picked":["Stack","Darkness","Compile Driver"],"picked":"SKIP","floor":14},{"not_picked":["Rainbow","Meteor Strike"],"picked":"Electrodynamics","floor":16},{"not_picked":["Tempest","White Noise"],"picked":"Redo+1","floor":18},{"not_picked":["Consume","Skim+1","Steam"],"picked":"SKIP","floor":21},{"not_picked":["Streamline","Redo"],"picked":"FTL","floor":22},{"not_picked":["Go for the Eyes","Double Energy","Steam"],"picked":"SKIP","floor":24},{"not_picked":["Barrage+1","Chill","Biased Cognition"],"picked":"SKIP","floor":25}],"player_experience":1142516,"relics_obtained":[{"floor":5,"key":"Potion Belt"},{"floor":7,"key":"MawBank"},{"floor":9,"key":"Oddly Smooth Stone"},{"floor":25,"key":"Strawberry"},{"floor":26,"key":"Anchor"}],"event_choices":[{"cards_removed":["Strike_B"],"damage_healed":0,"gold_gain":0,"player_choice":"Card Removal","damage_taken":7,"max_hp_gain":0,"max_hp_loss":0,"event_name":"Golden Wing","floor":2,"gold_loss":0},{"damage_healed":0,"gold_gain":0,"player_choice":"Success","damage_taken":35,"relics_obtained":["Dead Branch"],"max_hp_gain":0,"max_hp_loss":0,"event_name":"Scrap Ooze","floor":4,"gold_loss":0},{"damage_healed":0,"gold_gain":0,"player_choice":"Entered Light","damage_taken":21,"max_hp_gain":0,"max_hp_loss":0,"event_name":"Shining Light","floor":11,"gold_loss":0,"cards_upgraded":["Steam","Defragment"]},{"cards_removed":["Strike_B"],"damage_healed":0,"gold_gain":0,"player_choice":"Upgrade and Remove","damage_taken":0,"max_hp_gain":0,"max_hp_loss":0,"event_name":"Designer","floor":20,"gold_loss":110,"cards_upgraded":["Leap"]}],"is_beta":false,"boss_relics":[{"not_picked":["Runic Dome","Calling Bell"],"picked":"Eternal Feather"}],"items_purged_floors":[],"is_endless":false,"potions_floor_spawned":[6,7,10,21,25],"killed_by":"Gremlin Leader","ascension_level":18}