{"gold_per_floor":[109,126,201,201,214,214,40,65,88,121,121,133,161,181,181,280,280,292,292,308,308,28,55,75,86,110,129,129],"floor_reached":28,"playtime":2278,"items_purged":["Regret","Defend_R"],"score":310,"play_id":"9bd5369b-9a86-40f4-9322-694ab0749809","local_time":"20190703221405","is_ascension_mode":false,"campfire_choices":[{"data":"Infernal Blade","floor":6.0,"key":"SMITH"},{"data":"Armaments","floor":15.0,"key":"SMITH"}],"neow_cost":"NONE","seed_source_timestamp":0,"circlet_count":0,"master_deck":["Strike_R+1","Strike_R","Strike_R","Strike_R","Strike_R+1","Defend_R","Defend_R","Defend_R","Bash","Anger","Infernal Blade+1","Dual Wield","Disarm","Clash","Bloodletting","Feed","Armaments+1","Berserk","Inflame","Double Tap","Sword Boomerang","RitualDagger","Headbutt","Transmutation","Infernal Blade+1","Searing Blow","Dropkick","Twin Strike+1"],"special_seed":0,"relics":["Burning Blood","Bag of Preparation","Orichalcum","Paper Frog","Whetstone","Strawberry","Bottled Flame","Mercury Hourglass","Runic Pyramid","Enchiridion","Gremlin Horn","Red Skull"],"potions_floor_usage":[28],"damage_taken":[{"damage":7.0,"enemies":"Small Slimes","floor":1.0,"turns":4.0},{"damage":0.0,"enemies":"2 Louse","floor":2.0,"turns":2.0},{"damage":7.0,"enemies":"Jaw Worm","floor":5.0,"turns":3.0},{"damage":34.0,"enemies":"Gremlin Nob","floor":8.0,"turns":6.0},{"damage":7.0,"enemies":"3 Sentries","floor":10.0,"turns":4.0},{"damage":0.0,"enemies":"Looter","floor":12.0,"turns":2.0},{"damage":17.0,"enemies":"Lagavulin","floor":13.0,"turns":5.0},{"damage":7.0,"enemies":"Blue Slaver","floor":14.0,"turns":3.0},{"damage":6.0,"enemies":"Slime Boss","floor":16.0,"turns":8.0},{"damage":9.0,"enemies":"Chosen","floor":18.0,"turns":4.0},{"damage":7.0,"enemies":"3 Byrds","floor":20.0,"turns":4.0},{"damage":40.0,"enemies":"Slavers","floor":23.0,"turns":5.0},{"damage":34.0,"enemies":"Shelled Parasite and Fungi","floor":24.0,"turns":4.0},{"damage":22,"enemies":"Sentry and Sphere","floor":25,"turns":4},{"damage":6,"enemies":"Snecko","floor":27,"turns":3},{"damage":8,"enemies":"Book of Stabbing","floor":28,"turns":2}],"seed_played":"533263413889733800","potions_obtained":[{"floor":2.0,"key":"Ancient Potion"},{"floor":8.0,"key":"Poison Potion"},{"floor":10.0,"key":"SteroidPotion"},{"floor":12.0,"key":"FearPotion"},{"floor":20.0,"key":"LiquidBronze"},{"floor":23.0,"key":"EssenceOfSteel"},{"floor":24,"key":"Dexterity Potion"}],"is_trial":false,"path_per_floor":["M","M","?","?","M","R","$","E","T","E","T","M","E","M","R","B",null,"M","?","M","?","$","E","M","M","T","M","E"],"character_chosen":"IRONCLAD","items_purchased":["Disarm","Clash","Transmutation"],"campfire_rested":0,"item_purchase_floors":[7,7,22],"current_hp_per_floor":[79,80,69,69,68,68,68,40,40,46,46,55,44,46,46,50,97,98,92,94,78,78,48,23,7,7,7,0],"gold":129,"neow_bonus":"RANDOM_COMMON_RELIC","is_prod":false,"is_daily":false,"chose_seed":false,"campfire_upgraded":2,"win_rate":0.0,"timestamp":1562159645,"path_taken":["M","M","?","?","M","R","$","E","T","E","?","M","E","M","R","BOSS","M","?","M","?","$","E","M","M","T","M","E"],"build_version":"2019-07-01","purchased_purges":2,"victory":false,"max_hp_per_floor":[80,80,80,80,80,80,80,80,80,87,87,90,90,93,93,97,97,101,101,104,104,104,108,111,111,111,111,111],"card_choices":[{"not_picked":["Headbutt","Cleave"],"picked":"Anger","floor":1.0},{"not_picked":["Fire Breathing","Body Slam"],"picked":"Infernal Blade","floor":2.0},{"not_picked":["Dropkick","Shockwave"],"picked":"Dual Wield","floor":5.0},{"not_picked":["Shockwave","Twin Strike"],"picked":"Bloodletting","floor":8.0},{"not_picked":["Combust","Hemokinesis"],"picked":"Feed","floor":10.0},{"not_picked":["Bloodletting","Perfected Strike"],"picked":"Armaments","floor":12.0},{"not_picked":["Anger","Shrug It Off"],"picked":"Berserk","floor":13.0},{"not_picked":["Shrug It Off","Rage"],"picked":"Inflame","floor":14.0},{"not_picked":["Feed","Brutality"],"picked":"Double Tap","floor":16.0},{"not_picked":["Shrug It Off","Warcry"],"picked":"Sword Boomerang","floor":18.0},{"not_picked":["Perfected Strike","Cleave"],"picked":"Headbutt","floor":20.0},{"not_picked":["Uppercut","Clothesline"],"picked":"Infernal Blade+1","floor":23.0},{"not_picked":["Barricade","Clash"],"picked":"Searing Blow","floor":24},{"not_picked":["Shrug It Off","Body Slam"],"picked":"Dropkick","floor":25},{"not_picked":["Disarm","Iron Wave+1"],"picked":"Twin Strike+1","floor":27}],"player_experience":10747,"relics_obtained":[{"floor":8.0,"key":"Paper Frog"},{"floor":9.0,"key":"Whetstone"},{"floor":10.0,"key":"Strawberry"},{"floor":11.0,"key":"Bottled Flame"},{"floor":13.0,"key":"Mercury Hourglass"},{"floor":21.0,"key":"Enchiridion"},{"floor":23.0,"key":"Gremlin Horn"},{"floor":26,"key":"Red Skull"}],"event_choices":[{"damage_healed":0.0,"max_hp_gain":0.0,"max_hp_loss":0.0,"gold_gain":75.0,"event_name":"World of Goop","player_choice":"Gather Gold","floor":3.0,"gold_loss":0.0,"damage_taken":11.0},{"damage_healed":0.0,"max_hp_gain":0.0,"max_hp_loss":0.0,"gold_gain":0.0,"event_name":"Big Fish","player_choice":"Box","floor":4.0,"gold_loss":0.0,"damage_taken":0.0,"relics_obtained":["Orichalcum"],"cards_obtained":["Regret"]},{"damage_healed":0.0,"max_hp_gain":0.0,"max_hp_loss":0.0,"gold_gain":0.0,"event_name":"Nest","player_choice":"Joined the Cult","floor":19.0,"gold_loss":0.0,"damage_taken":6.0,"cards_obtained":["RitualDagger"]},{"damage_healed":0.0,"max_hp_gain":0.0,"max_hp_loss":0.0,"gold_gain":0.0,"event_name":"Cursed Tome","player_choice":"Obtained Book","floor":21.0,"gold_loss":0.0,"damage_taken":16.0}],"is_beta":false,"boss_relics":[{"not_picked":["Tiny House","Cursed Key"],"picked":"Runic Pyramid"}],"items_purged_floors":[7,22],"is_endless":false,"potions_floor_spawned":[2,8,10,12,20,23,24],"killed_by":"Book of Stabbing","ascension_level":0}