{"gold_per_floor":[360,216,235,235,249,277,295,321,395,110,123,88,88,263,263,358,358,376,388,2,2,29,29,47,8,38,69,84,102,192,210,210,311,311,331,130,145,159,59,59,84,100,100,132,143,143,163,175,175,175],"floor_reached":50,"playtime":4367,"items_purged":["Doubt","Parasite"],"score":717,"play_id":"4d152a37-69d5-4a9e-8eb7-89e3c59e1f40","local_time":"20190619000512","is_ascension_mode":true,"campfire_choices":[{"floor":13,"key":"REST"},{"data":"Noxious Fumes","floor":15,"key":"SMITH"},{"floor":23,"key":"RECALL"},{"data":"After Image","floor":32,"key":"SMITH"},{"floor":40,"key":"REST"},{"data":"Accuracy","floor":46,"key":"SMITH"},{"data":"Doppelganger","floor":49,"key":"SMITH"}],"neow_cost":"TEN_PERCENT_HP_LOSS","seed_source_timestamp":554006749371307,"circlet_count":0,"master_deck":["Defend_G","Defend_G","Defend_G","Defend_G","Defend_G","Survivor","Neutralize","Backstab+1","Dagger Throw","Backflip","Blade Dance","Flying Knee","Deflect","Noxious Fumes+1","PiercingWail","After Image+1","Blade Dance+1","Slice+1","Flash of Steel","Caltrops","Bite","Bite","Bite","Bite","Bite","Noxious Fumes","Accuracy+1","Blur","Sucker Punch+1","Bandage Up","Deep Breath","Caltrops","Tools of the Trade","Dagger Spray+1","Backflip","Sadistic Nature","Backflip","Leg Sweep","Backflip","Acrobatics","Doppelganger+1","Quick Slash+1","Skewer","Parasite","Quick Slash"],"relics":["Ring of the Snake","Bag of Preparation","PreservedInsect","Incense Burner","Ornamental Fan","ClockworkSouvenir","Philosopher\u0027s Stone","Sling","Tiny Chest","Blood Vial","HoveringKite","Meat on the Bone","Turnip","Regal Pillow"],"potions_floor_usage":[6,8,16,19,33,33,33,41,42,44,48,50],"damage_taken":[{"damage":0,"enemies":"Cultist","floor":1,"turns":4},{"damage":0,"enemies":"2 Louse","floor":3,"turns":2},{"damage":0,"enemies":"Jaw Worm","floor":5,"turns":3},{"damage":21,"enemies":"Gremlin Nob","floor":6,"turns":4},{"damage":13,"enemies":"Exordium Thugs","floor":7,"turns":5},{"damage":9,"enemies":"3 Sentries","floor":8,"turns":5},{"damage":0,"enemies":"Blue Slaver","floor":11,"turns":3},{"damage":5,"enemies":"Slime Boss","floor":16,"turns":10},{"damage":0,"enemies":"Chosen","floor":18,"turns":6},{"damage":0,"enemies":"3 Byrds","floor":19,"turns":4},{"damage":14,"enemies":"Snake Plant","floor":24,"turns":5},{"damage":0,"enemies":"Gremlin Leader","floor":27,"turns":4},{"damage":2,"enemies":"3 Cultists","floor":28,"turns":5},{"damage":9,"enemies":"Chosen and Byrds","floor":29,"turns":5},{"damage":7,"enemies":"Sentry and Sphere","floor":31,"turns":5},{"damage":29,"enemies":"Automaton","floor":33,"turns":10},{"damage":11,"enemies":"3 Shapes","floor":35,"turns":4},{"damage":12,"enemies":"Orb Walker","floor":37,"turns":5},{"damage":45,"enemies":"Writhing Mass","floor":38,"turns":7},{"damage":27,"enemies":"Giant Head","floor":41,"turns":8},{"damage":0,"enemies":"Spire Growth","floor":42,"turns":6},{"damage":18,"enemies":"Reptomancer","floor":44,"turns":6},{"damage":20,"enemies":"4 Shapes","floor":45,"turns":5},{"damage":21,"enemies":"Jaw Worm Horde","floor":47,"turns":5},{"damage":18,"enemies":"Writhing Mass","floor":48,"turns":7},{"damage":39,"enemies":"Time Eater","floor":50,"turns":5}],"seed_played":"-5609788659289423272","potions_obtained":[{"floor":3,"key":"Fire Potion"},{"floor":7,"key":"Strength Potion"},{"floor":11,"key":"GhostInAJar"},{"floor":18,"key":"Swift Potion"},{"floor":19,"key":"LiquidBronze"},{"floor":27,"key":"Ancient Potion"},{"floor":28,"key":"Weak Potion"},{"floor":33,"key":"Fruit Juice"},{"floor":35,"key":"Fire Potion"},{"floor":37,"key":"GamblersBrew"},{"floor":42,"key":"Fire Potion"},{"floor":47,"key":"SpeedPotion"},{"floor":48,"key":"SteroidPotion"}],"is_trial":false,"path_per_floor":["M","$","M","?","M","E","M","E","T","$","M","?","R","?","R","B",null,"M","M","$","?","T","R","M","$","T","E","M","M","?","M","R","B",null,"M","$","M","M","$","R","E","M","T","E","M","R","M","M","R","B"],"character_chosen":"THE_SILENT","items_purchased":["Bag of Preparation","ClockworkSouvenir","Noxious Fumes","Sling","Flash of Steel","Caltrops","Accuracy","Backflip","Sadistic Nature"],"campfire_rested":2,"item_purchase_floors":[2,10,10,20,20,20,25,36,36],"current_hp_per_floor":[63,63,63,63,63,42,29,20,20,20,20,35,53,53,53,48,63,63,63,63,44,44,44,34,34,34,42,44,39,15,22,22,28,49,43,43,37,4,4,17,4,24,24,32,34,34,33,31,31,0],"gold":175,"neow_bonus":"TWO_FIFTY_GOLD","is_prod":false,"is_daily":false,"chose_seed":false,"campfire_upgraded":4,"win_rate":0,"timestamp":1560927912,"path_taken":["M","$","?","?","?","E","M","E","T","$","M","?","R","?","R","BOSS","M","M","$","?","?","R","M","$","T","E","M","?","?","M","R","BOSS","M","$","?","M","?","R","E","M","T","E","M","R","?","M","R","BOSS"],"build_version":"2019-01-23","purchased_purges":2,"victory":false,"max_hp_per_floor":[63,63,63,63,63,63,63,63,63,63,63,63,63,63,63,63,63,63,63,63,44,44,44,44,44,44,44,44,44,44,44,44,49,49,49,49,49,49,46,46,46,46,46,46,46,46,46,46,46,46],"card_choices":[{"not_picked":["Sucker Punch","Dagger Throw"],"picked":"Backstab","floor":1},{"not_picked":["Riddle With Holes","Cloak And Dagger"],"picked":"Dagger Throw","floor":3},{"not_picked":["Acrobatics","Dodge and Roll"],"picked":"Backflip","floor":5},{"not_picked":["Sucker Punch","Poisoned Stab"],"picked":"Blade Dance","floor":6},{"not_picked":["Wraith Form v2","Prepared"],"picked":"Flying Knee","floor":7},{"not_picked":["All Out Attack","Acrobatics"],"picked":"Deflect","floor":8},{"not_picked":["Dodge and Roll","Predator"],"picked":"PiercingWail","floor":11},{"not_picked":["Envenom","Storm of Steel"],"picked":"After Image","floor":16},{"not_picked":["Deflect","Slice"],"picked":"Blade Dance+1","floor":18},{"not_picked":["Underhanded Strike+1","Eviscerate"],"picked":"Slice+1","floor":19},{"not_picked":["Expertise+1","Choke"],"picked":"Noxious Fumes","floor":24},{"not_picked":["Outmaneuver","Noxious Fumes","Deadly Poison"],"picked":"SKIP","floor":27},{"not_picked":["Deadly Poison","Dodge and Roll"],"picked":"Blur","floor":28},{"not_picked":["Underhanded Strike","Deflect"],"picked":"Sucker Punch+1","floor":29},{"not_picked":["Dagger Spray+1","Riddle With Holes"],"picked":"Caltrops","floor":31},{"not_picked":["Grand Finale","Malaise"],"picked":"Tools of the Trade","floor":33},{"not_picked":["Reflex","All Out Attack"],"picked":"Dagger Spray+1","floor":35},{"not_picked":["Outmaneuver","Dagger Spray"],"picked":"Backflip","floor":37},{"not_picked":["Underhanded Strike","Bane"],"picked":"Leg Sweep","floor":38},{"not_picked":["Outmaneuver","Deadly Poison"],"picked":"Backflip","floor":41},{"not_picked":["Underhanded Strike+1","Finisher+1"],"picked":"Acrobatics","floor":42},{"not_picked":["Dagger Spray","Masterful Stab+1"],"picked":"Doppelganger","floor":44},{"not_picked":["Backstab","Heel Hook"],"picked":"Quick Slash+1","floor":45},{"not_picked":["Bane+1","Backstab"],"picked":"Skewer","floor":47},{"not_picked":["Dagger Throw","Deadly Poison+1"],"picked":"Quick Slash","floor":48}],"player_experience":307978,"relics_obtained":[{"floor":6,"key":"PreservedInsect"},{"floor":8,"key":"Incense Burner"},{"floor":9,"key":"Ornamental Fan"},{"floor":26,"key":"Tiny Chest"},{"floor":27,"key":"Blood Vial"},{"floor":41,"key":"Meat on the Bone"},{"floor":43,"key":"Turnip"},{"floor":44,"key":"Regal Pillow"}],"event_choices":[{"damage_healed":0,"gold_gain":0,"player_choice":"Upgraded","damage_taken":0,"max_hp_gain":0,"max_hp_loss":0,"event_name":"Upgrade Shrine","floor":4,"gold_loss":0,"cards_upgraded":["Backstab"]},{"damage_healed":15,"gold_gain":0,"player_choice":"Healed","damage_taken":0,"max_hp_gain":0,"max_hp_loss":0,"event_name":"The Cleric","floor":12,"gold_loss":35},{"damage_healed":0,"gold_gain":175,"player_choice":"AGREE","damage_taken":0,"max_hp_gain":0,"max_hp_loss":0,"event_name":"Liars Game","floor":14,"gold_loss":0,"cards_obtained":["Doubt"]},{"damage_healed":0,"gold_gain":0,"player_choice":"Became a vampire","damage_taken":0,"max_hp_gain":0,"max_hp_loss":19,"event_name":"Vampires","floor":21,"gold_loss":0,"cards_obtained":["Bite","Bite","Bite","Bite","Bite"]},{"damage_healed":0,"gold_gain":90,"player_choice":"CARD CARD GOLD ","damage_taken":24,"max_hp_gain":0,"max_hp_loss":0,"event_name":"Knowing Skull","floor":30,"potions_obtained":[],"gold_loss":0,"cards_obtained":["Bandage Up","Deep Breath"]}],"is_beta":false,"boss_relics":[{"not_picked":["Runic Pyramid","White Beast Statue"],"picked":"Philosopher\u0027s Stone"},{"not_picked":["Lizard Tail","Black Star"],"picked":"HoveringKite"}],"items_purged_floors":[20,39],"is_endless":false,"potions_floor_spawned":[3,7,11,18,19,27,28,33,35,37,42,47,48],"killed_by":"Time Eater","ascension_level":2}