{"gold_per_floor":[116,6,26,44,44,74,74,24,79,79,109,109,109,122,122,226,226,242,242,242],"floor_reached":20,"playtime":1444,"items_purged":["Strike_R"],"score":234,"play_id":"379779e3-76e0-4767-8aba-2c7489f29964","local_time":"20190704160949","is_ascension_mode":true,"campfire_choices":[{"data":"Double Tap","floor":7,"key":"SMITH"},{"floor":13,"key":"REST"},{"floor":15,"key":"REST"}],"neow_cost":"NONE","seed_source_timestamp":193480970528558,"circlet_count":0,"master_deck":["Strike_R","Strike_R","Strike_R","Defend_R","Defend_R","Defend_R","Bash+1","Double Tap+1","Shrug It Off+1","Inflame","Regret","Flex","Feed","True Grit+1"],"relics":["Black Blood","Strawberry","Lantern","Oddly Smooth Stone","Letter Opener","Question Card"],"potions_floor_usage":[11,16],"damage_taken":[{"damage":7,"enemies":"Jaw Worm","floor":1,"turns":3},{"damage":0,"enemies":"2 Louse","floor":3,"turns":2},{"damage":2,"enemies":"Small Slimes","floor":4,"turns":3},{"damage":22,"enemies":"Gremlin Nob","floor":6,"turns":4},{"damage":41,"enemies":"Lagavulin","floor":11,"turns":6},{"damage":20,"enemies":"Exordium Thugs","floor":14,"turns":5},{"damage":47,"enemies":"The Guardian","floor":16,"turns":15},{"damage":68,"enemies":"Spheric Guardian","floor":18,"turns":8},{"damage":16,"enemies":"3 Byrds","floor":20,"turns":2}],"seed_played":"-7964259386668838226","potions_obtained":[{"floor":1,"key":"FearPotion"},{"floor":6,"key":"Regen Potion"},{"floor":11,"key":"Explosive Potion"},{"floor":16,"key":"PowerPotion"}],"is_trial":false,"path_per_floor":["M","$","M","M","?","E","R","?","T","?","E","?","R","M","R","B",null,"M","?","M"],"character_chosen":"IRONCLAD","items_purchased":["Inflame"],"campfire_rested":2,"item_purchase_floors":[2],"current_hp_per_floor":[71,71,77,80,73,64,64,64,64,64,41,24,50,36,62,21,71,16,16,0],"gold":242,"neow_bonus":"ONE_RANDOM_RARE_CARD","is_prod":false,"is_daily":false,"chose_seed":false,"campfire_upgraded":1,"win_rate":0,"timestamp":1562249389,"path_taken":["M","$","M","M","?","E","R","?","T","?","E","?","R","?","R","BOSS","M","?","M"],"build_version":"2019-07-01","purchased_purges":1,"victory":false,"max_hp_per_floor":[80,80,80,80,80,87,87,87,87,87,87,87,87,87,87,87,87,90,90,90],"card_choices":[{"not_picked":["Sentinel","Cleave"],"picked":"Shrug It Off","floor":1},{"not_picked":["Infernal Blade","Body Slam","Pommel Strike"],"picked":"SKIP","floor":3},{"not_picked":["Iron Wave","Dual Wield","Pommel Strike"],"picked":"SKIP","floor":4},{"not_picked":["True Grit","Cleave","Rupture"],"picked":"SKIP","floor":6},{"not_picked":["Headbutt","Twin Strike","Clothesline"],"picked":"SKIP","floor":11},{"not_picked":["Clothesline","Hemokinesis"],"picked":"Flex","floor":14},{"not_picked":["Fiend Fire","Reaper"],"picked":"Feed","floor":16},{"not_picked":["Havoc","Sentinel"],"picked":"True Grit+1","floor":18}],"player_experience":151362,"relics_obtained":[{"floor":6,"key":"Strawberry"},{"floor":9,"key":"Lantern"},{"floor":11,"key":"Letter Opener"}],"event_choices":[{"cards_removed":["Strike_R"],"damage_healed":0,"gold_gain":0,"player_choice":"Card Removal","damage_taken":7,"max_hp_gain":0,"max_hp_loss":0,"event_name":"Golden Wing","floor":5,"gold_loss":0},{"cards_removed":["Defend_R"],"damage_healed":0,"gold_gain":0,"player_choice":"Card Removal","damage_taken":0,"max_hp_gain":0,"max_hp_loss":0,"event_name":"The Cleric","floor":8,"gold_loss":50},{"damage_healed":0,"gold_gain":0,"player_choice":"Box","damage_taken":0,"relics_obtained":["Oddly Smooth Stone"],"max_hp_gain":0,"max_hp_loss":0,"event_name":"Big Fish","floor":10,"gold_loss":0,"cards_obtained":["Regret"]},{"damage_healed":0,"gold_gain":0,"player_choice":"Entered Light","damage_taken":17,"max_hp_gain":0,"max_hp_loss":0,"event_name":"Shining Light","floor":12,"gold_loss":0,"cards_upgraded":["Bash","Shrug It Off"]},{"damage_healed":0,"gold_gain":0,"player_choice":"Opened","damage_taken":0,"relics_obtained":["Question Card"],"max_hp_gain":0,"max_hp_loss":0,"event_name":"The Mausoleum","floor":19,"gold_loss":0}],"is_beta":false,"boss_relics":[{"not_picked":["Fusion Hammer","Snecko Eye"],"picked":"Black Blood"}],"items_purged_floors":[2],"is_endless":false,"potions_floor_spawned":[1,6,11,16],"killed_by":"3 Byrds","ascension_level":6}