{"gold_per_floor":[159,159,171,183,183,183,247,247,274,292,309,309,274,29,29,104,104,115,126,142,57,57,57],"floor_reached":23,"playtime":777,"items_purged":[],"score":382,"play_id":"68c4a35d-b35e-4a38-9665-afc91fc28117","local_time":"20190127170339","is_ascension_mode":true,"campfire_choices":[{"data":"Poisoned Stab","floor":6,"key":"SMITH"},{"data":"Neutralize","floor":8,"key":"SMITH"},{"data":"Deadly Poison","floor":12,"key":"SMITH"},{"data":"Dagger Spray","floor":15,"key":"SMITH"}],"neow_cost":"NONE","seed_source_timestamp":304577363397300,"circlet_count":0,"master_deck":["AscendersBane","Defend_G+1","Defend_G","Defend_G","Defend_G","Defend_G","Strike_G","Strike_G","Survivor","Neutralize+1","Poisoned Stab+1","Backstab","Dagger Throw","Dodge and Roll","Quick Slash","Dagger Spray+1","Deadly Poison+1","Noxious Fumes","Bullet Time","Leg Sweep","Catalyst","Footwork"],"relics":["Tiny House","Tiny Chest","Anchor","Blood Vial","Empty Cage","Oddly Smooth Stone"],"potions_floor_usage":[0,7,7,16],"damage_taken":[{"damage":0,"enemies":"Small Slimes","floor":1,"turns":3},{"damage":0,"enemies":"Cultist","floor":3,"turns":4},{"damage":4,"enemies":"2 Louse","floor":4,"turns":3},{"damage":7,"enemies":"Gremlin Nob","floor":7,"turns":4},{"damage":0,"enemies":"Looter","floor":10,"turns":2},{"damage":1,"enemies":"Large Slime","floor":11,"turns":5},{"damage":49,"enemies":"Slime Boss","floor":16,"turns":11},{"damage":13,"enemies":"Chosen","floor":18,"turns":5},{"damage":22,"enemies":"Shell Parasite","floor":19,"turns":5},{"damage":20,"enemies":"Snake Plant","floor":20,"turns":5},{"damage":26,"enemies":"3 Cultists","floor":23,"turns":3}],"seed_played":"-7769491392259750556","potions_obtained":[{"floor":0,"key":"Fruit Juice"},{"floor":1,"key":"Weak Potion"},{"floor":3,"key":"PowerPotion"},{"floor":4,"key":"GhostInAJar"},{"floor":11,"key":"Block Potion"},{"floor":19,"key":"PowerPotion"}],"is_trial":false,"path_per_floor":["M","?","M","M","?","R","E","R","T","M","M","R","?","$","R","B",null,"M","M","M","?","$","M"],"character_chosen":"THE_SILENT","items_purchased":["Blood Vial","Noxious Fumes"],"campfire_rested":0,"item_purchase_floors":[14,14],"current_hp_per_floor":[69,69,69,65,65,65,58,58,58,58,57,57,76,76,76,27,64,53,33,15,15,15,0],"gold":57,"neow_bonus":"BOSS_RELIC","is_prod":false,"is_daily":false,"chose_seed":false,"campfire_upgraded":4,"win_rate":0,"timestamp":1548608619,"path_taken":["M","?","?","M","?","R","E","R","T","M","M","R","?","$","R","BOSS","M","M","M","?","$","M"],"build_version":"2019-01-23","purchased_purges":0,"victory":false,"max_hp_per_floor":[76,76,76,76,76,76,76,76,76,76,76,76,76,76,76,76,76,76,76,76,76,76,76],"card_choices":[{"not_picked":["Bouncing Flask","Terror"],"picked":"Poisoned Stab","floor":0},{"not_picked":["Setup","Outmaneuver"],"picked":"Backstab","floor":1},{"not_picked":["Prepared","Deadly Poison"],"picked":"Dagger Throw","floor":3},{"not_picked":["Heel Hook","Slice"],"picked":"Dodge and Roll","floor":4},{"not_picked":["Underhanded Strike","Acrobatics"],"picked":"Quick Slash","floor":7},{"not_picked":["Distraction","Dagger Throw"],"picked":"Dagger Spray","floor":10},{"not_picked":["Dagger Throw","A Thousand Cuts"],"picked":"Deadly Poison","floor":11},{"not_picked":["Grand Finale","Storm of Steel"],"picked":"Bullet Time","floor":16},{"not_picked":["Sucker Punch","Setup"],"picked":"Leg Sweep","floor":18},{"not_picked":["Crippling Poison","Dagger Throw+1"],"picked":"Catalyst","floor":19},{"not_picked":["Skewer","Prepared"],"picked":"Footwork","floor":20}],"player_experience":1228234,"relics_obtained":[{"floor":7,"key":"Tiny Chest"},{"floor":9,"key":"Anchor"}],"event_choices":[{"cards_removed":["Strike_G"],"damage_healed":0,"gold_gain":0,"player_choice":"Offered Basic","damage_taken":0,"max_hp_gain":0,"max_hp_loss":0,"event_name":"Bonfire Elementals","floor":2,"gold_loss":0},{"damage_healed":0,"gold_gain":0,"player_choice":"Ignored","damage_taken":0,"max_hp_gain":0,"max_hp_loss":0,"event_name":"Liars Game","floor":5,"gold_loss":0},{"damage_healed":19,"gold_gain":0,"player_choice":"Healed","damage_taken":0,"max_hp_gain":0,"max_hp_loss":0,"event_name":"The Cleric","floor":13,"gold_loss":35},{"damage_healed":0,"gold_gain":0,"player_choice":"Obtained Relic","damage_taken":0,"relics_obtained":["Oddly Smooth Stone"],"max_hp_gain":0,"max_hp_loss":0,"event_name":"Addict","floor":21,"gold_loss":85}],"is_beta":false,"boss_relics":[{"not_picked":["Velvet Choker","Black Star"],"picked":"Empty Cage"}],"items_purged_floors":[],"is_endless":false,"potions_floor_spawned":[1,3,4,11,19],"killed_by":"3 Cultists","ascension_level":20}