{"gold_per_floor":[114,129,144,202,218,218,237,247,247,11,11,22,34,62,62,164,164,183,197,197,213,21,36,51,81,81,81],"floor_reached":27,"playtime":2419,"items_purged":[],"score":278,"play_id":"5c78cee6-2cb3-4725-9c70-e67ce484967b","local_time":"20181225151545","is_ascension_mode":true,"campfire_choices":[{"data":"Heavy Blade","floor":6,"key":"SMITH"},{"data":"Inflame","floor":15,"key":"SMITH"}],"neow_cost":"NONE","seed_source_timestamp":58711123317370,"circlet_count":0,"master_deck":["Bash","Warcry","Inflame+1","Heavy Blade+1","Flex","Iron Wave","Heavy Blade","Bloodletting+1","Rage+1","Metallicize","Bloodletting+1","Feed","Fire Breathing","Reckless Charge","Fire Breathing","Berserk","Infernal Blade+1","Berserk","Burning Pact+1","Flame Barrier+1","Spot Weakness+1","Body Slam","Burning Pact+1","Infernal Blade+1","Anger+1","Infernal Blade+1","Brutality+1"],"relics":["Runic Pyramid","Toxic Egg 2","Potion Belt","Pandora\u0027s Box","Nloth\u0027s Gift","Sling","Frozen Egg 2","Mango"],"potions_floor_usage":[8,12,16,24,25,25,25],"damage_taken":[{"damage":1,"enemies":"Cultist","floor":1,"turns":3},{"damage":3,"enemies":"Jaw Worm","floor":2,"turns":5},{"damage":2,"enemies":"Small Slimes","floor":3,"turns":3},{"damage":7,"enemies":"Blue Slaver","floor":5,"turns":8},{"damage":3,"enemies":"Red Slaver","floor":7,"turns":4},{"damage":8,"enemies":"3 Louse","floor":8,"turns":4},{"damage":8,"enemies":"Exordium Wildlife","floor":12,"turns":4},{"damage":4,"enemies":"Exordium Thugs","floor":13,"turns":4},{"damage":11,"enemies":"3 Sentries","floor":14,"turns":6},{"damage":15,"enemies":"Hexaghost","floor":16,"turns":10},{"damage":26,"enemies":"Spheric Guardian","floor":18,"turns":4},{"damage":3,"enemies":"Chosen","floor":19,"turns":4},{"damage":26,"enemies":"Centurion and Healer","floor":21,"turns":3},{"damage":12,"enemies":"3 Cultists","floor":23,"turns":5},{"damage":3,"enemies":"Snecko","floor":24,"turns":2},{"damage":30,"enemies":"Gremlin Leader","floor":25,"turns":3},{"damage":18,"enemies":"Centurion and Healer","floor":27,"turns":4}],"seed_played":"-2557986315348790078","potions_obtained":[{"floor":3,"key":"GamblersBrew"},{"floor":5,"key":"LiquidBronze"},{"floor":7,"key":"SpeedPotion"},{"floor":8,"key":"FearPotion"},{"floor":14,"key":"Ancient Potion"},{"floor":18,"key":"Regen Potion"},{"floor":23,"key":"Swift Potion"},{"floor":24,"key":"Swift Potion"}],"is_trial":false,"path_per_floor":["M","M","M","?","M","R","M","M","T","$","?","M","M","E","R","B",null,"M","M","?","M","$","M","M","E","T","M"],"character_chosen":"IRONCLAD","items_purchased":["Membership Card","Bloodletting+1","Sling"],"campfire_rested":0,"item_purchase_floors":[10,10,22],"current_hp_per_floor":[79,76,74,74,67,67,64,56,56,56,56,48,44,33,33,18,80,57,57,57,34,34,25,25,4,18,0],"gold":81,"neow_bonus":"BOSS_RELIC","is_prod":false,"is_daily":false,"chose_seed":false,"campfire_upgraded":2,"win_rate":0,"timestamp":1545779745,"path_taken":["M","?","M","?","M","R","M","M","T","$","?","M","M","E","R","BOSS","M","M","?","M","$","M","M","E","T","M"],"build_version":"2018-12-20","purchased_purges":0,"victory":false,"max_hp_per_floor":[80,80,80,80,80,80,80,80,80,80,80,80,80,80,80,80,80,83,86,86,89,89,92,95,95,109,109],"card_choices":[{"not_picked":["Disarm","Iron Wave"],"picked":"Warcry","floor":1},{"not_picked":["Spot Weakness","Perfected Strike"],"picked":"Inflame","floor":2},{"not_picked":["Flex","Clash"],"picked":"Heavy Blade","floor":3},{"not_picked":["Clash","Disarm"],"picked":"Flex","floor":5},{"not_picked":["Headbutt","Sword Boomerang"],"picked":"Iron Wave","floor":7},{"not_picked":["Thunderclap","Intimidate"],"picked":"Heavy Blade","floor":8},{"not_picked":["Corruption","Cleave"],"picked":"Rage+1","floor":12},{"not_picked":["Whirlwind","Blood for Blood"],"picked":"Metallicize","floor":13},{"not_picked":["Rupture","Disarm+1"],"picked":"Bloodletting+1","floor":14},{"not_picked":["Impervious+1","Dark Embrace"],"picked":"Feed","floor":16},{"not_picked":["Power Through+1","Clash"],"picked":"Body Slam","floor":18},{"not_picked":["Second Wind+1","Headbutt+1"],"picked":"Burning Pact+1","floor":19},{"not_picked":["Dark Embrace","Clash+1"],"picked":"Infernal Blade+1","floor":21},{"not_picked":["Heavy Blade","Iron Wave+1"],"picked":"Anger+1","floor":23},{"not_picked":["Offering+1","Perfected Strike+1"],"picked":"Infernal Blade+1","floor":24},{"not_picked":["Sword Boomerang","Twin Strike"],"picked":"Brutality","floor":25}],"player_experience":104581,"relics_obtained":[{"floor":9,"key":"Toxic Egg 2"},{"floor":14,"key":"Potion Belt"},{"floor":25,"key":"Frozen Egg 2"},{"floor":26,"key":"Mango"}],"event_choices":[{"damage_healed":0,"gold_gain":58,"player_choice":"Gained Gold","damage_taken":0,"max_hp_gain":0,"max_hp_loss":0,"event_name":"Golden Wing","floor":4,"gold_loss":0},{"damage_healed":0,"gold_gain":0,"player_choice":"Ignored","damage_taken":0,"max_hp_gain":0,"max_hp_loss":0,"event_name":"Liars Game","floor":11,"gold_loss":0},{"damage_healed":0,"gold_gain":0,"player_choice":"Traded Relic","damage_taken":0,"relics_obtained":["Nloth\u0027s Gift"],"max_hp_gain":0,"max_hp_loss":0,"event_name":"N\u0027loth","floor":20,"relics_lost":["Membership Card"],"gold_loss":0}],"is_beta":false,"boss_relics":[{"not_picked":["Calling Bell","Empty Cage"],"picked":"Pandora\u0027s Box"}],"items_purged_floors":[],"is_endless":false,"potions_floor_spawned":[3,5,7,8,14,18,23,24],"killed_by":"Centurion and Healer","ascension_level":1}