{"gold_per_floor":[109,129,129,143,98,98,126,126,126,126,137,169,169,203,203,299,299,316,316,120,134,59,89,101,101,128,147,164,164,182,202,202,301,301,315,331,431,441,35,35,35,35,35,35,50,84,94,128,128,128],"floor_reached":51,"playtime":2521,"items_purged":["Strike_B"],"score":941,"play_id":"ee473d22-0f54-484d-b0b8-ccd15593438a","local_time":"20190602205512","is_ascension_mode":true,"campfire_choices":[{"data":"Dualcast","floor":6,"key":"SMITH"},{"floor":10,"key":"REST"},{"data":"Fission","floor":13,"key":"SMITH"},{"floor":15,"key":"REST"},{"floor":25,"key":"REST"},{"floor":29,"key":"REST"},{"floor":32,"key":"REST"},{"data":"Biased Cognition","floor":40,"key":"SMITH"},{"data":"Biased Cognition","floor":42,"key":"SMITH"},{"data":"Loop","floor":44,"key":"SMITH"},{"data":"Zap","floor":49,"key":"SMITH"}],"neow_cost":"TEN_PERCENT_HP_LOSS","seed_source_timestamp":1391998287312706,"circlet_count":0,"master_deck":["Strike_B","Defend_B","Defend_B","Defend_B","Defend_B","Zap+1","Dualcast+1","Biased Cognition+1","Ball Lightning","Doom and Gloom","Leap","Melter","BootSequence","Steam","Fission+1","Capacitor","Cold Snap","Seek","Defragment","Biased Cognition+1","Ball Lightning+1","Hologram+1","Conserve Battery+1","Echo Form","Redo+1","Defragment","Machine Learning","Consume+1","Conserve Battery+1","Loop+1","Discovery","Glacier","Darkness+1","Chill+1","Defragment+1"],"relics":["Cracked Core","Cables","Dream Catcher","Smiling Mask","Dead Branch","Anchor","Eternal Feather","Orichalcum","Strawberry","PreservedInsect","Coffee Dripper","Ice Cream","Lantern","Emotion Chip","Bag of Preparation","Bronze Scales"],"potions_floor_usage":[14,18,24,31,36,50,50],"damage_taken":[{"damage":0,"enemies":"Cultist","floor":1,"turns":3},{"damage":1,"enemies":"2 Louse","floor":2,"turns":2},{"damage":9,"enemies":"Small Slimes","floor":4,"turns":2},{"damage":18,"enemies":"Gremlin Nob","floor":7,"turns":3},{"damage":0,"enemies":"Looter","floor":11,"turns":2},{"damage":11,"enemies":"Lagavulin","floor":12,"turns":3},{"damage":10,"enemies":"3 Sentries","floor":14,"turns":5},{"damage":29,"enemies":"Slime Boss","floor":16,"turns":5},{"damage":33,"enemies":"3 Byrds","floor":18,"turns":4},{"damage":3,"enemies":"2 Thieves","floor":21,"turns":3},{"damage":26,"enemies":"Book of Stabbing","floor":23,"turns":5},{"damage":5,"enemies":"Centurion and Healer","floor":24,"turns":4},{"damage":26,"enemies":"Shelled Parasite and Fungi","floor":27,"turns":5},{"damage":0,"enemies":"Cultist and Chosen","floor":28,"turns":3},{"damage":4,"enemies":"Snake Plant","floor":30,"turns":3},{"damage":9,"enemies":"Centurion and Healer","floor":31,"turns":6},{"damage":41,"enemies":"Champ","floor":33,"turns":11},{"damage":7,"enemies":"3 Darklings","floor":35,"turns":3},{"damage":4,"enemies":"3 Shapes","floor":36,"turns":3},{"damage":28,"enemies":"Mind Bloom Boss Battle","floor":37,"turns":8},{"damage":34,"enemies":"3 Darklings","floor":38,"turns":6},{"damage":1,"enemies":"Jaw Worm Horde","floor":45,"turns":4},{"damage":3,"enemies":"Giant Head","floor":46,"turns":5},{"damage":0,"enemies":"4 Shapes","floor":47,"turns":4},{"damage":19,"enemies":"Reptomancer","floor":48,"turns":4},{"damage":12,"enemies":"Donu and Deca","floor":50,"turns":8}],"seed_played":"-3494283971543017607","potions_obtained":[{"floor":7,"key":"Weak Potion"},{"floor":11,"key":"LiquidBronze"},{"floor":12,"key":"FocusPotion"},{"floor":16,"key":"Block Potion"},{"floor":18,"key":"PowerPotion"},{"floor":27,"key":"SkillPotion"},{"floor":35,"key":"Poison Potion"},{"floor":47,"key":"SpeedPotion"}],"is_trial":false,"path_per_floor":["M","M","?","M","$","R","E","?","T","R","M","E","R","E","R","B",null,"M","?","$","M","?","E","M","R","T","M","M","R","M","M","R","B",null,"M","M","?","M","$","R","$","R","T","R","M","E","M","E","R","B",null],"character_chosen":"DEFECT","items_purchased":["Leap","Orichalcum","Loop","Discovery","Lantern","Glacier"],"campfire_rested":5,"item_purchase_floors":[5,20,39,39,39,39],"current_hp_per_floor":[68,67,60,51,51,51,33,33,33,53,53,42,42,32,52,23,68,35,35,35,32,32,13,8,42,42,16,16,50,46,37,74,33,75,68,64,36,2,2,20,20,38,38,56,55,52,52,33,54,42],"gold":128,"neow_bonus":"THREE_RARE_CARDS","is_prod":false,"is_daily":false,"chose_seed":false,"campfire_upgraded":6,"win_rate":0,"timestamp":1559523312,"path_taken":["M","M","?","M","$","R","E","?","T","R","?","E","R","E","R","BOSS","M","?","$","?","?","E","M","R","T","M","M","R","M","M","R","BOSS","M","M","?","M","$","R","$","R","T","R","M","E","M","E","R","BOSS"],"build_version":"2019-01-23","purchased_purges":1,"victory":true,"max_hp_per_floor":[68,68,68,68,68,68,68,68,68,68,68,68,68,68,68,68,68,68,68,68,68,68,75,75,75,75,75,75,75,75,75,75,75,75,75,75,75,75,75,75,75,75,75,75,75,75,75,75,75,75],"card_choices":[{"not_picked":["Rainbow","Creative AI"],"picked":"Biased Cognition","floor":0},{"not_picked":["Barrage","Streamline","Recycle"],"picked":"SKIP","floor":1},{"not_picked":["Reinforced Body","Redo"],"picked":"Ball Lightning","floor":2},{"not_picked":["Rip and Tear","Hologram"],"picked":"Doom and Gloom","floor":4},{"not_picked":["Chaos","Stack"],"picked":"Melter","floor":7},{"not_picked":["Turbo","Gash"],"picked":"Steam","floor":11},{"not_picked":["Rebound","Leap"],"picked":"Fission","floor":12},{"not_picked":["Storm","Redo"],"picked":"Capacitor","floor":14},{"not_picked":["Sweeping Beam","Beam Cell"],"picked":"Cold Snap","floor":15},{"not_picked":["Amplify","Hyperbeam"],"picked":"Seek","floor":16},{"not_picked":["Barrage","Beam Cell"],"picked":"Defragment","floor":18},{"not_picked":["Streamline","Steam+1","Cold Snap"],"picked":"SKIP","floor":21},{"not_picked":["Leap","Barrage"],"picked":"Ball Lightning+1","floor":23},{"not_picked":["Ball Lightning+1","Static Discharge"],"picked":"Hologram+1","floor":24},{"not_picked":["Double Energy","Chaos"],"picked":"Conserve Battery+1","floor":27},{"not_picked":["Reprogram","Scrape","Tempest+1"],"picked":"SKIP","floor":28},{"not_picked":["BootSequence","Go for the Eyes+1"],"picked":"Echo Form","floor":30},{"not_picked":["Conserve Battery+1","Stack"],"picked":"Redo+1","floor":31},{"not_picked":["Compile Driver","Thunder Strike"],"picked":"Defragment","floor":32},{"not_picked":["Multi-Cast","Hyperbeam"],"picked":"Machine Learning","floor":33},{"not_picked":["Beam Cell+1","Cold Snap"],"picked":"Consume+1","floor":35},{"not_picked":["Go for the Eyes+1","Steam+1","Leap"],"picked":"SKIP","floor":36},{"not_picked":["Force Field+1","Steam Power"],"picked":"Conserve Battery+1","floor":37},{"not_picked":["Go for the Eyes+1","Force Field+1","Thunder Strike"],"picked":"SKIP","floor":38},{"not_picked":["Ball Lightning","Barrage","Rebound+1"],"picked":"SKIP","floor":45},{"not_picked":["Loop","Recycle+1"],"picked":"Darkness+1","floor":46},{"not_picked":["Coolheaded","Barrage+1"],"picked":"Chill+1","floor":47},{"not_picked":["Hologram","Darkness+1"],"picked":"Defragment+1","floor":48}],"player_experience":396038,"relics_obtained":[{"floor":7,"key":"Dream Catcher"},{"floor":9,"key":"Smiling Mask"},{"floor":12,"key":"Dead Branch"},{"floor":14,"key":"Anchor"},{"floor":23,"key":"Strawberry"},{"floor":26,"key":"PreservedInsect"},{"floor":37,"key":"Ice Cream"},{"floor":43,"key":"Emotion Chip"},{"floor":46,"key":"Bag of Preparation"},{"floor":48,"key":"Bronze Scales"}],"event_choices":[{"damage_healed":0,"gold_gain":0,"player_choice":"Success","damage_taken":7,"relics_obtained":["Cables"],"max_hp_gain":0,"max_hp_loss":0,"event_name":"Scrap Ooze","floor":3,"gold_loss":0},{"damage_healed":0,"gold_gain":0,"cards_transformed":["Strike_B"],"player_choice":"Transformed","damage_taken":0,"max_hp_gain":0,"max_hp_loss":0,"event_name":"Transmorgrifier","floor":8,"gold_loss":0,"cards_obtained":["BootSequence"]},{"damage_healed":0,"gold_gain":0,"player_choice":"Copied","damage_taken":0,"max_hp_gain":0,"max_hp_loss":0,"event_name":"Duplicator","floor":19,"gold_loss":0,"cards_obtained":["Biased Cognition"]},{"cards_removed":["Strike_B"],"damage_healed":0,"gold_gain":0,"player_choice":"Gave Gold","damage_taken":0,"max_hp_gain":0,"max_hp_loss":0,"event_name":"Beggar","floor":22,"gold_loss":75},{"damage_healed":0,"gold_gain":0,"player_choice":"Fight","damage_taken":0,"max_hp_gain":0,"max_hp_loss":0,"event_name":"MindBloom","floor":37,"gold_loss":0}],"is_beta":false,"boss_relics":[{"not_picked":["Runic Dome","Fusion Hammer"],"picked":"Eternal Feather"},{"not_picked":["Tiny House","Calling Bell"],"picked":"Coffee Dripper"}],"items_purged_floors":[20],"is_endless":false,"potions_floor_spawned":[7,11,12,16,18,21,27,28,30,35,47,48],"ascension_level":4}