{"gold_per_floor":[116,65,65,83,83,127,302,302,325,340,340,373,373,373,373,373],"floor_reached":16,"playtime":417,"items_purged":[],"score":216,"play_id":"f6634c4a-487b-457c-9b69-7b3a0345215d","local_time":"20190630211128","is_ascension_mode":true,"campfire_choices":[{"data":"Zap","floor":8,"key":"SMITH"},{"floor":13,"key":"REST"},{"data":"Hologram","floor":15,"key":"SMITH"}],"neow_cost":"NONE","seed_source_timestamp":636107877847703,"circlet_count":0,"master_deck":["AscendersBane","Strike_B","Strike_B","Strike_B","Strike_B","Defend_B","Defend_B","Defend_B","Defend_B","Zap+1","Dualcast","Cold Snap","Ball Lightning","Hologram","Coolheaded","Doubt","Hologram+1","Rip and Tear"],"relics":["Cracked Core","NeowsBlessing","Golden Idol","Regal Pillow","Oddly Smooth Stone","Blue Candle","Vajra","CultistMask"],"potions_floor_usage":[16],"damage_taken":[{"damage":0,"enemies":"Jaw Worm","floor":1,"turns":1},{"damage":0,"enemies":"2 Louse","floor":4,"turns":1},{"damage":0,"enemies":"3 Sentries","floor":6,"turns":1},{"damage":0,"enemies":"Small Slimes","floor":10,"turns":3},{"damage":25,"enemies":"Lagavulin","floor":12,"turns":8},{"damage":70,"enemies":"Slime Boss","floor":16,"turns":11}],"seed_played":"-4850413523932383221","potions_obtained":[{"floor":6,"key":"SpeedPotion"},{"floor":10,"key":"Energy Potion"}],"is_trial":false,"path_per_floor":["M","$","?","M","$","E","?","R","T","M","T","E","R","?","R","B"],"character_chosen":"DEFECT","items_purchased":["Ball Lightning"],"campfire_rested":1,"item_purchase_floors":[2],"current_hp_per_floor":[68,68,50,50,50,50,50,50,50,50,50,25,62,62,62,0],"gold":373,"neow_bonus":"THREE_ENEMY_KILL","is_prod":false,"is_daily":false,"chose_seed":false,"campfire_upgraded":2,"win_rate":0,"timestamp":1561943488,"path_taken":["M","$","?","M","$","E","?","R","T","M","?","E","R","?","R","BOSS"],"build_version":"2019-01-23","purchased_purges":0,"victory":false,"max_hp_per_floor":[75,75,75,75,75,75,75,75,75,75,75,75,75,75,75,75],"card_choices":[{"not_picked":["Hologram","Tempest"],"picked":"Cold Snap","floor":1},{"not_picked":["Skim","Force Field"],"picked":"Hologram","floor":4},{"not_picked":["FTL","Compile Driver"],"picked":"Coolheaded","floor":6},{"not_picked":["Sweeping Beam","Barrage"],"picked":"Hologram","floor":10},{"not_picked":["Hello World","Redo"],"picked":"Rip and Tear","floor":12}],"player_experience":452099,"relics_obtained":[{"floor":6,"key":"Regal Pillow"},{"floor":9,"key":"Oddly Smooth Stone"},{"floor":11,"key":"Blue Candle"},{"floor":12,"key":"Vajra"}],"event_choices":[{"damage_healed":0,"gold_gain":0,"player_choice":"Take Damage","damage_taken":18,"relics_obtained":["Golden Idol"],"max_hp_gain":0,"max_hp_loss":0,"event_name":"Golden Idol","floor":3,"gold_loss":0},{"damage_healed":0,"gold_gain":175,"player_choice":"AGREE","damage_taken":0,"max_hp_gain":0,"max_hp_loss":0,"event_name":"Liars Game","floor":7,"gold_loss":0,"cards_obtained":["Doubt"]},{"damage_healed":0,"gold_gain":0,"player_choice":"Trade","damage_taken":0,"relics_obtained":["CultistMask"],"max_hp_gain":0,"max_hp_loss":0,"event_name":"FaceTrader","floor":14,"gold_loss":0}],"is_beta":false,"boss_relics":[],"items_purged_floors":[],"is_endless":false,"potions_floor_spawned":[6,10,12],"killed_by":"Slime Boss","ascension_level":13}