{"gold_per_floor":[112,37,53,66,66,66,98,113,113,146,126,126,153,166,166,166],"floor_reached":16,"playtime":614,"items_purged":[],"score":234,"play_id":"79758356-916f-483a-86d6-fe80389bef01","local_time":"20190117011307","is_ascension_mode":true,"campfire_choices":[{"data":"Clothesline","floor":6,"key":"SMITH"},{"data":"Bash","floor":12,"key":"SMITH"},{"floor":15,"key":"REST"}],"neow_cost":"NONE","seed_source_timestamp":52634789396223,"circlet_count":0,"master_deck":["AscendersBane","Strike_R","Strike_R","Strike_R","Strike_R","Defend_R","Defend_R","Defend_R","Defend_R","Bash+1","Flame Barrier","Ghostly Armor","Clothesline+1","Headbutt"],"relics":["Burning Blood","PreservedInsect","Sundial","WingedGreaves","Blue Candle"],"potions_floor_usage":[7,10,13],"damage_taken":[{"damage":14,"enemies":"2 Louse","floor":1,"turns":4},{"damage":10,"enemies":"Small Slimes","floor":3,"turns":5},{"damage":1,"enemies":"Cultist","floor":4,"turns":4},{"damage":25,"enemies":"3 Sentries","floor":7,"turns":13},{"damage":5,"enemies":"Looter","floor":8,"turns":4},{"damage":6,"enemies":"Gremlin Nob","floor":10,"turns":3},{"damage":15,"enemies":"3 Sentries","floor":13,"turns":9},{"damage":29,"enemies":"Exordium Wildlife","floor":14,"turns":7},{"damage":49,"enemies":"Slime Boss","floor":16,"turns":5}],"seed_played":"2376925923226293075","potions_obtained":[{"floor":3,"key":"FearPotion"},{"floor":4,"key":"AttackPotion"},{"floor":10,"key":"GamblersBrew"},{"floor":11,"key":"Block Potion"},{"floor":14,"key":"LiquidBronze"}],"is_trial":false,"path_per_floor":["M","?","M","M","?","R","E","M","T","E","?","R","E","M","R","B"],"character_chosen":"IRONCLAD","items_purchased":[],"campfire_rested":1,"item_purchase_floors":[],"current_hp_per_floor":[67,67,63,68,73,73,54,55,55,55,55,55,46,23,49,0],"gold":166,"neow_bonus":"TEN_PERCENT_HP_BONUS","is_prod":false,"is_daily":false,"chose_seed":false,"campfire_upgraded":2,"win_rate":0,"timestamp":1547687587,"path_taken":["M","?","M","M","?","R","E","M","T","E","?","R","E","?","R","BOSS"],"build_version":"2019-01-10","purchased_purges":0,"victory":false,"max_hp_per_floor":[82,82,82,82,87,87,87,87,87,87,87,87,87,87,87,87],"card_choices":[{"not_picked":["Flex","Blood for Blood"],"picked":"Flame Barrier","floor":1},{"not_picked":["Spot Weakness","Thunderclap"],"picked":"Ghostly Armor","floor":3},{"not_picked":["Reckless Charge","Dual Wield"],"picked":"Clothesline","floor":4},{"not_picked":["Exhume","Carnage"],"picked":"Headbutt","floor":7},{"not_picked":["Heavy Blade","Second Wind","Warcry"],"picked":"SKIP","floor":8},{"not_picked":["Offering","Combust","Rage"],"picked":"SKIP","floor":10},{"not_picked":["Clothesline","Anger","Wild Strike"],"picked":"SKIP","floor":13},{"not_picked":["Wild Strike","True Grit","Perfected Strike"],"picked":"SKIP","floor":14}],"player_experience":1158236,"relics_obtained":[{"floor":7,"key":"PreservedInsect"},{"floor":9,"key":"Sundial"},{"floor":10,"key":"WingedGreaves"},{"floor":13,"key":"Blue Candle"}],"event_choices":[{"cards_removed":["Strike_R"],"damage_healed":0,"gold_gain":0,"player_choice":"Card Removal","damage_taken":0,"max_hp_gain":0,"max_hp_loss":0,"event_name":"The Cleric","floor":2,"gold_loss":75},{"damage_healed":0,"gold_gain":0,"player_choice":"Donut","damage_taken":0,"max_hp_gain":5,"max_hp_loss":0,"event_name":"Big Fish","floor":5,"gold_loss":0},{"damage_healed":0,"gold_gain":0,"player_choice":"Bought 1 Potion","damage_taken":0,"max_hp_gain":0,"max_hp_loss":0,"event_name":"The Woman in Blue","floor":11,"gold_loss":0}],"is_beta":false,"boss_relics":[],"items_purged_floors":[],"is_endless":false,"potions_floor_spawned":[3,4,10,14],"killed_by":"Slime Boss","ascension_level":19}