{"gold_per_floor":[114,134,82,82,101,101,134,147,147,157,168,200,219,299,299,398,398,418,418,418,443,78,107,107,107,107,133,133,133,133,152,152,250,250,263,275,275,25,36,36,61,61,111,127,127,143,159,159,159,159],"floor_reached":51,"playtime":1063,"items_purged":["Shame","Decay"],"score":775,"play_id":"da1de460-6ce4-4080-b4d0-fba4a4d65750","local_time":"20190609224720","is_ascension_mode":false,"campfire_choices":[{"data":"Perfected Strike","floor":6,"key":"SMITH"},{"data":"Perfected Strike","floor":15,"key":"SMITH"},{"floor":25,"key":"REST"},{"data":"Demon Form","floor":29,"key":"SMITH"},{"floor":32,"key":"DIG"},{"floor":40,"key":"REST"},{"floor":42,"key":"DIG"},{"floor":49,"key":"DIG"}],"neow_cost":"NONE","seed_source_timestamp":117065483566018,"circlet_count":0,"master_deck":["Strike_R+1","Strike_R","Strike_R","Strike_R","Strike_R","Defend_R","Defend_R","Defend_R","Bash+1","Clash","Second Wind","Clash","Iron Wave","Perfected Strike+1","Perfected Strike+1","True Grit+1","Hemokinesis+1","Seeing Red+1","Uppercut+1","Perfected Strike+1","Limit Break+1","Sword Boomerang+1","J.A.X.+1","Flex+1","Perfected Strike+1","Hemokinesis+1","Demon Form+1","Double Tap+1","Madness+1","Madness+1","Uppercut+1","Battle Trance+1"],"relics":["Burning Blood","Dream Catcher","Toxic Egg 2","Molten Egg 2","Pear","Shuriken","Cursed Key","Blood Vial","Self Forming Clay","Calipers","Shovel","Mummified Hand","Omamori","Letter Opener","Fusion Hammer","Pen Nib","Du-Vu Doll","Whetstone","Potion Belt","Orichalcum"],"potions_floor_usage":[7,19,19,39,50,50],"damage_taken":[{"damage":6,"enemies":"Cultist","floor":1,"turns":3},{"damage":10,"enemies":"2 Louse","floor":2,"turns":2},{"damage":3,"enemies":"Jaw Worm","floor":5,"turns":3},{"damage":18,"enemies":"Lagavulin","floor":7,"turns":5},{"damage":10,"enemies":"Looter","floor":8,"turns":2},{"damage":12,"enemies":"Blue Slaver","floor":10,"turns":2},{"damage":7,"enemies":"Large Slime","floor":11,"turns":3},{"damage":20,"enemies":"3 Sentries","floor":12,"turns":5},{"damage":0,"enemies":"Looter","floor":13,"turns":1},{"damage":34,"enemies":"Hexaghost","floor":16,"turns":7},{"damage":2,"enemies":"Spheric Guardian","floor":18,"turns":2},{"damage":4,"enemies":"Colosseum Slavers","floor":19,"turns":3},{"damage":40,"enemies":"Slavers","floor":23,"turns":5},{"damage":22,"enemies":"Book of Stabbing","floor":27,"turns":4},{"damage":10,"enemies":"2 Thieves","floor":31,"turns":2},{"damage":59,"enemies":"Collector","floor":33,"turns":7},{"damage":7,"enemies":"Orb Walker","floor":35,"turns":2},{"damage":9,"enemies":"3 Shapes","floor":36,"turns":4},{"damage":20,"enemies":"3 Darklings","floor":39,"turns":3},{"damage":23,"enemies":"Reptomancer","floor":41,"turns":5},{"damage":11,"enemies":"Sphere and 2 Shapes","floor":44,"turns":3},{"damage":3,"enemies":"Writhing Mass","floor":46,"turns":3},{"damage":5,"enemies":"4 Shapes","floor":47,"turns":2},{"damage":58,"enemies":"Time Eater","floor":50,"turns":5}],"seed_played":"-7721530043075408801","potions_obtained":[{"floor":1,"key":"FearPotion"},{"floor":11,"key":"Fire Potion"},{"floor":12,"key":"Poison Potion"},{"floor":16,"key":"Ancient Potion"},{"floor":23,"key":"Explosive Potion"},{"floor":27,"key":"Swift Potion"},{"floor":39,"key":"SneckoOil"},{"floor":46,"key":"SteroidPotion"}],"is_trial":false,"path_per_floor":["M","M","$","?","M","R","E","M","T","M","M","E","M","T","R","B",null,"M","?","?","T","$","E","$","R","T","E","?","R","$","M","R","B",null,"M","M","?","$","M","R","E","R","T","M","?","M","M","?","R","B",null],"character_chosen":"IRONCLAD","items_purchased":["Clash","Self Forming Clay","Flex+1","Pen Nib"],"campfire_rested":2,"item_purchase_floors":[3,22,22,38],"current_hp_per_floor":[80,76,76,76,79,79,67,63,63,57,56,52,58,58,58,30,90,90,90,90,90,90,56,56,83,83,69,69,69,69,67,67,16,90,89,87,76,76,64,90,73,73,73,70,70,75,78,78,78,28],"gold":159,"neow_bonus":"RANDOM_COMMON_RELIC","is_prod":false,"is_daily":false,"chose_seed":false,"campfire_upgraded":3,"win_rate":0,"timestamp":1560134840,"path_taken":["M","?","$","?","M","R","E","M","T","?","?","E","M","?","R","BOSS","M","?","?","?","$","E","$","R","T","E","?","R","?","M","R","BOSS","M","M","?","$","M","R","E","R","T","M","?","M","?","?","R","BOSS"],"build_version":"2019-01-23","purchased_purges":2,"victory":true,"max_hp_per_floor":[80,80,80,80,80,80,80,80,80,80,80,90,90,90,90,90,90,90,90,90,90,90,90,90,90,90,90,90,90,90,90,90,90,90,90,90,90,90,90,90,90,90,90,90,90,90,90,90,90,90],"card_choices":[{"not_picked":["Searing Blow","Anger"],"picked":"Clash","floor":1},{"not_picked":["Fire Breathing","Headbutt"],"picked":"Second Wind","floor":2},{"not_picked":["Cleave","Havoc"],"picked":"Perfected Strike","floor":5},{"not_picked":["Iron Wave","Body Slam"],"picked":"Perfected Strike","floor":7},{"not_picked":["Flex+1","Anger"],"picked":"True Grit+1","floor":8},{"not_picked":["Limit Break+1","Body Slam+1"],"picked":"Hemokinesis+1","floor":10},{"not_picked":["Combust","Headbutt+1"],"picked":"Seeing Red+1","floor":11},{"not_picked":["Limit Break+1","True Grit+1"],"picked":"Uppercut+1","floor":12},{"not_picked":["Armaments+1","Havoc+1"],"picked":"Perfected Strike+1","floor":13},{"not_picked":["Fiend Fire+1","Reaper+1"],"picked":"Limit Break+1","floor":16},{"not_picked":["Wild Strike+1","Bloodletting+1"],"picked":"Sword Boomerang+1","floor":18},{"not_picked":["Heavy Blade+1","Bloodletting+1"],"picked":"Perfected Strike+1","floor":23},{"not_picked":["Blood for Blood+1","Dropkick+1"],"picked":"Hemokinesis+1","floor":25},{"not_picked":["Clash+1","Warcry+1"],"picked":"Demon Form","floor":27},{"not_picked":["Second Wind+1","Armaments+1","Flex+1"],"picked":"SKIP","floor":31},{"not_picked":["Immolate+1","Bludgeon+1"],"picked":"Double Tap+1","floor":33},{"not_picked":["Power Through+1","Twin Strike+1","Whirlwind+1"],"picked":"SKIP","floor":35},{"not_picked":["Power Through+1","Cleave+1","Havoc+1"],"picked":"SKIP","floor":36},{"not_picked":["Burning Pact+1","Shrug It Off+1"],"picked":"Uppercut+1","floor":39},{"not_picked":["Headbutt+1","Thunderclap+1","Hemokinesis+1"],"picked":"SKIP","floor":41},{"not_picked":["Thunderclap+1","Sever Soul+1","Seeing Red+1"],"picked":"SKIP","floor":44},{"not_picked":["Anger+1","Clash+1","Twin Strike+1"],"picked":"SKIP","floor":46},{"not_picked":["Thunderclap+1","Combust"],"picked":"Battle Trance+1","floor":47}],"player_experience":411273,"relics_obtained":[{"floor":7,"key":"Toxic Egg 2"},{"floor":9,"key":"Molten Egg 2"},{"floor":12,"key":"Pear"},{"floor":14,"key":"Shuriken"},{"floor":21,"key":"Blood Vial"},{"floor":23,"key":"Calipers"},{"floor":26,"key":"Shovel"},{"floor":27,"key":"Mummified Hand"},{"floor":32,"key":"Letter Opener"},{"floor":41,"key":"Du-Vu Doll"},{"floor":42,"key":"Whetstone"},{"floor":43,"key":"Potion Belt"},{"floor":49,"key":"Orichalcum"}],"event_choices":[{"cards_removed":["Defend_R"],"damage_healed":0,"gold_gain":0,"player_choice":"Took Card","damage_taken":0,"max_hp_gain":0,"max_hp_loss":0,"event_name":"NoteForYourself","floor":4,"gold_loss":0,"cards_obtained":["Iron Wave"]},{"damage_healed":0,"gold_gain":0,"player_choice":"Fight","damage_taken":0,"max_hp_gain":0,"max_hp_loss":0,"event_name":"Colosseum","floor":19,"gold_loss":0},{"damage_healed":0,"gold_gain":0,"player_choice":"Fled From Nobs","damage_taken":0,"max_hp_gain":0,"max_hp_loss":0,"event_name":"Colosseum","floor":19,"gold_loss":0},{"damage_healed":0,"gold_gain":0,"player_choice":"Obtain J.A.X.","damage_taken":0,"max_hp_gain":0,"max_hp_loss":0,"event_name":"Drug Dealer","floor":20,"gold_loss":0,"cards_obtained":["J.A.X."]},{"damage_healed":0,"gold_gain":0,"player_choice":"Opened","damage_taken":0,"relics_obtained":["Omamori"],"max_hp_gain":0,"max_hp_loss":0,"event_name":"The Mausoleum","floor":28,"gold_loss":0},{"damage_healed":0,"gold_gain":0,"player_choice":"Embrace Madness","damage_taken":11,"max_hp_gain":0,"max_hp_loss":0,"event_name":"Winding Halls","floor":37,"gold_loss":0,"cards_obtained":["Madness","Madness"]},{"damage_healed":0,"gold_gain":0,"player_choice":"Ignored","damage_taken":0,"max_hp_gain":0,"max_hp_loss":0,"event_name":"Transmorgrifier","floor":45,"gold_loss":0},{"damage_healed":0,"gold_gain":0,"player_choice":"Memory 1","damage_taken":0,"max_hp_gain":0,"max_hp_loss":0,"event_name":"SensoryStone","floor":48,"gold_loss":0}],"is_beta":false,"boss_relics":[{"not_picked":["Eternal Feather","Snecko Eye"],"picked":"Cursed Key"},{"not_picked":["Black Blood","Coffee Dripper"],"picked":"Fusion Hammer"}],"items_purged_floors":[22,38],"is_endless":false,"potions_floor_spawned":[1,11,12,16,23,27,33,35,39,46],"ascension_level":0}