{"gold_per_floor":[110,122,297,372,332,362,384,426,438,450,462,489,353,323,323,323],"floor_reached":16,"playtime":1120,"items_purged":[],"score":140,"play_id":"f150d2f1-a705-4624-a70f-24a1347175b5","local_time":"20190604184350","is_ascension_mode":true,"campfire_choices":[{"floor":15,"key":"REST"}],"neow_cost":"NONE","seed_source_timestamp":8580418831644,"circlet_count":0,"master_deck":["Defend_G+1","Defend_G","Defend_G","Defend_G","Defend_G","Strike_G","Strike_G+1","Strike_G","Strike_G","Strike_G","Survivor","Neutralize","Flying Knee","Leg Sweep","Doubt","Blur","Reflex","Dodge and Roll","Acrobatics","Dagger Throw"],"relics":["Ring of the Snake","NeowsBlessing","MawBank","Meat on the Bone","Centennial Puzzle","Lantern"],"potions_floor_usage":[8,8,8],"damage_taken":[{"damage":0,"enemies":"Jaw Worm","floor":1,"turns":1},{"damage":0,"enemies":"Small Slimes","floor":2,"turns":1},{"damage":0,"enemies":"Lagavulin","floor":6,"turns":1},{"damage":0,"enemies":"2 Louse","floor":7,"turns":4},{"damage":38,"enemies":"3 Sentries","floor":8,"turns":17},{"damage":0,"enemies":"Red Slaver","floor":12,"turns":7},{"damage":0,"enemies":"Looter","floor":14,"turns":4},{"damage":74,"enemies":"Slime Boss","floor":16,"turns":12}],"seed_played":"2644126131401172953","potions_obtained":[{"floor":5,"key":"Regen Potion"},{"floor":5,"key":"Explosive Potion"},{"floor":5,"key":"AttackPotion"}],"is_trial":false,"path_per_floor":["M","M","?","?","?","E","M","E","T","?","$","M","$","M","R","B"],"character_chosen":"THE_SILENT","items_purchased":["Lantern"],"campfire_rested":1,"item_purchase_floors":[13],"current_hp_per_floor":[70,70,70,59,59,59,59,36,36,22,22,34,34,46,67,0],"gold":323,"neow_bonus":"THREE_ENEMY_KILL","is_prod":false,"is_daily":false,"chose_seed":false,"campfire_upgraded":0,"win_rate":0,"timestamp":1559699030,"path_taken":["M","M","?","?","?","E","?","E","T","?","$","M","$","M","R","BOSS"],"build_version":"2019-01-23","purchased_purges":0,"victory":false,"max_hp_per_floor":[70,70,70,70,70,70,70,70,70,70,70,70,70,70,70,70],"card_choices":[{"not_picked":["Underhanded Strike","Dash"],"picked":"Flying Knee","floor":1},{"not_picked":["Dagger Spray","Poisoned Stab"],"picked":"Leg Sweep","floor":2},{"not_picked":["Concentrate","Predator"],"picked":"Blur","floor":6},{"not_picked":["Bouncing Flask","Outmaneuver"],"picked":"Reflex","floor":7},{"not_picked":["Dagger Spray","Predator"],"picked":"Dodge and Roll","floor":8},{"not_picked":["Expertise","Bane"],"picked":"Acrobatics","floor":12},{"not_picked":["Bouncing Flask","Glass Knife"],"picked":"Dagger Throw","floor":14}],"player_experience":171702,"relics_obtained":[{"floor":6,"key":"MawBank"},{"floor":8,"key":"Meat on the Bone"},{"floor":9,"key":"Centennial Puzzle"}],"event_choices":[{"damage_healed":0,"gold_gain":175,"player_choice":"AGREE","damage_taken":0,"max_hp_gain":0,"max_hp_loss":0,"event_name":"Liars Game","floor":3,"gold_loss":0,"cards_obtained":["Doubt"]},{"damage_healed":0,"gold_gain":75,"player_choice":"Gather Gold","damage_taken":11,"max_hp_gain":0,"max_hp_loss":0,"event_name":"World of Goop","floor":4,"gold_loss":0},{"damage_healed":0,"gold_gain":0,"player_choice":"Bought 3 Potions","damage_taken":0,"max_hp_gain":0,"max_hp_loss":0,"event_name":"The Woman in Blue","floor":5,"gold_loss":0},{"damage_healed":0,"gold_gain":0,"player_choice":"Entered Light","damage_taken":14,"max_hp_gain":0,"max_hp_loss":0,"event_name":"Shining Light","floor":10,"gold_loss":0,"cards_upgraded":["Strike_G","Defend_G"]}],"is_beta":false,"boss_relics":[],"items_purged_floors":[],"is_endless":false,"potions_floor_spawned":[6,7],"killed_by":"Slime Boss","ascension_level":1}