{"gold_per_floor":[114,114,114,126,136,167,317,25,52,52,65,80,127,154,154,154],"floor_reached":16,"playtime":756,"items_purged":["Doubt"],"score":220,"play_id":"e065316d-760b-4ed7-a295-76dd893dd28f","local_time":"20190125230902","is_ascension_mode":true,"campfire_choices":[{"floor":10,"key":"REST"},{"data":"True Grit","floor":15,"key":"SMITH"}],"neow_cost":"NONE","seed_source_timestamp":153722008199600,"circlet_count":0,"master_deck":["AscendersBane","Strike_R","Strike_R","Strike_R","Strike_R","Strike_R","Defend_R","Defend_R","Defend_R","Defend_R","Bash+1","Deep Breath","Thunderclap","Clothesline+1","True Grit+1","Iron Wave","Headbutt","Carnage","Shrug It Off","Reaper"],"relics":["Burning Blood","Dream Catcher","Bag of Marbles","Whetstone","Lantern","Pen Nib","Gremlin Horn"],"potions_floor_usage":[6,6,14],"damage_taken":[{"damage":2,"enemies":"2 Louse","floor":1,"turns":3},{"damage":9,"enemies":"Jaw Worm","floor":4,"turns":4},{"damage":7,"enemies":"Small Slimes","floor":5,"turns":4},{"damage":46,"enemies":"3 Sentries","floor":6,"turns":12},{"damage":0,"enemies":"Blue Slaver","floor":11,"turns":4},{"damage":11,"enemies":"Exordium Wildlife","floor":12,"turns":4},{"damage":17,"enemies":"Lagavulin","floor":14,"turns":4},{"damage":41,"enemies":"The Guardian","floor":16,"turns":6}],"seed_played":"1892476885068363141","potions_obtained":[{"floor":1,"key":"Dexterity Potion"},{"floor":4,"key":"Swift Potion"},{"floor":11,"key":"AttackPotion"}],"is_trial":false,"path_per_floor":["M","?","?","M","M","E","?","$","T","R","M","M","T","E","R","B"],"character_chosen":"IRONCLAD","items_purchased":["Whetstone","Headbutt"],"campfire_rested":1,"item_purchase_floors":[8,8],"current_hp_per_floor":[72,72,67,64,63,23,23,23,23,45,51,46,46,35,35,0],"gold":154,"neow_bonus":"RANDOM_COLORLESS","is_prod":false,"is_daily":false,"chose_seed":false,"campfire_upgraded":1,"win_rate":0,"timestamp":1548457742,"path_taken":["M","?","?","?","M","E","?","$","T","R","M","M","?","E","R","BOSS"],"build_version":"2019-01-23","purchased_purges":1,"victory":false,"max_hp_per_floor":[75,75,75,75,75,75,75,75,75,75,75,75,75,75,75,75],"card_choices":[{"not_picked":["Anger","Bloodletting"],"picked":"Thunderclap","floor":1},{"not_picked":["Hemokinesis","Twin Strike"],"picked":"Clothesline","floor":4},{"not_picked":["Fire Breathing","Havoc"],"picked":"True Grit","floor":5},{"not_picked":["Dual Wield","Havoc"],"picked":"Iron Wave","floor":6},{"not_picked":["Thunderclap","Fire Breathing"],"picked":"Carnage","floor":11},{"not_picked":["Armaments","Reaper"],"picked":"Shrug It Off","floor":12},{"not_picked":["Armaments","Anger"],"picked":"Reaper","floor":14}],"player_experience":1217349,"relics_obtained":[{"floor":6,"key":"Bag of Marbles"},{"floor":9,"key":"Lantern"},{"floor":13,"key":"Pen Nib"},{"floor":14,"key":"Gremlin Horn"}],"event_choices":[{"damage_healed":0,"gold_gain":0,"player_choice":"Leave","damage_taken":0,"max_hp_gain":0,"max_hp_loss":0,"event_name":"The Cleric","floor":2,"gold_loss":0},{"damage_healed":0,"gold_gain":0,"player_choice":"Success","damage_taken":5,"relics_obtained":["Dream Catcher"],"max_hp_gain":0,"max_hp_loss":0,"event_name":"Scrap Ooze","floor":3,"gold_loss":0},{"damage_healed":0,"gold_gain":150,"player_choice":"AGREE","damage_taken":0,"max_hp_gain":0,"max_hp_loss":0,"event_name":"Liars Game","floor":7,"gold_loss":0,"cards_obtained":["Doubt"]}],"is_beta":false,"boss_relics":[],"items_purged_floors":[8],"is_endless":false,"potions_floor_spawned":[1,4,5,11],"killed_by":"The Guardian","ascension_level":20}