{"gold_per_floor":[14,31,41,41,56,88,88,122,122,122,147,221,237,264,264,366,416,427,427,440,440,440,655,672,702,702,702,732,732,608,625,625,625],"floor_reached":33,"playtime":2408,"items_purged":["Strike_R"],"score":338,"play_id":"f663623e-0cc3-44c6-84e6-47b5ec4153e5","local_time":"20190515122253","is_ascension_mode":false,"campfire_choices":[{"data":"Iron Wave","floor":7,"key":"SMITH"},{"floor":10,"key":"REST"},{"data":"Armaments","floor":15,"key":"SMITH"},{"data":"Barricade","floor":27,"key":"SMITH"},{"data":"Shrug It Off","floor":29,"key":"SMITH"},{"floor":32,"key":"REST"}],"neow_cost":"NO_GOLD","seed_source_timestamp":898510831275800,"circlet_count":0,"master_deck":["Strike_R+1","Strike_R+1","Strike_R","Strike_R","Defend_R","Defend_R","Defend_R","Bash+1","Barricade+1","Pummel","Shrug It Off+1","Thunderclap+1","Iron Wave+1","Flex","Armaments+1","Flame Barrier","Dropkick","Demon Form","Hemokinesis+1","Shrug It Off","Headbutt","Juggernaut","Necronomicurse","Clothesline","Disarm+1","Shrug It Off+1","Uppercut"],"relics":["Burning Blood","Prayer Wheel","Gremlin Horn","Pear","Ornamental Fan","Whetstone","Tiny House","Necronomicon","Magic Flower","Old Coin","Ice Cream","PreservedInsect"],"potions_floor_usage":[11,16,20,28,28,33],"damage_taken":[{"damage":5,"enemies":"2 Louse","floor":1,"turns":4},{"damage":3,"enemies":"Small Slimes","floor":2,"turns":3},{"damage":10,"enemies":"Cultist","floor":3,"turns":5},{"damage":7,"enemies":"Blue Slaver","floor":5,"turns":4},{"damage":35,"enemies":"Lagavulin","floor":6,"turns":11},{"damage":37,"enemies":"3 Sentries","floor":8,"turns":11},{"damage":6,"enemies":"Gremlin Nob","floor":11,"turns":3},{"damage":0,"enemies":"2 Fungi Beasts","floor":13,"turns":3},{"damage":13,"enemies":"3 Sentries","floor":14,"turns":9},{"damage":28,"enemies":"Hexaghost","floor":16,"turns":16},{"damage":23,"enemies":"Spheric Guardian","floor":18,"turns":6},{"damage":0,"enemies":"3 Byrds","floor":20,"turns":2},{"damage":21,"enemies":"Cultist and Chosen","floor":24,"turns":7},{"damage":29,"enemies":"Gremlin Leader","floor":25,"turns":7},{"damage":24,"enemies":"Book of Stabbing","floor":28,"turns":4},{"damage":20,"enemies":"Shelled Parasite and Fungi","floor":31,"turns":4},{"damage":41,"enemies":"Collector","floor":33,"turns":7}],"seed_played":"4626118555910546015","potions_obtained":[{"floor":1,"key":"AttackPotion"},{"floor":2,"key":"SmokeBomb"},{"floor":8,"key":"GamblersBrew"},{"floor":11,"key":"Explosive Potion"},{"floor":16,"key":"FearPotion"},{"floor":24,"key":"AttackPotion"}],"is_trial":false,"path_per_floor":["M","M","M","?","M","E","R","E","T","R","E","?","M","E","R","B",null,"M","?","M","?","?","?","M","E","T","R","E","R","$","M","R","B"],"character_chosen":"IRONCLAD","items_purchased":["Dexterity Potion"],"campfire_rested":2,"item_purchase_floors":[30],"current_hp_per_floor":[80,80,76,76,75,46,46,15,25,52,52,52,58,51,51,29,95,78,78,84,68,68,68,56,36,36,36,21,21,21,10,38,0],"gold":625,"neow_bonus":"THREE_RARE_CARDS","is_prod":false,"is_daily":false,"chose_seed":false,"campfire_upgraded":4,"win_rate":0,"timestamp":1557919373,"path_taken":["M","M","M","?","M","E","R","E","T","R","E","?","M","E","R","BOSS","M","?","?","?","?","?","M","E","T","R","E","R","$","M","R","BOSS"],"build_version":"2019-01-23","purchased_purges":1,"victory":false,"max_hp_per_floor":[80,80,80,80,80,80,80,80,90,90,90,90,90,90,90,90,95,95,95,95,95,95,95,95,95,95,95,95,95,95,95,95,95],"card_choices":[{"not_picked":["Impervious","Exhume"],"picked":"Barricade","floor":0},{"not_picked":["Carnage","Fire Breathing"],"picked":"Pummel","floor":1},{"not_picked":["Bloodletting","Havoc"],"picked":"Shrug It Off","floor":2},{"not_picked":["Heavy Blade","Carnage"],"picked":"Thunderclap","floor":3},{"not_picked":["Clash","Sever Soul","Hemokinesis"],"picked":"SKIP","floor":5},{"not_picked":["True Grit","Rampage"],"picked":"Iron Wave","floor":6},{"not_picked":["Juggernaut","Pummel"],"picked":"Flex","floor":8},{"not_picked":["Wild Strike","Havoc"],"picked":"Armaments","floor":11},{"not_picked":["Heavy Blade","Anger"],"picked":"Flame Barrier","floor":13},{"not_picked":["Fire Breathing","Wild Strike","Heavy Blade"],"picked":"SKIP","floor":13},{"not_picked":["Second Wind","Rupture"],"picked":"Dropkick","floor":14},{"not_picked":["Juggernaut","Berserk"],"picked":"Demon Form","floor":16},{"not_picked":["Armaments","Iron Wave"],"picked":"Hemokinesis+1","floor":18},{"not_picked":["Reckless Charge+1","Iron Wave"],"picked":"Shrug It Off","floor":18},{"not_picked":["Clothesline","Twin Strike+1"],"picked":"Headbutt","floor":20},{"not_picked":["Corruption","Evolve"],"picked":"Juggernaut","floor":20},{"not_picked":["Battle Trance+1","Second Wind+1"],"picked":"Clothesline","floor":24},{"not_picked":["Battle Trance","Shrug It Off+1"],"picked":"Disarm+1","floor":24},{"not_picked":["Twin Strike","Infernal Blade","Havoc"],"picked":"SKIP","floor":25},{"not_picked":["Rage","Twin Strike","Hemokinesis"],"picked":"SKIP","floor":28},{"not_picked":["Carnage","Armaments+1"],"picked":"Shrug It Off+1","floor":31},{"not_picked":["Wild Strike","Twin Strike"],"picked":"Uppercut","floor":31}],"player_experience":1279035,"relics_obtained":[{"floor":6,"key":"Prayer Wheel"},{"floor":8,"key":"Gremlin Horn"},{"floor":9,"key":"Pear"},{"floor":11,"key":"Ornamental Fan"},{"floor":14,"key":"Whetstone"},{"floor":21,"key":"Necronomicon"},{"floor":25,"key":"Ice Cream"},{"floor":28,"key":"PreservedInsect"}],"event_choices":[{"damage_healed":0,"gold_gain":0,"player_choice":"Grow","damage_taken":0,"max_hp_gain":0,"max_hp_loss":0,"event_name":"Living Wall","floor":4,"gold_loss":0,"cards_upgraded":["Bash"]},{"damage_healed":0,"gold_gain":74,"player_choice":"Gained Gold","damage_taken":0,"max_hp_gain":0,"max_hp_loss":0,"event_name":"Golden Wing","floor":12,"gold_loss":0},{"cards_removed":["Defend_R"],"damage_healed":0,"gold_gain":0,"player_choice":"Card Removal","damage_taken":0,"max_hp_gain":0,"max_hp_loss":0,"event_name":"Wheel of Change","floor":19,"gold_loss":0},{"damage_healed":0,"gold_gain":0,"player_choice":"Obtained Book","damage_taken":16,"max_hp_gain":0,"max_hp_loss":0,"event_name":"Cursed Tome","floor":21,"gold_loss":0},{"damage_healed":0,"gold_gain":0,"player_choice":"Opened","damage_taken":0,"relics_obtained":["Magic Flower"],"max_hp_gain":0,"max_hp_loss":0,"event_name":"The Mausoleum","floor":22,"gold_loss":0},{"damage_healed":0,"gold_gain":0,"player_choice":"Obtained Relic","damage_taken":0,"relics_obtained":["Old Coin"],"max_hp_gain":0,"max_hp_loss":0,"event_name":"Addict","floor":23,"gold_loss":85}],"is_beta":false,"boss_relics":[{"not_picked":["White Beast Statue","Philosopher\u0027s Stone"],"picked":"Tiny House"}],"items_purged_floors":[30],"is_endless":false,"potions_floor_spawned":[1,2,8,11,16,18,24],"killed_by":"Collector","ascension_level":0}