{"gold_per_floor":[143,155,170,183,183,212,212,230,230,230,245,264,292,66,66,142,142,157,67,67,67,67,99,112,139,139,64,80,160,191,216,216,216],"floor_reached":33,"playtime":1087,"items_purged":[],"score":608,"play_id":"cb3e6483-80d2-4853-b575-2c31a372ff74","local_time":"20190331013604","is_ascension_mode":true,"campfire_choices":[{"data":"Whirlwind","floor":7,"key":"SMITH"},{"floor":10,"key":"REST"},{"data":"Armaments","floor":15,"key":"SMITH"},{"floor":32,"key":"REST"}],"neow_cost":"NONE","seed_source_timestamp":868007998513384,"circlet_count":0,"master_deck":["AscendersBane","Strike_R","Strike_R","Strike_R","Strike_R","Strike_R","Defend_R","Defend_R","Defend_R","Defend_R","Bash","Ghostly Armor","Heavy Blade","Whirlwind+1","Sword Boomerang","Bludgeon+1","Heavy Blade+1","Anger+1","Seeing Red","Armaments+1","Immolate+1","Uppercut+1","Trip","Writhe","Ghostly Armor","Battle Trance","Body Slam+1"],"relics":["Burning Blood","Tiny Chest","Molten Egg 2","Bronze Scales","Pen Nib","Sling","Velvet Choker","Darkstone Periapt","Ornamental Fan","Enchiridion","Pear","Anchor","Singing Bowl","Shuriken","Regal Pillow","Centennial Puzzle"],"potions_floor_usage":[6,24,30,33],"damage_taken":[{"damage":6,"enemies":"Cultist","floor":1,"turns":3},{"damage":0,"enemies":"Small Slimes","floor":2,"turns":4},{"damage":11,"enemies":"Jaw Worm","floor":3,"turns":5},{"damage":19,"enemies":"Large Slime","floor":4,"turns":10},{"damage":20,"enemies":"3 Sentries","floor":6,"turns":4},{"damage":0,"enemies":"2 Fungi Beasts","floor":8,"turns":2},{"damage":0,"enemies":"3 Louse","floor":11,"turns":1},{"damage":8,"enemies":"Exordium Wildlife","floor":12,"turns":2},{"damage":8,"enemies":"Gremlin Nob","floor":13,"turns":3},{"damage":65,"enemies":"Hexaghost","floor":16,"turns":9},{"damage":1,"enemies":"3 Byrds","floor":18,"turns":5},{"damage":16,"enemies":"Book of Stabbing","floor":23,"turns":3},{"damage":0,"enemies":"Spheric Guardian","floor":24,"turns":3},{"damage":19,"enemies":"Gremlin Leader","floor":25,"turns":3},{"damage":0,"enemies":"Centurion and Healer","floor":28,"turns":4},{"damage":7,"enemies":"Slavers","floor":30,"turns":3},{"damage":114,"enemies":"Automaton","floor":33,"turns":10}],"seed_played":"-4352191987480109892","potions_obtained":[{"floor":1,"key":"SteroidPotion"},{"floor":3,"key":"SkillPotion"},{"floor":8,"key":"Strength Potion"},{"floor":24,"key":"LiquidBronze"},{"floor":30,"key":"SpeedPotion"}],"is_trial":false,"path_per_floor":["M","M","M","M","?","E","R","M","T","R","M","M","E","$","R","B",null,"M","$","?","?","?","E","M","E","T","?","M","T","E","T","R","B"],"character_chosen":"IRONCLAD","items_purchased":["Sling","Trip"],"campfire_rested":2,"item_purchase_floors":[14,19],"current_hp_per_floor":[68,74,69,56,56,42,42,48,48,70,75,73,71,71,71,12,59,64,64,70,76,55,55,61,48,48,48,56,56,57,57,101,0],"gold":216,"neow_bonus":"RANDOM_COMMON_RELIC","is_prod":false,"is_daily":false,"chose_seed":false,"campfire_upgraded":2,"win_rate":0,"timestamp":1554010564,"path_taken":["M","?","M","M","?","E","R","M","T","R","M","M","E","$","R","BOSS","M","$","?","?","?","E","M","E","T","?","M","?","E","?","R","BOSS"],"build_version":"2019-01-23","purchased_purges":0,"victory":false,"max_hp_per_floor":[75,75,75,75,75,75,75,75,75,75,75,75,75,75,75,75,75,75,75,81,87,87,97,97,97,97,97,99,99,101,101,101,101],"card_choices":[{"not_picked":["Entrench","Perfected Strike"],"picked":"Ghostly Armor","floor":1},{"not_picked":["Clash","Fire Breathing"],"picked":"Heavy Blade","floor":2},{"not_picked":["Cleave","Sever Soul"],"picked":"Whirlwind","floor":3},{"not_picked":["Blood for Blood","Headbutt"],"picked":"Sword Boomerang","floor":4},{"not_picked":["Shrug It Off","Exhume"],"picked":"Bludgeon","floor":6},{"not_picked":["Flex","Armaments"],"picked":"Heavy Blade+1","floor":8},{"not_picked":["Headbutt+1","Warcry"],"picked":"Anger+1","floor":11},{"not_picked":["Fire Breathing","Perfected Strike+1"],"picked":"Seeing Red","floor":12},{"not_picked":["Warcry","True Grit"],"picked":"Armaments","floor":13},{"not_picked":["Feed+1","Berserk"],"picked":"Immolate+1","floor":16},{"not_picked":["Heavy Blade+1","Intimidate"],"picked":"Uppercut+1","floor":18},{"not_picked":["Metallicize","Armaments"],"picked":"Ghostly Armor","floor":23},{"not_picked":["Anger+1","Clash+1"],"picked":"Battle Trance","floor":24},{"not_picked":["Anger+1","Sword Boomerang+1"],"picked":"Body Slam+1","floor":25},{"not_picked":["Wild Strike+1","Dual Wield","Twin Strike+1"],"picked":"Singing Bowl","floor":28},{"not_picked":["Corruption","Twin Strike+1","Searing Blow+1"],"picked":"Singing Bowl","floor":30}],"player_experience":345877,"relics_obtained":[{"floor":6,"key":"Molten Egg 2"},{"floor":9,"key":"Bronze Scales"},{"floor":13,"key":"Pen Nib"},{"floor":22,"key":"Enchiridion"},{"floor":23,"key":"Pear"},{"floor":25,"key":"Anchor"},{"floor":26,"key":"Singing Bowl"},{"floor":29,"key":"Shuriken"},{"floor":30,"key":"Regal Pillow"},{"floor":31,"key":"Centennial Puzzle"}],"event_choices":[{"damage_healed":0,"gold_gain":0,"player_choice":"Ignored","damage_taken":0,"max_hp_gain":0,"max_hp_loss":0,"event_name":"Liars Game","floor":5,"gold_loss":0},{"damage_healed":0,"gold_gain":0,"player_choice":"Stole Relic","damage_taken":0,"relics_obtained":["Darkstone Periapt"],"max_hp_gain":0,"max_hp_loss":0,"event_name":"Addict","floor":20,"gold_loss":0,"cards_obtained":["Shame"]},{"damage_healed":0,"gold_gain":0,"player_choice":"Opened","damage_taken":0,"relics_obtained":["Ornamental Fan"],"max_hp_gain":0,"max_hp_loss":0,"event_name":"The Mausoleum","floor":21,"gold_loss":0,"cards_obtained":["Writhe"]},{"damage_healed":0,"gold_gain":0,"player_choice":"Obtained Book","damage_taken":21,"max_hp_gain":0,"max_hp_loss":0,"event_name":"Cursed Tome","floor":22,"gold_loss":0},{"cards_removed":["Shame"],"damage_healed":0,"gold_gain":0,"player_choice":"Gave Gold","damage_taken":0,"max_hp_gain":0,"max_hp_loss":0,"event_name":"Beggar","floor":27,"gold_loss":75}],"is_beta":false,"boss_relics":[{"not_picked":["Orrery","Runic Cube"],"picked":"Velvet Choker"}],"items_purged_floors":[],"is_endless":false,"potions_floor_spawned":[1,3,8,12,13,16,23,24,30],"killed_by":"Automaton","ascension_level":17}