{"gold_per_floor":[118,118,118,139,65,65,81,81],"floor_reached":8,"playtime":1296,"items_purged":[],"score":51,"play_id":"1db82b52-b415-4e29-aa65-408af51b6285","local_time":"20190619061139","is_ascension_mode":true,"campfire_choices":[{"data":"Burst","floor":6,"key":"SMITH"}],"neow_cost":"TEN_PERCENT_HP_LOSS","seed_source_timestamp":579044866468636,"circlet_count":0,"master_deck":["Defend_G","Defend_G","Defend_G","Defend_G","Defend_G","Strike_G","Strike_G","Strike_G","Strike_G","Survivor","Neutralize","Burst+1","Bouncing Flask","Deflect","Deflect","Noxious Fumes","Infinite Blades"],"relics":["Ring of the Snake","Golden Idol"],"potions_floor_usage":[8,8],"damage_taken":[{"damage":5,"enemies":"Jaw Worm","floor":1,"turns":7},{"damage":1,"enemies":"Cultist","floor":4,"turns":4},{"damage":0,"enemies":"2 Louse","floor":7,"turns":2},{"damage":44,"enemies":"Gremlin Nob","floor":8,"turns":4}],"seed_played":"-1223877299888261477","potions_obtained":[{"floor":4,"key":"Dexterity Potion"},{"floor":7,"key":"Swift Potion"}],"is_trial":false,"path_per_floor":["M","?","?","M","$","R","M","E"],"character_chosen":"THE_SILENT","items_purchased":["Noxious Fumes"],"campfire_rested":0,"item_purchase_floors":[5],"current_hp_per_floor":[58,43,43,42,42,42,42,0],"gold":81,"neow_bonus":"THREE_RARE_CARDS","is_prod":false,"is_daily":false,"chose_seed":false,"campfire_upgraded":1,"win_rate":0,"timestamp":1560949899,"path_taken":["M","?","?","?","$","R","M","E"],"build_version":"2019-01-23","purchased_purges":0,"victory":false,"max_hp_per_floor":[63,63,63,63,63,63,63,63],"card_choices":[{"not_picked":["Unload","Die Die Die"],"picked":"Burst","floor":0},{"not_picked":["Slice","Sucker Punch"],"picked":"Bouncing Flask","floor":1},{"not_picked":["Backstab","Flechettes"],"picked":"Deflect","floor":4},{"not_picked":["Poisoned Stab","Masterful Stab"],"picked":"Infinite Blades","floor":7}],"player_experience":321357,"relics_obtained":[],"event_choices":[{"damage_healed":0,"gold_gain":0,"player_choice":"Take Damage","damage_taken":15,"relics_obtained":["Golden Idol"],"max_hp_gain":0,"max_hp_loss":0,"event_name":"Golden Idol","floor":2,"gold_loss":0},{"damage_healed":0,"gold_gain":0,"cards_transformed":["Strike_G"],"player_choice":"Transformed","damage_taken":0,"max_hp_gain":0,"max_hp_loss":0,"event_name":"Transmorgrifier","floor":3,"gold_loss":0,"cards_obtained":["Deflect"]}],"is_beta":false,"boss_relics":[],"items_purged_floors":[],"is_endless":false,"potions_floor_spawned":[4,7],"killed_by":"Gremlin Nob","ascension_level":2}