{"gold_per_floor":[119,44,44,64,64,96,116,116,195,212,246,273,273,291,291,291],"floor_reached":16,"playtime":403,"items_purged":[],"score":270,"play_id":"c2e3cf21-3e48-47f4-82d2-63eff5957a5e","local_time":"20190620231902","is_ascension_mode":true,"campfire_choices":[{"data":"Pommel Strike","floor":8,"key":"SMITH"},{"data":"Feed","floor":13,"key":"SMITH"},{"data":"Uppercut","floor":15,"key":"SMITH"}],"neow_cost":"NONE","seed_source_timestamp":589096708300000,"circlet_count":0,"master_deck":["AscendersBane","Strike_R","Strike_R","Strike_R","Strike_R","Strike_R","Defend_R+1","Defend_R","Defend_R","Bash+1","Iron Wave+1","Cleave","Heavy Blade","Pommel Strike+1","Thunderclap","Feed+1","Flex","Uppercut+1"],"relics":["Burning Blood","NeowsBlessing","Oddly Smooth Stone","Tiny Chest","Pear","Odd Mushroom"],"potions_floor_usage":[11,12,12,16],"damage_taken":[{"damage":0,"enemies":"Jaw Worm","floor":1,"turns":1},{"damage":0,"enemies":"2 Louse","floor":4,"turns":1},{"damage":0,"enemies":"3 Sentries","floor":6,"turns":1},{"damage":6,"enemies":"Small Slimes","floor":7,"turns":3},{"damage":0,"enemies":"2 Fungi Beasts","floor":10,"turns":3},{"damage":11,"enemies":"Gremlin Nob","floor":11,"turns":3},{"damage":18,"enemies":"The Mushroom Lair","floor":12,"turns":2},{"damage":20,"enemies":"Blue Slaver","floor":14,"turns":3},{"damage":56,"enemies":"Slime Boss","floor":16,"turns":8}],"seed_played":"399687308793478127","potions_obtained":[{"floor":4,"key":"EntropicBrew"},{"floor":7,"key":"PowerPotion"}],"is_trial":false,"path_per_floor":["M","?","?","M","?","E","M","R","T","M","E","?","R","M","R","B"],"character_chosen":"IRONCLAD","items_purchased":[],"campfire_rested":0,"item_purchase_floors":[],"current_hp_per_floor":[74,74,51,57,57,63,63,63,63,69,74,65,65,55,55,0],"gold":291,"neow_bonus":"THREE_ENEMY_KILL","is_prod":false,"is_daily":false,"chose_seed":false,"campfire_upgraded":3,"win_rate":0,"timestamp":1561069142,"path_taken":["M","?","?","M","?","E","M","R","T","M","E","?","R","M","R","BOSS"],"build_version":"2019-01-23","purchased_purges":0,"victory":false,"max_hp_per_floor":[75,75,75,75,75,75,75,75,75,75,85,88,88,92,92,92],"card_choices":[{"not_picked":["Shrug It Off","Havoc"],"picked":"Iron Wave","floor":1},{"not_picked":["Second Wind","Shrug It Off"],"picked":"Cleave","floor":4},{"not_picked":["Corruption","True Grit"],"picked":"Heavy Blade","floor":6},{"not_picked":["Sword Boomerang","Body Slam"],"picked":"Pommel Strike","floor":7},{"not_picked":["Blood for Blood","Feel No Pain"],"picked":"Thunderclap","floor":10},{"not_picked":["Burning Pact","Clash"],"picked":"Feed","floor":11},{"not_picked":["Sword Boomerang","Hemokinesis"],"picked":"Flex","floor":12},{"not_picked":["Feel No Pain","Havoc"],"picked":"Uppercut","floor":14}],"player_experience":1307921,"relics_obtained":[{"floor":6,"key":"Oddly Smooth Stone"},{"floor":9,"key":"Tiny Chest"},{"floor":11,"key":"Pear"},{"floor":12,"key":"Odd Mushroom"}],"event_choices":[{"cards_removed":["Defend_R"],"damage_healed":0,"gold_gain":0,"player_choice":"Card Removal","damage_taken":0,"max_hp_gain":0,"max_hp_loss":0,"event_name":"The Cleric","floor":2,"gold_loss":75},{"damage_healed":0,"gold_gain":0,"player_choice":"Entered Light","damage_taken":23,"max_hp_gain":0,"max_hp_loss":0,"event_name":"Shining Light","floor":3,"gold_loss":0,"cards_upgraded":["Defend_R","Iron Wave"]},{"damage_healed":0,"gold_gain":0,"player_choice":"Grow","damage_taken":0,"max_hp_gain":0,"max_hp_loss":0,"event_name":"Living Wall","floor":5,"gold_loss":0,"cards_upgraded":["Bash"]},{"damage_healed":0,"gold_gain":0,"player_choice":"Fought Mushrooms","damage_taken":0,"max_hp_gain":0,"max_hp_loss":0,"event_name":"Mushrooms","floor":12,"gold_loss":0}],"is_beta":false,"boss_relics":[],"items_purged_floors":[],"is_endless":false,"potions_floor_spawned":[4,7,10],"killed_by":"Slime Boss","ascension_level":20}