{"gold_per_floor":[109,109,109,124,134,134,134,166,166,166,81,92,92,109,109,186,186,186,186,186,186,126,126,126],"floor_reached":24,"playtime":1033,"items_purged":[],"score":413,"play_id":"a4825479-0026-465e-928b-f638e8e65e04","local_time":"20190125175825","is_ascension_mode":true,"campfire_choices":[{"data":"Cleave","floor":6,"key":"SMITH"},{"floor":10,"key":"REST"},{"data":"Bash","floor":15,"key":"SMITH"},{"data":"Metallicize","floor":23,"key":"SMITH"}],"neow_cost":"NONE","seed_source_timestamp":134807582679899,"circlet_count":0,"master_deck":["AscendersBane","Defend_R+1","Defend_R","Defend_R+1","Defend_R","Bash+1","Thunderclap","Cleave+1","Battle Trance","Headbutt+1","Metallicize","Metallicize+1","Perfected Strike+1","Feed+1","Perfected Strike+1","Shrug It Off","Bite+1","Bite+1","Bite+1","Bite+1","Bite+1","Shrug It Off"],"relics":["Burning Blood","Molten Egg 2","Meat on the Bone","Ectoplasm","StoneCalendar","Bottled Tornado"],"potions_floor_usage":[8,8,16,16,18,20],"damage_taken":[{"damage":7,"enemies":"Small Slimes","floor":1,"turns":4},{"damage":1,"enemies":"Cultist","floor":4,"turns":3},{"damage":29,"enemies":"Jaw Worm","floor":5,"turns":4},{"damage":34,"enemies":"3 Sentries","floor":8,"turns":8},{"damage":2,"enemies":"Exordium Thugs","floor":12,"turns":6},{"damage":0,"enemies":"3 Louse","floor":14,"turns":3},{"damage":22,"enemies":"Slime Boss","floor":16,"turns":8},{"damage":28,"enemies":"3 Byrds","floor":18,"turns":6},{"damage":18,"enemies":"Colosseum Slavers","floor":20,"turns":6},{"damage":24,"enemies":"Colosseum Nobs","floor":20,"turns":5},{"damage":14,"enemies":"2 Thieves","floor":22,"turns":4},{"damage":77,"enemies":"Book of Stabbing","floor":24,"turns":5}],"seed_played":"-1148546931117538415","potions_obtained":[{"floor":3,"key":"Regen Potion"},{"floor":3,"key":"SpeedPotion"},{"floor":5,"key":"Poison Potion"},{"floor":8,"key":"Strength Potion"},{"floor":12,"key":"SpeedPotion"},{"floor":16,"key":"SteroidPotion"},{"floor":18,"key":"Fire Potion"},{"floor":22,"key":"FearPotion"}],"is_trial":false,"path_per_floor":["M","$","?","M","M","R","?","E","T","R","$","M","?","M","R","B",null,"M","?","?","?","M","R","E"],"character_chosen":"IRONCLAD","items_purchased":["Metallicize"],"campfire_rested":1,"item_purchase_floors":[11],"current_hp_per_floor":[67,67,67,72,49,49,26,13,13,35,35,51,75,75,75,59,71,53,53,51,51,62,62,0],"gold":126,"neow_bonus":"RANDOM_COLORLESS","is_prod":false,"is_daily":false,"chose_seed":false,"campfire_upgraded":3,"win_rate":0,"timestamp":1548439105,"path_taken":["M","$","?","M","?","R","?","E","T","R","?","?","?","?","R","BOSS","M","?","?","?","M","R","E"],"build_version":"2019-01-23","purchased_purges":0,"victory":false,"max_hp_per_floor":[75,75,75,75,75,75,75,75,75,75,75,75,75,75,75,75,75,79,79,83,58,62,62,62],"card_choices":[{"not_picked":["Rampage","Heavy Blade"],"picked":"Thunderclap","floor":1},{"not_picked":["Entrench","Sever Soul"],"picked":"Cleave","floor":4},{"not_picked":["Sword Boomerang","Hemokinesis"],"picked":"Battle Trance","floor":5},{"not_picked":["Dual Wield","Fiend Fire"],"picked":"Headbutt","floor":8},{"not_picked":["Havoc","True Grit"],"picked":"Metallicize","floor":12},{"not_picked":["Battle Trance","Rampage+1"],"picked":"Perfected Strike+1","floor":14},{"not_picked":["Reaper+1","Juggernaut"],"picked":"Feed+1","floor":16},{"not_picked":["Fire Breathing","Twin Strike+1"],"picked":"Perfected Strike+1","floor":18},{"not_picked":["Sword Boomerang+1","Blood for Blood+1"],"picked":"Shrug It Off","floor":20},{"not_picked":["Flex","Dual Wield"],"picked":"Shrug It Off","floor":22}],"player_experience":1215195,"relics_obtained":[{"floor":8,"key":"Molten Egg 2"},{"floor":9,"key":"Meat on the Bone"},{"floor":20,"key":"StoneCalendar"},{"floor":20,"key":"Bottled Tornado"}],"event_choices":[{"damage_healed":0,"gold_gain":0,"player_choice":"Got Potions","damage_taken":0,"max_hp_gain":0,"max_hp_loss":0,"event_name":"Lab","floor":3,"gold_loss":0},{"damage_healed":0,"gold_gain":0,"player_choice":"Entered Light","damage_taken":23,"max_hp_gain":0,"max_hp_loss":0,"event_name":"Shining Light","floor":7,"gold_loss":0,"cards_upgraded":["Defend_R","Defend_R"]},{"cards_removed":["Purity"],"damage_healed":24,"gold_gain":0,"player_choice":"Offered Uncommon","damage_taken":0,"max_hp_gain":0,"max_hp_loss":0,"event_name":"Bonfire Elementals","floor":13,"gold_loss":0},{"damage_healed":0,"gold_gain":0,"player_choice":"Ignored","damage_taken":0,"max_hp_gain":0,"max_hp_loss":0,"event_name":"Beggar","floor":19,"gold_loss":0},{"damage_healed":0,"gold_gain":0,"player_choice":"Fight","damage_taken":0,"max_hp_gain":0,"max_hp_loss":0,"event_name":"Colosseum","floor":20,"gold_loss":0},{"damage_healed":0,"gold_gain":0,"player_choice":"Fought Nobs","damage_taken":0,"max_hp_gain":0,"max_hp_loss":0,"event_name":"Colosseum","floor":20,"gold_loss":0},{"damage_healed":0,"gold_gain":0,"player_choice":"Became a vampire","damage_taken":0,"max_hp_gain":0,"max_hp_loss":25,"event_name":"Vampires","floor":21,"gold_loss":0,"cards_obtained":["Bite","Bite","Bite","Bite","Bite"]}],"is_beta":false,"boss_relics":[{"not_picked":["Runic Pyramid","Snecko Eye"],"picked":"Ectoplasm"}],"items_purged_floors":[],"is_endless":false,"potions_floor_spawned":[5,8,12,16,18,20,22],"killed_by":"Book of Stabbing","ascension_level":20}