{"gold_per_floor":[367,442,194,344,364,393,393,393,419,432,473,497,497,515,515,515],"floor_reached":16,"playtime":625,"items_purged":["Strike_R"],"score":198,"play_id":"f01890cc-5d85-4e4b-80ce-aaf63849d7c9","local_time":"20190329181047","is_ascension_mode":true,"campfire_choices":[{"data":"Spot Weakness","floor":15,"key":"SMITH"}],"neow_cost":"TEN_PERCENT_HP_LOSS","seed_source_timestamp":755355467124384,"circlet_count":0,"master_deck":["AscendersBane","Strike_R","Strike_R","Strike_R","Strike_R","Defend_R","Defend_R","Defend_R","Defend_R","Bash","Warcry","Doubt","Carnage","Feel No Pain","Battle Trance","Disarm","Spot Weakness+1"],"relics":["Burning Blood","Vajra","Centennial Puzzle","Golden Idol","Dodecahedron","Strawberry","Juzu Bracelet"],"potions_floor_usage":[14,16],"damage_taken":[{"damage":6,"enemies":"Cultist","floor":1,"turns":4},{"damage":9,"enemies":"Jaw Worm","floor":5,"turns":5},{"damage":36,"enemies":"Gremlin Nob","floor":6,"turns":5},{"damage":5,"enemies":"Small Slimes","floor":10,"turns":5},{"damage":18,"enemies":"3 Sentries","floor":11,"turns":11},{"damage":5,"enemies":"Looter","floor":12,"turns":5},{"damage":4,"enemies":"Blue Slaver","floor":14,"turns":4},{"damage":47,"enemies":"The Guardian","floor":16,"turns":13}],"seed_played":"8836936399502919504","potions_obtained":[{"floor":10,"key":"Poison Potion"},{"floor":11,"key":"FearPotion"}],"is_trial":false,"path_per_floor":["M","?","$","?","M","E","?","T","T","M","E","M","?","M","R","B"],"character_chosen":"IRONCLAD","items_purchased":["Vajra"],"campfire_rested":0,"item_purchase_floors":[3],"current_hp_per_floor":[68,57,57,57,54,24,24,24,31,32,20,21,44,46,46,0],"gold":515,"neow_bonus":"TWO_FIFTY_GOLD","is_prod":false,"is_daily":false,"chose_seed":false,"campfire_upgraded":1,"win_rate":0,"timestamp":1553897447,"path_taken":["M","?","$","?","M","E","?","?","T","M","E","M","?","M","R","BOSS"],"build_version":"2019-01-23","purchased_purges":1,"victory":false,"max_hp_per_floor":[68,68,68,68,68,68,62,62,69,69,69,69,69,69,69,69],"card_choices":[{"not_picked":["Body Slam","Infernal Blade"],"picked":"Warcry","floor":1},{"not_picked":["Havoc","Armaments"],"picked":"Carnage","floor":5},{"not_picked":["Evolve","Shrug It Off"],"picked":"Feel No Pain","floor":6},{"not_picked":["Perfected Strike","Havoc","Armaments"],"picked":"SKIP","floor":10},{"not_picked":["Berserk","Body Slam"],"picked":"Battle Trance","floor":11},{"not_picked":["Thunderclap","True Grit"],"picked":"Disarm","floor":12},{"not_picked":["Carnage","Pummel"],"picked":"Spot Weakness","floor":14}],"player_experience":339261,"relics_obtained":[{"floor":6,"key":"Centennial Puzzle"},{"floor":8,"key":"Dodecahedron"},{"floor":9,"key":"Strawberry"},{"floor":11,"key":"Juzu Bracelet"}],"event_choices":[{"damage_healed":0,"gold_gain":75,"player_choice":"Gather Gold","damage_taken":11,"max_hp_gain":0,"max_hp_loss":0,"event_name":"World of Goop","floor":2,"gold_loss":0},{"damage_healed":0,"gold_gain":150,"player_choice":"AGREE","damage_taken":0,"max_hp_gain":0,"max_hp_loss":0,"event_name":"Liars Game","floor":4,"gold_loss":0,"cards_obtained":["Doubt"]},{"damage_healed":0,"gold_gain":0,"player_choice":"Lose Max HP","damage_taken":0,"relics_obtained":["Golden Idol"],"max_hp_gain":0,"max_hp_loss":6,"event_name":"Golden Idol","floor":7,"gold_loss":0},{"damage_healed":23,"gold_gain":0,"player_choice":"Banana","damage_taken":0,"max_hp_gain":0,"max_hp_loss":0,"event_name":"Big Fish","floor":13,"gold_loss":0}],"is_beta":false,"boss_relics":[],"items_purged_floors":[3],"is_endless":false,"potions_floor_spawned":[10,11],"killed_by":"The Guardian","ascension_level":16}