{"gold_per_floor":[118,43,2,2,2,32,46,46,97,110,110,121,121,84,84,178,178,191,209,45,45,68,68,68,68],"floor_reached":25,"playtime":1721,"items_purged":["Strike_G"],"score":382,"play_id":"eb6e9f9d-1286-471a-95ba-511582e2014d","local_time":"20190626153014","is_ascension_mode":true,"campfire_choices":[{"data":"1","floor":8,"key":"LIFT"},{"data":"2","floor":15,"key":"LIFT"},{"floor":23,"key":"REST"}],"neow_cost":"TEN_PERCENT_HP_LOSS","seed_source_timestamp":345510953030076,"circlet_count":0,"master_deck":["AscendersBane","Defend_G","Defend_G","Defend_G","Defend_G","Defend_G","Strike_G","Strike_G","Strike_G","Survivor","Neutralize+1","Infinite Blades","Finisher+1","Night Terror","Flying Knee","Envenom","Blade Dance","Blur","Well Laid Plans","Ghostly","Ghostly","Ghostly","Well Laid Plans"],"special_seed":0,"relics":["Ring of the Snake","Nunchaku","Girya","Bottled Tornado","Golden Idol","Fusion Hammer"],"potions_floor_usage":[16],"damage_taken":[{"damage":2,"enemies":"Jaw Worm","floor":1,"turns":4},{"damage":12,"enemies":"Lagavulin","floor":6,"turns":7},{"damage":0,"enemies":"Small Slimes","floor":7,"turns":4},{"damage":0,"enemies":"2 Louse","floor":10,"turns":3},{"damage":5,"enemies":"Gremlin Gang","floor":12,"turns":4},{"damage":10,"enemies":"Exordium Thugs","floor":14,"turns":5},{"damage":26,"enemies":"The Guardian","floor":16,"turns":15},{"damage":24,"enemies":"Shell Parasite","floor":18,"turns":6},{"damage":13,"enemies":"2 Thieves","floor":19,"turns":4},{"damage":3,"enemies":"Cultist and Chosen","floor":22,"turns":9},{"damage":20,"enemies":"Slavers","floor":25,"turns":4}],"seed_played":"-7683235437570678904","potions_obtained":[{"floor":7,"key":"GhostInAJar"},{"floor":10,"key":"FearPotion"}],"is_trial":false,"path_per_floor":["M","?","$","?","?","E","M","R","T","M","T","M","?","M","R","B",null,"M","M","$","?","M","R","$","E"],"character_chosen":"THE_SILENT","items_purchased":["Finisher","Well Laid Plans"],"campfire_rested":1,"item_purchase_floors":[3,20],"current_hp_per_floor":[57,57,57,57,57,45,45,45,45,45,45,40,40,30,30,4,42,18,5,5,5,2,10,10,0],"gold":68,"neow_bonus":"ONE_RARE_RELIC","is_prod":false,"is_daily":false,"chose_seed":false,"campfire_upgraded":0,"win_rate":0,"timestamp":1561577414,"path_taken":["M","?","$","?","?","E","M","R","T","?","?","M","?","M","R","BOSS","M","M","$","?","M","R","$","E"],"build_version":"2019-01-23","purchased_purges":1,"victory":false,"max_hp_per_floor":[60,60,60,60,60,60,60,60,60,60,60,60,54,54,54,54,54,54,54,54,27,27,27,27,27],"card_choices":[{"not_picked":["Slice","Catalyst"],"picked":"Infinite Blades","floor":1},{"not_picked":["Tactician","Reflex"],"picked":"Night Terror","floor":6},{"not_picked":["Dagger Throw","Prepared"],"picked":"Flying Knee","floor":7},{"not_picked":["Underhanded Strike","Outmaneuver","Reflex"],"picked":"SKIP","floor":10},{"not_picked":["Bane","Predator","Underhanded Strike"],"picked":"SKIP","floor":12},{"not_picked":["Quick Slash","Underhanded Strike","Heel Hook"],"picked":"SKIP","floor":14},{"not_picked":["Night Terror","Venomology"],"picked":"Envenom","floor":16},{"not_picked":["Poisoned Stab","Bane"],"picked":"Blade Dance","floor":18},{"not_picked":["Dagger Throw","Finisher"],"picked":"Blur","floor":19},{"not_picked":["Outmaneuver+1","Flechettes"],"picked":"Well Laid Plans","floor":22}],"player_experience":2341322,"relics_obtained":[{"floor":6,"key":"Girya"},{"floor":11,"key":"Bottled Tornado"}],"event_choices":[{"cards_removed":["Strike_G"],"damage_healed":0,"gold_gain":0,"player_choice":"Card Removal","damage_taken":0,"max_hp_gain":0,"max_hp_loss":0,"event_name":"The Cleric","floor":2,"gold_loss":75},{"damage_healed":0,"gold_gain":0,"player_choice":"Grow","damage_taken":0,"max_hp_gain":0,"max_hp_loss":0,"event_name":"Living Wall","floor":4,"gold_loss":0,"cards_upgraded":["Finisher"]},{"damage_healed":0,"gold_gain":0,"player_choice":"Upgraded","damage_taken":0,"max_hp_gain":0,"max_hp_loss":0,"event_name":"Upgrade Shrine","floor":5,"gold_loss":0,"cards_upgraded":["Neutralize"]},{"damage_healed":0,"gold_gain":0,"player_choice":"Lose Max HP","damage_taken":0,"relics_obtained":["Golden Idol"],"max_hp_gain":0,"max_hp_loss":6,"event_name":"Golden Idol","floor":13,"gold_loss":0},{"damage_healed":0,"gold_gain":0,"player_choice":"Became a Ghost","damage_taken":0,"max_hp_gain":0,"max_hp_loss":27,"event_name":"Ghosts","floor":21,"gold_loss":0,"cards_obtained":["Ghostly","Ghostly","Ghostly"]}],"is_beta":false,"boss_relics":[{"not_picked":["Snecko Eye","Black Star"],"picked":"Fusion Hammer"}],"items_purged_floors":[20],"is_endless":false,"potions_floor_spawned":[7,10,14],"killed_by":"Slavers","ascension_level":18}