{"gold_per_floor":[115,129,129,129,149,149,169,208,231,231,67,81,81,81,81,172,172,72,27,27,27,27,27],"floor_reached":23,"playtime":3598,"items_purged":[],"score":450,"play_id":"df0fe355-e824-42f7-a542-b04da8528ae4","local_time":"20190626224104","is_ascension_mode":true,"campfire_choices":[{"data":"Deadly Poison","floor":6,"key":"SMITH"},{"floor":10,"key":"REST"},{"data":"Malaise","floor":15,"key":"SMITH"}],"neow_cost":"NONE","seed_source_timestamp":369511665113704,"circlet_count":0,"master_deck":["AscendersBane","Defend_G","Defend_G","Defend_G","Defend_G","Defend_G","Strike_G","Strike_G","Strike_G","Strike_G","Survivor","Neutralize","Malaise+1","Poisoned Stab","Deadly Poison+1","PiercingWail","Crippling Poison","Bullet Time","Catalyst","Die Die Die","Footwork"],"relics":["Ring of the Snake","Bronze Scales","Golden Idol","Juzu Bracelet","Blood Vial","Anchor","Ectoplasm","Ninja Scroll"],"potions_floor_usage":[8,23],"damage_taken":[{"damage":2,"enemies":"2 Louse","floor":1,"turns":4},{"damage":0,"enemies":"Small Slimes","floor":2,"turns":4},{"damage":3,"enemies":"Jaw Worm","floor":5,"turns":5},{"damage":9,"enemies":"Lots of Slimes","floor":7,"turns":4},{"damage":33,"enemies":"3 Sentries","floor":8,"turns":11},{"damage":1,"enemies":"3 Louse","floor":12,"turns":4},{"damage":0,"enemies":"Hexaghost","floor":16,"turns":9},{"damage":14,"enemies":"2 Thieves","floor":18,"turns":5},{"damage":7,"enemies":"Colosseum Slavers","floor":20,"turns":6},{"damage":42,"enemies":"Slavers","floor":23,"turns":5}],"seed_played":"5974545990514234437","potions_obtained":[{"floor":2,"key":"EssenceOfSteel"},{"floor":5,"key":"PowerPotion"}],"is_trial":false,"path_per_floor":["M","M","?","?","M","R","M","E","T","R","$","M","?","?","R","B",null,"M","$","?","?","?","E"],"character_chosen":"THE_SILENT","items_purchased":["Anchor","Footwork"],"campfire_rested":1,"item_purchase_floors":[11,19],"current_hp_per_floor":[57,57,46,46,43,43,34,1,1,19,19,20,20,13,13,15,49,37,37,32,32,32,0],"gold":27,"neow_bonus":"ONE_RANDOM_RARE_CARD","is_prod":false,"is_daily":false,"chose_seed":false,"campfire_upgraded":2,"win_rate":0,"timestamp":1561603264,"path_taken":["M","M","?","?","M","R","M","E","T","R","$","M","?","?","R","BOSS","M","$","?","?","?","E"],"build_version":"2019-01-23","purchased_purges":0,"victory":false,"max_hp_per_floor":[66,66,66,60,60,60,60,60,60,60,60,60,60,60,60,60,60,60,60,60,60,60,60],"card_choices":[{"not_picked":["Deflect","Sucker Punch"],"picked":"Poisoned Stab","floor":1},{"not_picked":["Concentrate","Flying Knee"],"picked":"Deadly Poison","floor":2},{"not_picked":["Dagger Throw","Acrobatics"],"picked":"PiercingWail","floor":5},{"not_picked":["Calculated Gamble","Dagger Throw"],"picked":"Crippling Poison","floor":7},{"not_picked":["Poisoned Stab","Outmaneuver"],"picked":"Bullet Time","floor":8},{"not_picked":["Distraction","Noxious Fumes"],"picked":"Catalyst","floor":12},{"not_picked":["Envenom","Tools of the Trade"],"picked":"Die Die Die","floor":16},{"not_picked":["Dodge and Roll","Quick Slash","Acrobatics"],"picked":"SKIP","floor":18}],"player_experience":2343043,"relics_obtained":[{"floor":8,"key":"Juzu Bracelet"},{"floor":9,"key":"Blood Vial"},{"floor":22,"key":"Ninja Scroll"}],"event_choices":[{"damage_healed":0,"gold_gain":0,"player_choice":"Success","damage_taken":11,"relics_obtained":["Bronze Scales"],"max_hp_gain":0,"max_hp_loss":0,"event_name":"Scrap Ooze","floor":3,"gold_loss":0},{"damage_healed":0,"gold_gain":0,"player_choice":"Lose Max HP","damage_taken":0,"relics_obtained":["Golden Idol"],"max_hp_gain":0,"max_hp_loss":6,"event_name":"Golden Idol","floor":4,"gold_loss":0},{"damage_healed":0,"gold_gain":0,"cards_transformed":["Strike_G"],"player_choice":"Transformed","damage_taken":0,"max_hp_gain":0,"max_hp_loss":0,"event_name":"Transmorgrifier","floor":13,"gold_loss":0,"cards_obtained":["Tactician"]},{"cards_removed":["Tactician"],"damage_healed":0,"gold_gain":0,"player_choice":"Card Removal","damage_taken":7,"max_hp_gain":0,"max_hp_loss":0,"event_name":"Golden Wing","floor":14,"gold_loss":0},{"damage_healed":0,"gold_gain":0,"player_choice":"Fight","damage_taken":0,"max_hp_gain":0,"max_hp_loss":0,"event_name":"Colosseum","floor":20,"gold_loss":0},{"damage_healed":0,"gold_gain":0,"player_choice":"Fled From Nobs","damage_taken":0,"max_hp_gain":0,"max_hp_loss":0,"event_name":"Colosseum","floor":20,"gold_loss":0},{"damage_healed":0,"gold_gain":0,"player_choice":"Ignored","damage_taken":0,"max_hp_gain":0,"max_hp_loss":0,"event_name":"The Mausoleum","floor":21,"gold_loss":0},{"damage_healed":0,"gold_gain":0,"player_choice":"Relic","damage_taken":0,"max_hp_gain":0,"max_hp_loss":0,"event_name":"Wheel of Change","floor":22,"gold_loss":0}],"is_beta":false,"boss_relics":[{"not_picked":["Eternal Feather","Cursed Key"],"picked":"Ectoplasm"}],"items_purged_floors":[],"is_endless":false,"potions_floor_spawned":[2,5],"killed_by":"Slavers","ascension_level":18}