{"gold_per_floor":[119,69,89,164,182,210,210,210,210,227,256,274,274,274,274,403,403,421,421,461,461,129,129,129,165,190,190,119,163,163,123,123,242,242,260,179,179,179,179,179,217,231,309,159,200,200,422,437,437,437],"floor_reached":51,"playtime":2741,"items_purged":["Writhe","White Noise+1"],"score":1076,"play_id":"5096b91d-1197-4f3e-afe7-b61b5133923d","local_time":"20190611230842","is_ascension_mode":true,"campfire_choices":[{"data":"Chill","floor":7,"key":"SMITH"},{"data":"Chaos","floor":13,"key":"SMITH"},{"floor":15,"key":"REST"},{"floor":23,"key":"REST"},{"floor":27,"key":"REST"},{"data":"Zap","floor":30,"key":"SMITH"},{"floor":32,"key":"REST"},{"floor":40,"key":"REST"},{"floor":46,"key":"REST"},{"floor":49,"key":"REST"}],"neow_cost":"TEN_PERCENT_HP_LOSS","seed_source_timestamp":289471788162286,"circlet_count":0,"master_deck":["Strike_B+1","Strike_B","Strike_B","Defend_B","Defend_B","Defend_B","Defend_B","Zap+1","Dualcast","Ball Lightning","Chill+1","Sweeping Beam+1","Barrage","Chaos+1","Fusion","Conserve Battery","Echo Form","Leap+1","Undo","Multi-Cast","Coolheaded","Defragment+1","Hologram+1"],"relics":["Cracked Core","Calipers","WingedGreaves","Potion Belt","Meat on the Bone","Happy Flower","Golden Idol","Philosopher\u0027s Stone","PreservedInsect","Red Mask","Nilry\u0027s Codex","Bottled Tornado","Frozen Egg 2","Dream Catcher","Orichalcum","Fusion Hammer","Oddly Smooth Stone","Dodecahedron","Ancient Tea Set"],"potions_floor_usage":[11,20,33,33,50,50,50,50,50],"damage_taken":[{"damage":0,"enemies":"Cultist","floor":1,"turns":4},{"damage":0,"enemies":"Small Slimes","floor":3,"turns":3},{"damage":0,"enemies":"Jaw Worm","floor":5,"turns":3},{"damage":5,"enemies":"3 Sentries","floor":6,"turns":6},{"damage":7,"enemies":"Exordium Wildlife","floor":10,"turns":4},{"damage":14,"enemies":"Gremlin Nob","floor":11,"turns":3},{"damage":11,"enemies":"Large Slime","floor":12,"turns":4},{"damage":30,"enemies":"The Guardian","floor":16,"turns":9},{"damage":7,"enemies":"3 Byrds","floor":18,"turns":5},{"damage":22,"enemies":"Masked Bandits","floor":20,"turns":4},{"damage":40,"enemies":"Slavers","floor":25,"turns":5},{"damage":8,"enemies":"Gremlin Leader","floor":29,"turns":5},{"damage":27,"enemies":"Automaton","floor":33,"turns":11},{"damage":3,"enemies":"3 Darklings","floor":35,"turns":4},{"damage":16,"enemies":"Reptomancer","floor":41,"turns":5},{"damage":7,"enemies":"3 Shapes","floor":42,"turns":6},{"damage":10,"enemies":"Nemesis","floor":45,"turns":5},{"damage":9,"enemies":"Jaw Worm Horde","floor":48,"turns":4},{"damage":67,"enemies":"Awakened One","floor":50,"turns":14}],"seed_played":"6400703949877212988","potions_obtained":[{"floor":1,"key":"FearPotion"},{"floor":5,"key":"SneckoOil"},{"floor":10,"key":"EssenceOfSteel"},{"floor":16,"key":"AttackPotion"},{"floor":18,"key":"Regen Potion"},{"floor":29,"key":"SkillPotion"},{"floor":35,"key":"Block Potion"}],"is_trial":false,"path_per_floor":["M","?","M","?","M","E","R","?","T","M","E","M","R","?","R","B",null,"M","?","?","?","$","R","$","E","T","R","$","E","R","?","R","B",null,"M","$","$","?","?","R","E","M","T","$","E","R","?","M","R","B",null],"character_chosen":"DEFECT","items_purchased":["Bottled Tornado","FocusPotion","Capacitor+1","AttackPotion"],"campfire_rested":7,"item_purchase_floors":[22,28,36,44],"current_hp_per_floor":[68,68,68,57,57,52,52,52,52,45,43,44,44,27,47,29,58,51,51,41,25,25,45,45,17,17,37,37,41,41,41,61,46,63,60,60,60,60,60,68,52,45,45,45,35,55,55,46,66,22],"gold":437,"neow_bonus":"ONE_RARE_RELIC","is_prod":false,"is_daily":false,"chose_seed":false,"campfire_upgraded":3,"win_rate":0,"timestamp":1560308922,"path_taken":["M","?","M","?","M","E","R","?","T","?","E","M","R","?","R","BOSS","M","?","?","?","$","R","?","E","T","R","?","E","R","?","R","BOSS","M","?","$","?","?","R","E","M","T","$","E","R","?","?","R","BOSS"],"build_version":"2019-01-23","purchased_purges":2,"victory":true,"max_hp_per_floor":[68,68,68,68,68,68,68,68,68,68,68,68,68,68,68,68,68,68,68,68,68,68,68,68,68,68,68,68,68,68,68,68,68,68,68,68,68,68,68,68,68,68,68,68,68,68,68,68,68,68],"card_choices":[{"not_picked":["Rip and Tear","Darkness"],"picked":"Ball Lightning","floor":1},{"not_picked":["Rebound","Beam Cell"],"picked":"Chill","floor":3},{"not_picked":["Leap","Rebound"],"picked":"Sweeping Beam","floor":5},{"not_picked":["Steam","Double Energy"],"picked":"Barrage","floor":6},{"not_picked":["Stack","Streamline"],"picked":"Chaos","floor":10},{"not_picked":["Rebound","Skim"],"picked":"Fusion","floor":11},{"not_picked":["Sweeping Beam","Go for the Eyes"],"picked":"Conserve Battery","floor":12},{"not_picked":["Fission","Multi-Cast"],"picked":"Echo Form","floor":16},{"not_picked":["Compile Driver+1","Double Energy"],"picked":"Leap+1","floor":18},{"not_picked":["Leap","Sunder+1"],"picked":"Undo","floor":25},{"not_picked":["Auto Shields+1","Darkness"],"picked":"White Noise+1","floor":29},{"not_picked":["Amplify","Creative AI+1"],"picked":"Multi-Cast","floor":33},{"not_picked":["Compile Driver","Recycle+1"],"picked":"Coolheaded","floor":35},{"not_picked":["Rip and Tear","Steam+1","Rebound+1"],"picked":"SKIP","floor":41},{"not_picked":["Redo+1","Barrage"],"picked":"Defragment+1","floor":42},{"not_picked":["Hello World+1","Barrage","Streamline+1"],"picked":"SKIP","floor":45},{"not_picked":["Self Repair+1","Go for the Eyes+1"],"picked":"Hologram+1","floor":48}],"player_experience":416930,"relics_obtained":[{"floor":6,"key":"WingedGreaves"},{"floor":8,"key":"Potion Belt"},{"floor":9,"key":"Meat on the Bone"},{"floor":11,"key":"Happy Flower"},{"floor":20,"key":"Red Mask"},{"floor":21,"key":"Nilry\u0027s Codex"},{"floor":25,"key":"Frozen Egg 2"},{"floor":26,"key":"Dream Catcher"},{"floor":29,"key":"Orichalcum"},{"floor":41,"key":"Oddly Smooth Stone"},{"floor":43,"key":"Dodecahedron"},{"floor":45,"key":"Ancient Tea Set"}],"event_choices":[{"cards_removed":["Strike_B"],"damage_healed":0,"gold_gain":0,"player_choice":"Card Removal","damage_taken":0,"max_hp_gain":0,"max_hp_loss":0,"event_name":"The Cleric","floor":2,"gold_loss":50},{"damage_healed":0,"gold_gain":75,"player_choice":"Gather Gold","damage_taken":11,"max_hp_gain":0,"max_hp_loss":0,"event_name":"World of Goop","floor":4,"gold_loss":0},{"damage_healed":0,"gold_gain":0,"player_choice":"Relic","damage_taken":0,"max_hp_gain":0,"max_hp_loss":0,"event_name":"Wheel of Change","floor":8,"gold_loss":0},{"damage_healed":0,"gold_gain":0,"player_choice":"Take Damage","damage_taken":17,"relics_obtained":["Golden Idol"],"max_hp_gain":0,"max_hp_loss":0,"event_name":"Golden Idol","floor":14,"gold_loss":0},{"damage_healed":0,"gold_gain":0,"player_choice":"Opened","damage_taken":0,"relics_obtained":["PreservedInsect"],"max_hp_gain":0,"max_hp_loss":0,"event_name":"The Mausoleum","floor":19,"gold_loss":0,"cards_obtained":["Writhe"]},{"damage_healed":0,"gold_gain":0,"player_choice":"Fought Bandits","damage_taken":0,"max_hp_gain":0,"max_hp_loss":0,"event_name":"Masked Bandits","floor":20,"gold_loss":0},{"damage_healed":0,"gold_gain":0,"player_choice":"Obtained Book","damage_taken":16,"max_hp_gain":0,"max_hp_loss":0,"event_name":"Cursed Tome","floor":21,"gold_loss":0},{"damage_healed":0,"gold_gain":0,"player_choice":"Upgraded Two","damage_taken":0,"max_hp_gain":0,"max_hp_loss":0,"event_name":"Designer","floor":31,"gold_loss":40,"cards_upgraded":["Strike_B","Sweeping Beam"]},{"damage_healed":0,"gold_gain":0,"player_choice":"Memory 1","damage_taken":0,"max_hp_gain":0,"max_hp_loss":0,"event_name":"SensoryStone","floor":38,"gold_loss":0},{"cards_removed":["Capacitor"],"damage_healed":0,"gold_gain":0,"player_choice":"Removed Power","damage_taken":0,"max_hp_gain":0,"max_hp_loss":0,"event_name":"Falling","floor":39,"gold_loss":0},{"damage_healed":0,"gold_gain":222,"player_choice":"Wore Mask","damage_taken":0,"max_hp_gain":0,"max_hp_loss":0,"event_name":"Tomb of Lord Red Mask","floor":47,"gold_loss":0}],"is_beta":false,"boss_relics":[{"not_picked":["Lizard Tail","Velvet Choker"],"picked":"Philosopher\u0027s Stone"},{"not_picked":["Black Star","Calling Bell"],"picked":"Fusion Hammer"}],"items_purged_floors":[22,44],"is_endless":false,"potions_floor_spawned":[1,5,10,16,18,29,35],"ascension_level":6}