{"gold_per_floor":[111,71,83,83,96,96,96,124,154,170,170,120,120,134,134,231,231,249,269,148,161,161,161,181,181,262,282,282,298,298,298,298,402,402,419,430,430,450,450,450,483,483,563,576,590,590,607,618,618,618],"floor_reached":51,"playtime":7127,"items_purged":["Strike_B"],"score":706,"play_id":"aeeaaae8-8877-4ec4-8f0f-d516e3f8226b","local_time":"20190706124922","is_ascension_mode":false,"campfire_choices":[{"data":"Defragment","floor":6,"key":"SMITH"},{"data":"Coolheaded","floor":11,"key":"SMITH"},{"data":"Leap","floor":13,"key":"SMITH"},{"floor":15,"key":"REST"},{"data":"Creative AI","floor":23,"key":"SMITH"},{"data":"Hologram","floor":25,"key":"SMITH"},{"data":"Defragment","floor":28,"key":"SMITH"},{"data":"Blizzard","floor":32,"key":"SMITH"},{"data":"Hologram","floor":40,"key":"SMITH"},{"floor":49,"key":"REST"}],"neow_cost":"PERCENT_DAMAGE","seed_source_timestamp":751600245841,"circlet_count":0,"master_deck":["Strike_B","Strike_B","Strike_B","Defend_B","Defend_B","Defend_B","Defend_B","Dualcast","Coolheaded+1","Defragment+1","Cold Snap","Discovery","Cold Snap","Leap+1","Beam Cell","Creative AI+1","Blizzard+1","Hologram+1","Hologram+1","Conserve Battery","Hologram+1","Defragment+1","Blizzard+1","Amplify+1","Capacitor+1","Leap+1"],"relics":["Cracked Core","Darkstone Periapt","Tiny Chest","Velvet Choker","Lantern","Pear","Toxic Egg 2","Busted Crown","Oddly Smooth Stone","Frozen Egg 2"],"potions_floor_usage":[8,14,33,33,36,45,50,50],"damage_taken":[{"damage":0,"enemies":"2 Louse","floor":1,"turns":4},{"damage":4,"enemies":"Cultist","floor":3,"turns":6},{"damage":3,"enemies":"Jaw Worm","floor":5,"turns":4},{"damage":10,"enemies":"3 Sentries","floor":8,"turns":13},{"damage":0,"enemies":"2 Fungi Beasts","floor":10,"turns":4},{"damage":13,"enemies":"Exordium Wildlife","floor":14,"turns":5},{"damage":18,"enemies":"The Guardian","floor":16,"turns":19},{"damage":0,"enemies":"Shell Parasite","floor":18,"turns":7},{"damage":8,"enemies":"Spheric Guardian","floor":19,"turns":6},{"damage":10,"enemies":"Snecko","floor":21,"turns":6},{"damage":7,"enemies":"Centurion and Healer","floor":24,"turns":15},{"damage":8,"enemies":"Snake Plant","floor":27,"turns":8},{"damage":0,"enemies":"Cultist and Chosen","floor":29,"turns":8},{"damage":0,"enemies":"Automaton","floor":33,"turns":16},{"damage":2,"enemies":"Orb Walker","floor":35,"turns":7},{"damage":0,"enemies":"3 Shapes","floor":36,"turns":7},{"damage":14,"enemies":"Maw","floor":38,"turns":12},{"damage":35,"enemies":"Giant Head","floor":41,"turns":12},{"damage":0,"enemies":"Sphere and 2 Shapes","floor":44,"turns":8},{"damage":9,"enemies":"4 Shapes","floor":45,"turns":9},{"damage":3,"enemies":"Maw","floor":47,"turns":8},{"damage":7,"enemies":"Transient","floor":48,"turns":5},{"damage":62,"enemies":"Awakened One","floor":50,"turns":17}],"seed_played":"5489152023493315820","potions_obtained":[{"floor":3,"key":"PowerPotion"},{"floor":10,"key":"Fire Potion"},{"floor":14,"key":"FocusPotion"},{"floor":16,"key":"GamblersBrew"},{"floor":27,"key":"Fire Potion"},{"floor":33,"key":"FocusPotion"},{"floor":36,"key":"Fruit Juice"},{"floor":38,"key":"LiquidBronze"}],"is_trial":false,"path_per_floor":["M","$","M","?","M","R","$","E","T","M","R","?","R","M","R","B",null,"M","M","$","M","?","R","M","R","T","M","R","M","T","?","R","B",null,"M","M","?","M","?","R","E","?","T","M","M","?","M","M","R","B",null],"character_chosen":"DEFECT","items_purchased":["Defragment","Hologram"],"campfire_rested":2,"item_purchase_floors":[2,20],"current_hp_per_floor":[68,68,64,64,61,61,61,51,51,51,51,51,51,38,64,46,89,89,81,81,71,77,77,70,70,80,72,72,72,72,72,72,72,105,103,108,108,94,94,94,59,59,59,59,50,50,47,40,71,9],"gold":618,"neow_bonus":"TWENTY_PERCENT_HP_BONUS","is_prod":false,"is_daily":false,"chose_seed":false,"campfire_upgraded":8,"win_rate":0.0,"timestamp":1562388562,"path_taken":["M","$","M","?","?","R","?","E","T","M","R","?","R","M","R","BOSS","M","M","$","M","?","R","M","R","T","M","R","M","?","?","R","BOSS","M","M","?","?","?","R","E","?","T","M","?","?","M","?","R","BOSS"],"build_version":"2019-07-05","purchased_purges":1,"victory":true,"max_hp_per_floor":[89,89,89,89,89,89,89,89,89,89,89,89,89,89,89,89,89,89,89,89,89,95,95,95,95,105,105,105,105,105,105,105,105,105,105,110,110,110,104,104,104,104,104,104,104,104,104,104,104,104],"card_choices":[{"not_picked":["Turbo","Blizzard"],"picked":"Coolheaded","floor":1},{"not_picked":["Beam Cell","Loop"],"picked":"Cold Snap","floor":3},{"not_picked":["Coolheaded","Redo","Doom and Gloom"],"picked":"SKIP","floor":5},{"not_picked":["Ball Lightning","Sweeping Beam"],"picked":"Cold Snap","floor":8},{"not_picked":["Static Discharge","Force Field"],"picked":"Leap","floor":10},{"not_picked":["Compile Driver","Buffer"],"picked":"Beam Cell","floor":14},{"not_picked":["Core Surge","All For One"],"picked":"Creative AI","floor":16},{"not_picked":["Reprogram","Steam+1"],"picked":"Blizzard+1","floor":18},{"not_picked":["Beam Cell","Ball Lightning"],"picked":"Hologram","floor":19},{"not_picked":["Steam","Hologram"],"picked":"Conserve Battery","floor":21},{"not_picked":["Ball Lightning","Steam Power"],"picked":"Hologram+1","floor":24},{"not_picked":["Coolheaded","Sunder"],"picked":"Defragment","floor":27},{"not_picked":["Steam","All For One"],"picked":"Blizzard","floor":29},{"not_picked":["Creative AI","Multi-Cast+1"],"picked":"Amplify+1","floor":33},{"not_picked":["Go for the Eyes+1"],"picked":"SKIP","floor":35},{"not_picked":["Go for the Eyes+1"],"picked":"SKIP","floor":36},{"not_picked":["Rebound+1"],"picked":"SKIP","floor":38},{"not_picked":["Core Surge"],"picked":"SKIP","floor":41},{"not_picked":["Cold Snap"],"picked":"SKIP","floor":44},{"not_picked":[],"picked":"Capacitor+1","floor":45},{"not_picked":["Cold Snap"],"picked":"SKIP","floor":47},{"not_picked":["Steam+1"],"picked":"SKIP","floor":48}],"player_experience":110667,"relics_obtained":[{"floor":8,"key":"Darkstone Periapt"},{"floor":9,"key":"Tiny Chest"},{"floor":26,"key":"Pear"},{"floor":30,"key":"Toxic Egg 2"},{"floor":41,"key":"Oddly Smooth Stone"},{"floor":43,"key":"Frozen Egg 2"}],"event_choices":[{"damage_healed":0,"gold_gain":0,"player_choice":"1 cards matched","damage_taken":0,"max_hp_gain":0,"max_hp_loss":0,"event_name":"Match and Keep!","floor":4,"gold_loss":0,"cards_obtained":["Discovery"]},{"cards_removed":["Zap"],"damage_healed":0,"gold_gain":0,"player_choice":"Card Removal","damage_taken":0,"max_hp_gain":0,"max_hp_loss":0,"event_name":"The Cleric","floor":12,"gold_loss":50},{"damage_healed":0,"gold_gain":0,"player_choice":"Opened","damage_taken":0,"relics_obtained":["Lantern"],"max_hp_gain":0,"max_hp_loss":0,"event_name":"The Mausoleum","floor":22,"gold_loss":0,"cards_obtained":["Writhe"]},{"damage_healed":0,"gold_gain":0,"player_choice":"Ignored","damage_taken":0,"max_hp_gain":0,"max_hp_loss":0,"event_name":"Ghosts","floor":31,"gold_loss":0},{"cards_removed":["Writhe"],"damage_healed":0,"gold_gain":0,"player_choice":"Removed Curses","damage_taken":0,"max_hp_gain":0,"max_hp_loss":0,"event_name":"Fountain of Cleansing","floor":37,"gold_loss":0},{"damage_healed":0,"gold_gain":0,"player_choice":"Max HP","damage_taken":0,"max_hp_gain":0,"max_hp_loss":6,"event_name":"Winding Halls","floor":39,"gold_loss":0},{"damage_healed":0,"gold_gain":0,"player_choice":"Leave","damage_taken":0,"max_hp_gain":0,"max_hp_loss":0,"event_name":"FaceTrader","floor":42,"gold_loss":0},{"damage_healed":0,"gold_gain":0,"player_choice":"1 cards matched","damage_taken":0,"max_hp_gain":0,"max_hp_loss":0,"event_name":"Match and Keep!","floor":46,"gold_loss":0,"cards_obtained":["Leap"]}],"is_beta":false,"boss_relics":[{"not_picked":["Calling Bell","Empty Cage"],"picked":"Velvet Choker"},{"not_picked":["Philosopher\u0027s Stone","Runic Dome"],"picked":"Busted Crown"}],"items_purged_floors":[20],"is_endless":false,"potions_floor_spawned":[3,10,14,16,27,33,36,38,44],"ascension_level":0}