{"gold_per_floor":[112,127,127,145,158,191,191,191,270,303,316,316],"floor_reached":12,"playtime":500,"items_purged":[],"score":108,"play_id":"bee87e27-e7d7-4d45-bbc4-e3d01b4d6e4f","local_time":"20190308193055","is_ascension_mode":true,"campfire_choices":[{"floor":7,"key":"REST"}],"neow_cost":"NONE","seed_source_timestamp":670180802389333,"circlet_count":0,"master_deck":["Strike_B","Strike_B","Strike_B","Strike_B","Defend_B","Defend_B","Defend_B","Defend_B","Zap+1","Dualcast","Conserve Battery","Sweeping Beam","Consume","Self Repair","Rainbow","Capacitor","Glacier"],"relics":["Cracked Core","StoneCalendar","Question Card","Regal Pillow"],"potions_floor_usage":[10],"damage_taken":[{"damage":2,"enemies":"Jaw Worm","floor":1,"turns":2},{"damage":3,"enemies":"Small Slimes","floor":2,"turns":3},{"damage":0,"enemies":"Cultist","floor":4,"turns":3},{"damage":13,"enemies":"Lots of Slimes","floor":5,"turns":3},{"damage":54,"enemies":"Gremlin Nob","floor":6,"turns":5},{"damage":27,"enemies":"3 Sentries","floor":10,"turns":7},{"damage":2,"enemies":"3 Louse","floor":11,"turns":2},{"damage":42,"enemies":"Gremlin Nob","floor":12,"turns":4}],"seed_played":"-8141452734339221924","potions_obtained":[{"floor":4,"key":"Regen Potion"},{"floor":6,"key":"FearPotion"}],"is_trial":false,"path_per_floor":["M","M","?","M","M","E","R","?","T","E","M","E"],"character_chosen":"DEFECT","items_purchased":[],"campfire_rested":1,"item_purchase_floors":[],"current_hp_per_floor":[73,70,70,70,57,10,32,32,32,27,32,0],"gold":316,"neow_bonus":"UPGRADE_CARD","is_prod":false,"is_daily":false,"chose_seed":false,"campfire_upgraded":0,"win_rate":0,"timestamp":1552091455,"path_taken":["M","M","?","M","M","E","R","?","T","E","M","E"],"build_version":"2019-01-23","purchased_purges":0,"victory":false,"max_hp_per_floor":[75,75,75,75,75,75,75,75,75,75,75,75],"card_choices":[{"not_picked":["Force Field","Turbo"],"picked":"Conserve Battery","floor":1},{"not_picked":["Scrape","Turbo"],"picked":"Sweeping Beam","floor":2},{"not_picked":["Steam","Stack"],"picked":"Consume","floor":4},{"not_picked":["Sweeping Beam","Undo"],"picked":"Self Repair","floor":5},{"not_picked":["Turbo","Heatsinks"],"picked":"Rainbow","floor":6},{"not_picked":["Turbo","BootSequence","Undo"],"picked":"Capacitor","floor":10},{"not_picked":["Turbo","Hologram","Force Field"],"picked":"Glacier","floor":11}],"player_experience":283684,"relics_obtained":[{"floor":6,"key":"StoneCalendar"},{"floor":9,"key":"Question Card"},{"floor":10,"key":"Regal Pillow"}],"event_choices":[{"damage_healed":0,"gold_gain":0,"player_choice":"Ignored","damage_taken":0,"max_hp_gain":0,"max_hp_loss":0,"event_name":"Shining Light","floor":3,"gold_loss":0},{"damage_healed":0,"gold_gain":0,"player_choice":"Searched \u00270\u0027 times","damage_taken":0,"max_hp_gain":0,"max_hp_loss":0,"event_name":"Dead Adventurer","floor":8,"gold_loss":0}],"is_beta":false,"boss_relics":[],"items_purged_floors":[],"is_endless":false,"potions_floor_spawned":[4,6],"killed_by":"Gremlin Nob","ascension_level":4}