{"gold_per_floor":[114,64,64,74,47,47,102,102,102,113,130,141,141,160,160,257,257,271,291,309,321,82,82,82,82,82,82,12,37,37,37,37,139,139,155,155,173,198,2,2,0,15,15,46,46,46,46,63,63,63],"floor_reached":50,"playtime":16869,"items_purged":[],"score":488,"play_id":"55e78449-9de1-4d3a-b9e4-3e24d26e19c5","local_time":"20190702223055","is_ascension_mode":false,"campfire_choices":[{"data":"Streamline","floor":6,"key":"SMITH"},{"data":"Loop","floor":8,"key":"SMITH"},{"floor":15,"key":"REST"},{"data":"Storm","floor":23,"key":"SMITH"},{"data":"Double Energy","floor":25,"key":"SMITH"},{"floor":27,"key":"REST"},{"data":"Defragment","floor":32,"key":"SMITH"},{"data":"Amplify","floor":40,"key":"SMITH"},{"floor":46,"key":"RECALL"},{"floor":49,"key":"REST"}],"neow_cost":"NONE","seed_source_timestamp":943954009344789,"circlet_count":0,"master_deck":["Strike_B+1","Defend_B+1","Defend_B+1","Defend_B+1","Defend_B+1","Zap","Dualcast","Loop+1","Leap","Glacier+1","Streamline+1","Machine Learning","BootSequence+1","Chill","Consume","Coolheaded","Hyperbeam","Static Discharge","Static Discharge","Darkness+1","Storm+1","Electrodynamics","Double Energy+1","Defragment+1","Go for the Eyes","Amplify+1"],"relics":["Cracked Core","Tiny Chest","Ancient Tea Set","War Paint","Velvet Choker","Nilry\u0027s Codex","Pen Nib","Runic Pyramid","Lantern","DataDisk","Red Mask","Letter Opener","Strawberry","Darkstone Periapt"],"potions_floor_usage":[16,21,21,22,33],"damage_taken":[{"damage":0,"enemies":"2 Louse","floor":1,"turns":2},{"damage":2,"enemies":"Small Slimes","floor":4,"turns":3},{"damage":18,"enemies":"3 Sentries","floor":7,"turns":14},{"damage":0,"enemies":"Cultist","floor":10,"turns":3},{"damage":3,"enemies":"Blue Slaver","floor":11,"turns":3},{"damage":8,"enemies":"Looter","floor":12,"turns":3},{"damage":5,"enemies":"Exordium Wildlife","floor":14,"turns":5},{"damage":12,"enemies":"The Guardian","floor":16,"turns":14},{"damage":1,"enemies":"Shell Parasite","floor":18,"turns":8},{"damage":8,"enemies":"3 Byrds","floor":19,"turns":4},{"damage":4,"enemies":"Shelled Parasite and Fungi","floor":20,"turns":8},{"damage":5,"enemies":"3 Cultists","floor":21,"turns":7},{"damage":5,"enemies":"Book of Stabbing","floor":29,"turns":5},{"damage":43,"enemies":"Automaton","floor":33,"turns":9},{"damage":0,"enemies":"3 Shapes","floor":35,"turns":4},{"damage":13,"enemies":"Orb Walker","floor":37,"turns":4},{"damage":0,"enemies":"Sphere and 2 Shapes","floor":42,"turns":3},{"damage":3,"enemies":"Giant Head","floor":44,"turns":6},{"damage":0,"enemies":"4 Shapes","floor":48,"turns":5},{"damage":90,"enemies":"Time Eater","floor":50,"turns":13}],"seed_played":"5007061115657428246","potions_obtained":[{"floor":1,"key":"Swift Potion"},{"floor":7,"key":"Poison Potion"},{"floor":12,"key":"Fire Potion"},{"floor":21,"key":"Fruit Juice"},{"floor":29,"key":"Fire Potion"},{"floor":37,"key":"Strength Potion"},{"floor":48,"key":"FocusPotion"}],"is_trial":false,"path_per_floor":["M","?","?","M","$","R","E","R","T","M","M","M","T","M","R","B",null,"M","M","M","M","$","R","?","R","T","R","$","E","?","$","R","B",null,"M","?","M","T","$","R","?","M","T","E","T","R","$","M","R","B"],"character_chosen":"DEFECT","items_purchased":["Streamline","Electrodynamics","Double Energy","Defragment","DataDisk","FearPotion"],"campfire_rested":3,"item_purchase_floors":[5,22,22,28,39,39],"current_hp_per_floor":[75,75,75,73,73,73,55,55,55,55,52,44,44,39,61,49,75,74,66,62,57,62,62,46,46,46,70,70,65,65,65,65,22,80,80,76,63,63,63,63,63,63,63,67,67,67,67,67,83,0],"gold":63,"neow_bonus":"TRANSFORM_CARD","is_prod":false,"is_daily":false,"chose_seed":false,"campfire_upgraded":6,"win_rate":0,"timestamp":1562131855,"path_taken":["M","?","?","?","$","R","E","R","T","M","M","M","?","M","R","BOSS","M","M","M","M","$","R","?","R","T","R","$","E","?","?","R","BOSS","M","?","M","?","?","R","?","M","T","E","?","R","$","M","R","BOSS"],"build_version":"2019-07-01","purchased_purges":0,"victory":false,"max_hp_per_floor":[75,75,75,75,75,75,75,75,75,75,75,75,75,75,75,75,75,75,75,75,75,80,80,80,80,80,80,80,80,80,80,80,80,80,80,76,76,76,76,76,76,76,76,83,83,83,83,83,83,83],"card_choices":[{"not_picked":["Blizzard","Compile Driver"],"picked":"Leap","floor":1},{"not_picked":["Gash","Barrage"],"picked":"Glacier","floor":4},{"not_picked":["Turbo","Gash"],"picked":"Machine Learning","floor":7},{"not_picked":["Go for the Eyes","Leap"],"picked":"BootSequence","floor":10},{"not_picked":["Turbo","Steam Power"],"picked":"Chill","floor":11},{"not_picked":["Rebound","Chaos"],"picked":"Consume","floor":12},{"not_picked":["Streamline","Gash"],"picked":"Coolheaded","floor":14},{"not_picked":["Machine Learning","Rainbow"],"picked":"Hyperbeam","floor":16},{"not_picked":["Blizzard+1","White Noise"],"picked":"Static Discharge","floor":18},{"not_picked":["Barrage+1","Redo"],"picked":"Static Discharge","floor":19},{"not_picked":["Auto Shields","Chaos"],"picked":"Darkness+1","floor":20},{"not_picked":["Beam Cell+1","Skim+1"],"picked":"Storm","floor":21},{"not_picked":["Sweeping Beam","Cold Snap"],"picked":"Go for the Eyes","floor":29},{"not_picked":["Creative AI","All For One"],"picked":"Amplify","floor":33},{"not_picked":["Gash+1","Barrage","Coolheaded+1"],"picked":"SKIP","floor":35},{"not_picked":["Reprogram+1","Sunder+1","Cold Snap+1"],"picked":"SKIP","floor":37},{"not_picked":["Ball Lightning+1","Cold Snap+1","Reprogram+1"],"picked":"SKIP","floor":42},{"not_picked":["Genetic Algorithm+1","Steam Power","Go for the Eyes"],"picked":"SKIP","floor":44},{"not_picked":["Ball Lightning+1","Self Repair","All For One"],"picked":"SKIP","floor":48}],"player_experience":590681,"relics_obtained":[{"floor":7,"key":"Tiny Chest"},{"floor":9,"key":"Ancient Tea Set"},{"floor":13,"key":"War Paint"},{"floor":24,"key":"Nilry\u0027s Codex"},{"floor":29,"key":"Pen Nib"},{"floor":38,"key":"Lantern"},{"floor":43,"key":"Letter Opener"},{"floor":44,"key":"Strawberry"},{"floor":45,"key":"Darkstone Periapt"}],"event_choices":[{"cards_removed":["Strike_B"],"damage_healed":0,"gold_gain":0,"player_choice":"Card Removal","damage_taken":0,"max_hp_gain":0,"max_hp_loss":0,"event_name":"The Cleric","floor":2,"gold_loss":50},{"cards_removed":["Strike_B"],"damage_healed":0,"gold_gain":0,"player_choice":"Offered Basic","damage_taken":0,"max_hp_gain":0,"max_hp_loss":0,"event_name":"Bonfire Elementals","floor":3,"gold_loss":0},{"damage_healed":0,"gold_gain":0,"player_choice":"Obtained Book","damage_taken":16,"max_hp_gain":0,"max_hp_loss":0,"event_name":"Cursed Tome","floor":24,"gold_loss":0},{"damage_healed":0,"gold_gain":0,"player_choice":"Simplicity","damage_taken":0,"max_hp_gain":0,"max_hp_loss":0,"event_name":"Back to Basics","floor":30,"gold_loss":0,"cards_upgraded":["Strike_B","Defend_B","Defend_B","Defend_B","Defend_B"]},{"damage_healed":0,"gold_gain":0,"player_choice":"Max HP","damage_taken":0,"max_hp_gain":0,"max_hp_loss":4,"event_name":"Winding Halls","floor":36,"gold_loss":0},{"damage_healed":0,"gold_gain":0,"player_choice":"Paid","damage_taken":0,"relics_obtained":["Red Mask"],"max_hp_gain":0,"max_hp_loss":0,"event_name":"Tomb of Lord Red Mask","floor":41,"gold_loss":2}],"is_beta":false,"boss_relics":[{"not_picked":["FrozenCore","Pandora\u0027s Box"],"picked":"Velvet Choker"},{"not_picked":["Snecko Eye","Lizard Tail"],"picked":"Runic Pyramid"}],"items_purged_floors":[],"is_endless":false,"potions_floor_spawned":[1,7,12,14,21,29,37,48],"killed_by":"Time Eater","ascension_level":0}