{"gold_per_floor":[110,121,32,32,32,57,69,95,107,138,200,226,238],"floor_reached":13,"playtime":350,"items_purged":[],"score":209,"play_id":"1066a012-2ac8-4261-b71d-8adaf50e2c2d","local_time":"20190114215735","is_ascension_mode":true,"campfire_choices":[{"data":"Armaments","floor":7,"key":"SMITH"}],"neow_cost":"NONE","seed_source_timestamp":326165815658976,"circlet_count":0,"master_deck":["AscendersBane","Strike_R","Strike_R","Strike_R","Strike_R","Strike_R","Defend_R","Defend_R","Defend_R","Defend_R","Bash","Spot Weakness","Heavy Blade","Good Instincts","Armaments+1","Rampage"],"relics":["Burning Blood","NeowsBlessing","MawBank","Pear"],"potions_floor_usage":[10,13],"damage_taken":[{"damage":0,"enemies":"Cultist","floor":1,"turns":1},{"damage":0,"enemies":"Jaw Worm","floor":2,"turns":1},{"damage":0,"enemies":"Lagavulin","floor":6,"turns":1},{"damage":1,"enemies":"Small Slimes","floor":8,"turns":3},{"damage":23,"enemies":"Gremlin Gang","floor":10,"turns":4},{"damage":28,"enemies":"Exordium Wildlife","floor":12,"turns":5},{"damage":52,"enemies":"Gremlin Nob","floor":13,"turns":4}],"seed_played":"2069599922744313983","potions_obtained":[{"floor":1,"key":"EssenceOfSteel"},{"floor":6,"key":"Swift Potion"}],"is_trial":false,"path_per_floor":["M","M","$","?","$","E","R","M","T","M","?","M","E"],"character_chosen":"IRONCLAD","items_purchased":["Good Instincts"],"campfire_rested":0,"item_purchase_floors":[3],"current_hp_per_floor":[74,75,75,80,80,80,80,80,90,73,73,51,0],"gold":238,"neow_bonus":"THREE_ENEMY_KILL","is_prod":false,"is_daily":false,"chose_seed":false,"campfire_upgraded":1,"win_rate":0,"timestamp":1547503055,"path_taken":["M","M","$","?","$","E","R","M","T","M","?","?","E"],"build_version":"2019-01-10","purchased_purges":0,"victory":false,"max_hp_per_floor":[75,75,75,80,80,80,80,80,90,90,90,90,90],"card_choices":[{"not_picked":["Battle Trance","True Grit"],"picked":"Spot Weakness","floor":1},{"not_picked":["Havoc","Sentinel"],"picked":"Heavy Blade","floor":2},{"not_picked":["Iron Wave","Twin Strike"],"picked":"Armaments","floor":6},{"not_picked":["Warcry","Spot Weakness","Combust"],"picked":"SKIP","floor":8},{"not_picked":["Combust","Blood for Blood"],"picked":"Rampage","floor":10},{"not_picked":["Uppercut","Rampage","Anger"],"picked":"SKIP","floor":12}],"player_experience":1111393,"relics_obtained":[{"floor":6,"key":"MawBank"},{"floor":9,"key":"Pear"}],"event_choices":[{"damage_healed":0,"gold_gain":0,"player_choice":"Donut","damage_taken":0,"max_hp_gain":5,"max_hp_loss":0,"event_name":"Big Fish","floor":4,"gold_loss":0},{"damage_healed":0,"gold_gain":50,"player_choice":"Pray","damage_taken":0,"max_hp_gain":0,"max_hp_loss":0,"event_name":"Golden Shrine","floor":11,"gold_loss":0}],"is_beta":false,"boss_relics":[],"items_purged_floors":[],"is_endless":false,"potions_floor_spawned":[1,6],"killed_by":"Gremlin Nob","ascension_level":18}