{"gold_per_floor":[18,18,18,37,37,64,74,101,180,180,198,198,16,16,16,16],"floor_reached":16,"playtime":462,"items_purged":[],"score":200,"play_id":"99134eba-bf2e-4a90-b03a-bbd55a755829","local_time":"20190401214056","is_ascension_mode":true,"campfire_choices":[{"floor":10,"key":"REST"},{"floor":15,"key":"REST"}],"neow_cost":"NO_GOLD","seed_source_timestamp":1027326171613031,"circlet_count":0,"master_deck":["AscendersBane","Strike_R","Strike_R","Strike_R","Defend_R","Defend_R","Defend_R","Bash","Body Slam+1","Corruption","Iron Wave","Perfected Strike","Whirlwind","True Grit","Anger","Metallicize","Inflame","Bandage Up"],"relics":["Burning Blood","NlothsMask","Prayer Wheel","Pen Nib"],"potions_floor_usage":[7,8],"damage_taken":[{"damage":5,"enemies":"Small Slimes","floor":1,"turns":4},{"damage":2,"enemies":"Cultist","floor":4,"turns":4},{"damage":55,"enemies":"3 Sentries","floor":6,"turns":15},{"damage":3,"enemies":"2 Louse","floor":7,"turns":2},{"damage":25,"enemies":"Gremlin Nob","floor":8,"turns":5},{"damage":25,"enemies":"Large Slime","floor":11,"turns":6},{"damage":37,"enemies":"Slime Boss","floor":16,"turns":7}],"seed_played":"8355188232074303078","potions_obtained":[{"floor":1,"key":"GamblersBrew"},{"floor":4,"key":"SpeedPotion"},{"floor":8,"key":"LiquidBronze"}],"is_trial":false,"path_per_floor":["M","?","$","M","?","E","M","E","T","R","M","?","$","?","R","B"],"character_chosen":"IRONCLAD","items_purchased":["Inflame","Bandage Up"],"campfire_rested":2,"item_purchase_floors":[13,13],"current_hp_per_floor":[69,69,69,73,73,24,27,8,8,30,11,11,11,11,33,0],"gold":16,"neow_bonus":"REMOVE_TWO","is_prod":false,"is_daily":false,"chose_seed":false,"campfire_upgraded":0,"win_rate":0,"timestamp":1554169256,"path_taken":["M","?","?","M","?","E","M","E","T","R","?","?","$","?","R","BOSS"],"build_version":"2019-01-23","purchased_purges":0,"victory":false,"max_hp_per_floor":[75,75,75,75,75,75,75,75,75,75,75,75,75,75,75,75],"card_choices":[{"not_picked":["Hemokinesis","Clash"],"picked":"Body Slam","floor":1},{"not_picked":["Dropkick","Wild Strike"],"picked":"Iron Wave","floor":4},{"not_picked":["Searing Blow","Heavy Blade"],"picked":"Perfected Strike","floor":6},{"not_picked":["Ghostly Armor","Flex"],"picked":"Whirlwind","floor":7},{"not_picked":["Headbutt","Iron Wave","Havoc"],"picked":"SKIP","floor":7},{"not_picked":["Bloodletting","Heavy Blade"],"picked":"True Grit","floor":8},{"not_picked":["Rupture","Hemokinesis"],"picked":"Anger","floor":11},{"not_picked":["Armaments","Havoc"],"picked":"Metallicize","floor":11}],"player_experience":351038,"relics_obtained":[{"floor":6,"key":"Prayer Wheel"},{"floor":8,"key":"Pen Nib"}],"event_choices":[{"damage_healed":0,"gold_gain":0,"cards_transformed":["Strike_R"],"player_choice":"Transformed","damage_taken":0,"max_hp_gain":0,"max_hp_loss":0,"event_name":"Transmorgrifier","floor":2,"gold_loss":0,"cards_obtained":["Corruption"]},{"damage_healed":0,"gold_gain":0,"player_choice":"Trade","damage_taken":0,"relics_obtained":["NlothsMask"],"max_hp_gain":0,"max_hp_loss":0,"event_name":"FaceTrader","floor":5,"gold_loss":0},{"damage_healed":0,"gold_gain":0,"player_choice":"Grow","damage_taken":0,"max_hp_gain":0,"max_hp_loss":0,"event_name":"Living Wall","floor":12,"gold_loss":0,"cards_upgraded":["Body Slam"]},{"damage_healed":0,"gold_gain":0,"player_choice":"Ignored","damage_taken":0,"max_hp_gain":0,"max_hp_loss":0,"event_name":"Shining Light","floor":14,"gold_loss":0}],"is_beta":false,"boss_relics":[],"items_purged_floors":[],"is_endless":false,"potions_floor_spawned":[1,4,8],"killed_by":"Slime Boss","ascension_level":17}