{"gold_per_floor":[109,124,139,150,170,198,215,215,269,296,261,273,273,306,306,382,382,382,382,382,382,382,382,382,382,382,382,382,382,58,58,58,58,58,58,58,58,58,58,58,58,58],"floor_reached":42,"playtime":1989,"items_purged":[],"score":1201,"play_id":"7ac97814-d0af-4175-83e9-2da34e2bf652","local_time":"20190116150214","is_ascension_mode":true,"campfire_choices":[{"floor":8,"key":"REST"},{"floor":15,"key":"REST"},{"data":"Pommel Strike","floor":24,"key":"SMITH"},{"data":"Demon Form","floor":32,"key":"SMITH"},{"data":"Shockwave","floor":40,"key":"SMITH"}],"neow_cost":"NONE","seed_source_timestamp":14607014753011,"circlet_count":0,"master_deck":["AscendersBane","Bash","Demon Form+1","Pommel Strike+1","Rage+1","Dropkick","Battle Trance+1","Iron Wave","Shockwave+1","Dropkick","Cleave","Limit Break+1","Bite","Bite","Bite","Bite","Bite","Heavy Blade","Battle Trance+1","Flame Barrier+1","Whirlwind","Evolve+1","Heavy Blade","Iron Wave"],"relics":["Burning Blood","Gremlin Horn","Bag of Marbles","FossilizedHelix","Toxic Egg 2","Ectoplasm","Omamori","Bronze Scales","Centennial Puzzle","Frozen Egg 2","Vajra","Strawberry","Potion Belt","Pandora\u0027s Box"],"potions_floor_usage":[10,16,16,29,31,42],"damage_taken":[{"damage":12,"enemies":"Cultist","floor":1,"turns":5},{"damage":23,"enemies":"Small Slimes","floor":2,"turns":5},{"damage":4,"enemies":"2 Louse","floor":3,"turns":4},{"damage":0,"enemies":"2 Fungi Beasts","floor":4,"turns":3},{"damage":7,"enemies":"Looter","floor":5,"turns":3},{"damage":40,"enemies":"3 Sentries","floor":6,"turns":9},{"damage":0,"enemies":"Gremlin Gang","floor":7,"turns":4},{"damage":27,"enemies":"Gremlin Nob","floor":10,"turns":4},{"damage":0,"enemies":"2 Fungi Beasts","floor":12,"turns":3},{"damage":0,"enemies":"Lagavulin","floor":14,"turns":5},{"damage":0,"enemies":"Slime Boss","floor":16,"turns":6},{"damage":20,"enemies":"Shell Parasite","floor":18,"turns":5},{"damage":13,"enemies":"Chosen","floor":22,"turns":4},{"damage":0,"enemies":"Gremlin Leader","floor":23,"turns":4},{"damage":23,"enemies":"3 Cultists","floor":25,"turns":4},{"damage":11,"enemies":"Centurion and Healer","floor":28,"turns":5},{"damage":7,"enemies":"Book of Stabbing","floor":29,"turns":4},{"damage":14,"enemies":"Slavers","floor":31,"turns":4},{"damage":36,"enemies":"Champ","floor":33,"turns":5},{"damage":0,"enemies":"3 Darklings","floor":35,"turns":3},{"damage":11,"enemies":"3 Shapes","floor":36,"turns":5},{"damage":58,"enemies":"Writhing Mass","floor":41,"turns":7},{"damage":28,"enemies":"Spire Growth","floor":42,"turns":3}],"seed_played":"-5100422274952346891","potions_obtained":[{"floor":6,"key":"SneckoOil"},{"floor":7,"key":"Regen Potion"},{"floor":10,"key":"Strength Potion"},{"floor":23,"key":"Dexterity Potion"},{"floor":25,"key":"SmokeBomb"},{"floor":28,"key":"Fire Potion"},{"floor":41,"key":"Dexterity Potion"}],"is_trial":false,"path_per_floor":["M","M","M","M","M","E","M","R","T","E","?","M","?","E","R","B",null,"M","?","?","?","M","E","R","M","T","?","M","E","$","E","R","B",null,"M","M","?","?","$","R","M","M"],"character_chosen":"IRONCLAD","items_purchased":["Vajra","Strawberry"],"campfire_rested":2,"item_purchase_floors":[30,30],"current_hp_per_floor":[62,45,47,53,52,18,24,46,46,25,43,49,26,32,54,75,75,61,61,52,52,47,52,52,37,37,37,48,52,59,51,51,29,52,59,54,54,54,54,54,13,0],"gold":58,"neow_bonus":"ONE_RANDOM_RARE_CARD","is_prod":false,"is_daily":false,"chose_seed":false,"campfire_upgraded":3,"win_rate":0,"timestamp":1547650934,"path_taken":["M","?","M","M","M","E","M","R","T","E","?","M","?","E","R","BOSS","M","?","?","?","M","E","R","?","T","?","?","E","$","E","R","BOSS","M","M","?","?","$","R","?","M"],"build_version":"2019-01-10","purchased_purges":0,"victory":false,"max_hp_per_floor":[75,75,75,75,75,75,75,75,75,75,75,75,75,75,75,75,75,75,75,52,52,52,52,52,52,52,52,52,52,59,59,59,59,59,59,59,59,59,59,59,59,59],"card_choices":[{"not_picked":["Thunderclap","Headbutt"],"picked":"Pommel Strike","floor":1},{"not_picked":["Anger","Warcry"],"picked":"Rage","floor":2},{"not_picked":["Sentinel","Heavy Blade"],"picked":"Dropkick","floor":3},{"not_picked":["Intimidate","Heavy Blade","Rage"],"picked":"SKIP","floor":4},{"not_picked":["Pommel Strike","Rupture"],"picked":"Battle Trance","floor":5},{"not_picked":["Pommel Strike","Twin Strike"],"picked":"Iron Wave","floor":6},{"not_picked":["Evolve","Combust"],"picked":"Shockwave","floor":7},{"not_picked":["Shockwave","Sentinel"],"picked":"Dropkick","floor":10},{"not_picked":["Immolate","Thunderclap","Sever Soul"],"picked":"SKIP","floor":12},{"not_picked":["Searing Blow","Battle Trance"],"picked":"Cleave","floor":14},{"not_picked":["Impervious+1","Reaper"],"picked":"Limit Break+1","floor":16},{"not_picked":["Anger+1","Dual Wield+1","Warcry+1"],"picked":"SKIP","floor":18},{"not_picked":["Wild Strike","Warcry+1","Anger"],"picked":"SKIP","floor":22},{"not_picked":["Thunderclap","Carnage"],"picked":"Heavy Blade","floor":23},{"not_picked":["Entrench+1","Shockwave+1"],"picked":"Battle Trance+1","floor":25},{"not_picked":["Thunderclap","Reckless Charge"],"picked":"Flame Barrier+1","floor":28},{"not_picked":["Thunderclap","Shockwave+1","Seeing Red+1"],"picked":"SKIP","floor":29},{"not_picked":["Entrench+1","Thunderclap","Power Through+1"],"picked":"SKIP","floor":31},{"not_picked":["Iron Wave","Sword Boomerang","Thunderclap+1"],"picked":"SKIP","floor":35},{"not_picked":["Clothesline","Havoc+1","Wild Strike"],"picked":"SKIP","floor":36},{"not_picked":["Searing Blow+1","Twin Strike","Combust+1"],"picked":"SKIP","floor":41}],"player_experience":1153060,"relics_obtained":[{"floor":6,"key":"Gremlin Horn"},{"floor":9,"key":"Bag of Marbles"},{"floor":10,"key":"FossilizedHelix"},{"floor":14,"key":"Toxic Egg 2"},{"floor":23,"key":"Omamori"},{"floor":26,"key":"Bronze Scales"},{"floor":29,"key":"Frozen Egg 2"},{"floor":31,"key":"Potion Belt"}],"event_choices":[{"damage_healed":18,"gold_gain":0,"player_choice":"Healed","damage_taken":0,"max_hp_gain":0,"max_hp_loss":0,"event_name":"The Cleric","floor":11,"gold_loss":35},{"damage_healed":0,"gold_gain":0,"player_choice":"Entered Light","damage_taken":23,"max_hp_gain":0,"max_hp_loss":0,"event_name":"Shining Light","floor":13,"gold_loss":0,"cards_upgraded":["Rage","Battle Trance"]},{"damage_healed":0,"gold_gain":50,"player_choice":"Stole From Cult","damage_taken":0,"max_hp_gain":0,"max_hp_loss":0,"event_name":"Nest","floor":19,"gold_loss":0},{"damage_healed":0,"gold_gain":0,"player_choice":"Became a vampire","damage_taken":0,"max_hp_gain":0,"max_hp_loss":23,"event_name":"Vampires","floor":20,"gold_loss":0,"cards_obtained":["Bite","Bite","Bite","Bite","Bite"]},{"damage_healed":0,"gold_gain":0,"player_choice":"Ignored","damage_taken":0,"max_hp_gain":0,"max_hp_loss":0,"event_name":"N\u0027loth","floor":21,"gold_loss":0},{"damage_healed":0,"gold_gain":0,"player_choice":"Gave Potion","damage_taken":0,"relics_obtained":["Centennial Puzzle"],"max_hp_gain":0,"max_hp_loss":0,"event_name":"WeMeetAgain","floor":27,"gold_loss":0},{"damage_healed":0,"gold_gain":0,"player_choice":"Ignored","damage_taken":0,"max_hp_gain":0,"max_hp_loss":0,"event_name":"Mysterious Sphere","floor":37,"gold_loss":0},{"damage_healed":0,"gold_gain":0,"player_choice":"Ignored","damage_taken":0,"max_hp_gain":0,"max_hp_loss":0,"event_name":"SecretPortal","floor":38,"gold_loss":0}],"is_beta":false,"boss_relics":[{"not_picked":["Tiny House","Busted Crown"],"picked":"Ectoplasm"},{"not_picked":["Runic Cube","Philosopher\u0027s Stone"],"picked":"Pandora\u0027s Box"}],"items_purged_floors":[],"is_endless":false,"potions_floor_spawned":[6,7,10,12,14,23,25,28,41],"killed_by":"Spire Growth","ascension_level":19}