{"gold_per_floor":[119,131,131,146,146,180,180,180,180,194,194,223,238,250,250,346,346,364,364,378,73,93,126,126,140,218,75,75,100,113,127,127,223,223,233,245,22,35,47,47,76,13,13,13,27,44,6,24,24,24],"floor_reached":51,"playtime":5484,"items_purged":[],"score":698,"play_id":"edd0bf54-d18d-4c96-8880-10eba44273be","local_time":"20190620214023","is_ascension_mode":false,"campfire_choices":[{"data":"Noxious Fumes","floor":7,"key":"SMITH"},{"data":"Neutralize","floor":11,"key":"SMITH"},{"floor":15,"key":"RECALL"},{"floor":24,"key":"REST"},{"data":"Calculated Gamble","floor":28,"key":"SMITH"},{"data":"Noxious Fumes","floor":32,"key":"SMITH"},{"floor":40,"key":"REST"},{"floor":49,"key":"REST"}],"neow_cost":"NONE","seed_source_timestamp":716989828073253,"circlet_count":0,"master_deck":["Defend_G","Defend_G+1","Defend_G","Defend_G","Defend_G","Strike_G","Strike_G+1","Strike_G","Strike_G+1","Strike_G+1","Survivor","Neutralize+1","PiercingWail","Backflip","Noxious Fumes+1","Dash+1","Bane+1","Dagger Throw+1","Glass Knife+1","Flying Knee+1","Acrobatics","Dash+1","Calculated Gamble+1","Terror","Cloak And Dagger+1","Die Die Die+1","Noxious Fumes+1","Dash+1","PiercingWail+1","Backstab+1","Bullet Time","Footwork","Bandage Up","Well Laid Plans","Acrobatics","PiercingWail","Cloak And Dagger+1","Calculated Gamble+1","Footwork+1","Poisoned Stab+1","Bandage Up","Accuracy+1"],"relics":["Ring of the Snake","Pantograph","Lantern","Molten Egg 2","Odd Mushroom","Sozu","Medical Kit","Happy Flower","The Courier","Gambling Chip","Philosopher\u0027s Stone","Membership Card","Art of War","Whetstone","Snake Skull"],"potions_floor_usage":[6,6,10],"damage_taken":[{"damage":1,"enemies":"Jaw Worm","floor":1,"turns":8},{"damage":0,"enemies":"2 Louse","floor":2,"turns":3},{"damage":1,"enemies":"Cultist","floor":4,"turns":5},{"damage":18,"enemies":"3 Sentries","floor":6,"turns":13},{"damage":3,"enemies":"Lots of Slimes","floor":10,"turns":4},{"damage":9,"enemies":"The Mushroom Lair","floor":12,"turns":5},{"damage":0,"enemies":"2 Fungi Beasts","floor":13,"turns":4},{"damage":2,"enemies":"Looter","floor":14,"turns":2},{"damage":16,"enemies":"Hexaghost","floor":16,"turns":10},{"damage":2,"enemies":"2 Thieves","floor":18,"turns":5},{"damage":27,"enemies":"Spheric Guardian","floor":20,"turns":4},{"damage":10,"enemies":"3 Cultists","floor":22,"turns":5},{"damage":3,"enemies":"Book of Stabbing","floor":23,"turns":5},{"damage":7,"enemies":"Sentry and Sphere","floor":25,"turns":4},{"damage":12,"enemies":"Slavers","floor":29,"turns":6},{"damage":0,"enemies":"Chosen and Byrds","floor":30,"turns":3},{"damage":0,"enemies":"3 Cultists","floor":31,"turns":4},{"damage":39,"enemies":"Automaton","floor":33,"turns":7},{"damage":0,"enemies":"3 Shapes","floor":35,"turns":4},{"damage":10,"enemies":"3 Darklings","floor":36,"turns":3},{"damage":12,"enemies":"Transient","floor":38,"turns":5},{"damage":41,"enemies":"Writhing Mass","floor":39,"turns":5},{"damage":17,"enemies":"Giant Head","floor":41,"turns":7},{"damage":0,"enemies":"4 Shapes","floor":45,"turns":3},{"damage":0,"enemies":"Jaw Worm Horde","floor":46,"turns":3},{"damage":22,"enemies":"Spire Growth","floor":48,"turns":4},{"damage":26,"enemies":"Donu and Deca","floor":50,"turns":10}],"seed_played":"-1178534649573002312","potions_obtained":[{"floor":1,"key":"SkillPotion"},{"floor":4,"key":"Regen Potion"},{"floor":6,"key":"SkillPotion"},{"floor":10,"key":"SmokeBomb"},{"floor":13,"key":"PowerPotion"}],"is_trial":false,"path_per_floor":["M","M","?","M","?","E","R","?","T","M","R","?","M","M","R","B",null,"M","?","M","$","M","E","R","M","T","$","R","E","M","M","R","B",null,"M","M","$","M","M","R","E","$","T","$","M","M","$","M","R","B",null],"character_chosen":"THE_SILENT","items_purchased":["Medical Kit","Acrobatics","Dash+1","Die Die Die+1","Noxious Fumes","Membership Card","Bandage Up","Well Laid Plans","Acrobatics","Whetstone","Bandage Up"],"campfire_rested":3,"item_purchase_floors":[21,21,21,27,27,37,37,37,37,42,47],"current_hp_per_floor":[76,76,61,60,60,57,57,57,57,54,54,45,45,43,43,52,77,75,77,50,50,40,37,60,53,53,53,53,41,41,41,41,27,77,77,67,67,59,22,45,32,32,32,32,32,32,32,18,41,48],"gold":24,"neow_bonus":"TEN_PERCENT_HP_BONUS","is_prod":false,"is_daily":false,"chose_seed":false,"campfire_upgraded":4,"win_rate":0,"timestamp":1561092023,"path_taken":["M","M","?","M","?","E","R","?","T","M","R","?","M","?","R","BOSS","M","?","M","$","M","E","R","M","T","$","R","E","?","M","R","BOSS","M","M","$","M","M","R","E","$","T","$","M","M","?","M","R","BOSS"],"build_version":"2019-01-23","purchased_purges":0,"victory":true,"max_hp_per_floor":[77,77,77,77,77,77,77,77,77,77,77,77,77,77,77,77,77,77,77,77,77,77,77,77,77,77,77,77,77,77,77,77,77,77,77,77,77,77,77,77,77,77,77,77,77,77,77,77,77,77],"card_choices":[{"not_picked":["Bane","Reflex","Dodge and Roll"],"picked":"SKIP","floor":1},{"not_picked":["Expertise","Prepared"],"picked":"PiercingWail","floor":2},{"not_picked":["Escape Plan","Catalyst"],"picked":"Backflip","floor":4},{"not_picked":["Heel Hook","Catalyst"],"picked":"Noxious Fumes","floor":6},{"not_picked":["Dagger Throw+1","Eviscerate+1"],"picked":"Dash+1","floor":10},{"not_picked":["Skewer+1","Backflip"],"picked":"Crippling Poison","floor":12},{"not_picked":["Underhanded Strike+1","Prepared"],"picked":"Bane+1","floor":13},{"not_picked":["Poisoned Stab+1","Eviscerate+1"],"picked":"Dagger Throw+1","floor":14},{"not_picked":["Burst","Storm of Steel"],"picked":"Glass Knife+1","floor":16},{"not_picked":["Slice+1","Deflect","Underhanded Strike+1"],"picked":"SKIP","floor":18},{"not_picked":["Outmaneuver+1","Slice+1"],"picked":"Flying Knee+1","floor":20},{"not_picked":["Blade Dance+1","Prepared"],"picked":"Calculated Gamble","floor":22},{"not_picked":["Choke+1","Dagger Throw+1"],"picked":"Terror","floor":23},{"not_picked":["Terror","Unload+1"],"picked":"Cloak And Dagger+1","floor":25},{"not_picked":["Deadly Poison+1","Outmaneuver"],"picked":"Dash+1","floor":29},{"not_picked":["Deflect+1","Cloak And Dagger"],"picked":"PiercingWail+1","floor":30},{"not_picked":["Sucker Punch+1","Masterful Stab+1"],"picked":"Backstab+1","floor":31},{"not_picked":["Phantasmal Killer","Venomology"],"picked":"Bullet Time","floor":33},{"not_picked":["Underhanded Strike+1","Skewer+1","Dagger Spray+1"],"picked":"SKIP","floor":35},{"not_picked":["Dodge and Roll","Flechettes+1"],"picked":"Footwork","floor":36},{"not_picked":["Masterful Stab+1","Riddle With Holes+1"],"picked":"PiercingWail","floor":38},{"not_picked":["Outmaneuver","Slice+1"],"picked":"Cloak And Dagger+1","floor":39},{"not_picked":["Caltrops","Flechettes+1"],"picked":"Calculated Gamble+1","floor":41},{"not_picked":["Deflect","Dagger Throw+1"],"picked":"Footwork+1","floor":45},{"not_picked":["Deflect","Dodge and Roll+1"],"picked":"Poisoned Stab+1","floor":46},{"not_picked":["Prepared","Unload+1"],"picked":"Accuracy+1","floor":48}],"player_experience":358927,"relics_obtained":[{"floor":6,"key":"Pantograph"},{"floor":9,"key":"Molten Egg 2"},{"floor":12,"key":"Odd Mushroom"},{"floor":23,"key":"Happy Flower"},{"floor":26,"key":"The Courier"},{"floor":29,"key":"Gambling Chip"},{"floor":41,"key":"Art of War"},{"floor":43,"key":"Snake Skull"}],"event_choices":[{"damage_healed":0,"gold_gain":0,"player_choice":"Entered Light","damage_taken":15,"max_hp_gain":0,"max_hp_loss":0,"event_name":"Shining Light","floor":3,"gold_loss":0,"cards_upgraded":["Defend_G","Strike_G"]},{"damage_healed":0,"gold_gain":0,"player_choice":"Ignored","damage_taken":0,"max_hp_gain":0,"max_hp_loss":0,"event_name":"Golden Wing","floor":5,"gold_loss":0},{"damage_healed":0,"gold_gain":0,"player_choice":"Searched \u00271\u0027 times","damage_taken":0,"relics_obtained":["Lantern"],"max_hp_gain":0,"max_hp_loss":0,"event_name":"Dead Adventurer","floor":8,"gold_loss":0},{"damage_healed":0,"gold_gain":0,"player_choice":"Fought Mushrooms","damage_taken":0,"max_hp_gain":0,"max_hp_loss":0,"event_name":"Mushrooms","floor":12,"gold_loss":0},{"cards_removed":["Crippling Poison"],"damage_healed":2,"gold_gain":0,"player_choice":"Offered Uncommon","damage_taken":0,"max_hp_gain":0,"max_hp_loss":0,"event_name":"Bonfire Elementals","floor":19,"gold_loss":0}],"is_beta":false,"boss_relics":[{"not_picked":["HoveringKite","Snecko Eye"],"picked":"Sozu"},{"not_picked":["Black Star","White Beast Statue"],"picked":"Philosopher\u0027s Stone"}],"items_purged_floors":[],"is_endless":false,"potions_floor_spawned":[1,4,6,10,13,18,23,25,30,36,46,48],"ascension_level":0}