{"gold_per_floor":[14,30,30,48,63,63,63,63,63,63,81,106,149,149,149,149],"floor_reached":16,"playtime":536,"items_purged":[],"score":199,"play_id":"646a4371-cb49-4730-b5bb-d1596429493f","local_time":"20190116151154","is_ascension_mode":true,"campfire_choices":[{"data":"Feed","floor":6,"key":"SMITH"},{"data":"Bash","floor":8,"key":"SMITH"},{"data":"Pommel Strike","floor":10,"key":"SMITH"},{"data":"Uppercut","floor":15,"key":"SMITH"}],"neow_cost":"NO_GOLD","seed_source_timestamp":16640997662320,"circlet_count":0,"master_deck":["AscendersBane","Strike_R","Strike_R+1","Strike_R","Strike_R","Strike_R","Defend_R","Defend_R","Defend_R+1","Defend_R","Bash+1","Feed+1","Pommel Strike+1","Rampage","Headbutt","Iron Wave","Uppercut+1","Shrug It Off"],"relics":["Burning Blood","Golden Idol","Bird Faced Urn","Thread and Needle"],"potions_floor_usage":[11,13,13],"damage_taken":[{"damage":1,"enemies":"Cultist","floor":1,"turns":3},{"damage":10,"enemies":"Small Slimes","floor":2,"turns":4},{"damage":2,"enemies":"Jaw Worm","floor":4,"turns":3},{"damage":8,"enemies":"2 Fungi Beasts","floor":5,"turns":6},{"damage":12,"enemies":"Exordium Wildlife","floor":11,"turns":4},{"damage":11,"enemies":"Looter","floor":12,"turns":2},{"damage":15,"enemies":"Lagavulin","floor":13,"turns":5},{"damage":53,"enemies":"Slime Boss","floor":16,"turns":10}],"seed_played":"5770531877887940201","potions_obtained":[{"floor":2,"key":"Fruit Juice"},{"floor":5,"key":"EssenceOfSteel"},{"floor":11,"key":"FearPotion"}],"is_trial":false,"path_per_floor":["M","M","?","M","M","R","?","R","T","R","M","M","E","?","R","B"],"character_chosen":"IRONCLAD","items_purchased":[],"campfire_rested":0,"item_purchase_floors":[],"current_hp_per_floor":[76,75,51,58,59,59,59,59,59,59,62,61,52,52,52,0],"gold":149,"neow_bonus":"THREE_RARE_CARDS","is_prod":false,"is_daily":false,"chose_seed":false,"campfire_upgraded":4,"win_rate":0,"timestamp":1547651514,"path_taken":["M","?","?","M","M","R","?","R","T","R","M","M","E","?","R","BOSS"],"build_version":"2019-01-10","purchased_purges":0,"victory":false,"max_hp_per_floor":[78,81,81,84,87,87,79,79,79,79,88,92,92,92,92,92],"card_choices":[{"not_picked":["Berserk","Impervious"],"picked":"Feed","floor":0},{"not_picked":["Havoc","Clothesline"],"picked":"Pommel Strike","floor":1},{"not_picked":["Rupture","Battle Trance"],"picked":"Rampage","floor":2},{"not_picked":["Fire Breathing","Dropkick"],"picked":"Headbutt","floor":4},{"not_picked":["Armaments","Cleave"],"picked":"Iron Wave","floor":5},{"not_picked":["Clothesline","Rupture","Sentinel"],"picked":"SKIP","floor":11},{"not_picked":["Clothesline","Combust"],"picked":"Uppercut","floor":12},{"not_picked":["Seeing Red","Combust"],"picked":"Shrug It Off","floor":13}],"player_experience":1155049,"relics_obtained":[{"floor":9,"key":"Bird Faced Urn"},{"floor":13,"key":"Thread and Needle"}],"event_choices":[{"damage_healed":0,"gold_gain":0,"player_choice":"Entered Light","damage_taken":24,"max_hp_gain":0,"max_hp_loss":0,"event_name":"Shining Light","floor":3,"gold_loss":0,"cards_upgraded":["Strike_R","Defend_R"]},{"damage_healed":0,"gold_gain":0,"player_choice":"Lose Max HP","damage_taken":0,"relics_obtained":["Golden Idol"],"max_hp_gain":0,"max_hp_loss":8,"event_name":"Golden Idol","floor":7,"gold_loss":0},{"damage_healed":0,"gold_gain":0,"player_choice":"Ignored","damage_taken":0,"max_hp_gain":0,"max_hp_loss":0,"event_name":"Liars Game","floor":14,"gold_loss":0}],"is_beta":false,"boss_relics":[],"items_purged_floors":[],"is_endless":false,"potions_floor_spawned":[2,5,11,12],"killed_by":"Slime Boss","ascension_level":19}