{"gold_per_floor":[18,30,30,45,56,87,97,97,97,114,131,131,161,184,196,307,319,348,373,402,428,456,468,490,426,426,426,426],"floor_reached":28,"playtime":2452,"items_purged":[],"score":264,"play_id":"ad8561bc-e5aa-4856-8837-17bf97f60cf0","local_time":"20181225143512","is_ascension_mode":true,"campfire_choices":[{"data":"Sword Boomerang","floor":8,"key":"SMITH"},{"data":"Flex","floor":12,"key":"SMITH"},{"data":"Pummel","floor":15,"key":"SMITH"},{"data":"Flex","floor":23,"key":"SMITH"}],"neow_cost":"NO_GOLD","seed_source_timestamp":56233064913864,"circlet_count":0,"master_deck":["Strike_R","Strike_R","Strike_R","Strike_R","Strike_R","Defend_R","Defend_R","Defend_R","Defend_R","Bash","Twin Strike","Flex+1","Twin Strike","Headbutt","Sword Boomerang+1","Flex+1","Anger","Anger","Pummel+1","Limit Break","True Grit","Dual Wield","Iron Wave+1","Dual Wield","Anger+1","Flex","Inflame","Decay"],"relics":["Burning Blood","Bottled Lightning","Oddly Smooth Stone","MawBank","Runic Pyramid","Toxic Egg 2"],"potions_floor_usage":[5,5,19,20,28],"damage_taken":[{"damage":2,"enemies":"Jaw Worm","floor":1,"turns":6},{"damage":0,"enemies":"2 Louse","floor":2,"turns":3},{"damage":8,"enemies":"Small Slimes","floor":4,"turns":3},{"damage":3,"enemies":"Exordium Wildlife","floor":5,"turns":3},{"damage":21,"enemies":"3 Sentries","floor":6,"turns":8},{"damage":0,"enemies":"2 Fungi Beasts","floor":7,"turns":2},{"damage":8,"enemies":"Lots of Slimes","floor":10,"turns":3},{"damage":13,"enemies":"Blue Slaver","floor":11,"turns":3},{"damage":10,"enemies":"Looter","floor":14,"turns":2},{"damage":44,"enemies":"Slime Boss","floor":16,"turns":10},{"damage":24,"enemies":"2 Thieves","floor":18,"turns":3},{"damage":2,"enemies":"Chosen","floor":19,"turns":2},{"damage":7,"enemies":"Sentry and Sphere","floor":20,"turns":4},{"damage":24,"enemies":"Chosen and Byrds","floor":21,"turns":6},{"damage":11,"enemies":"Snecko","floor":22,"turns":4},{"damage":49,"enemies":"Snake Plant","floor":24,"turns":5},{"damage":0,"enemies":"Colosseum Slavers","floor":28,"turns":1}],"seed_played":"-4069226367128606346","potions_obtained":[{"floor":1,"key":"Energy Potion"},{"floor":4,"key":"Poison Potion"},{"floor":11,"key":"GamblersBrew"},{"floor":14,"key":"Block Potion"},{"floor":19,"key":"Regen Potion"},{"floor":20,"key":"SpeedPotion"},{"floor":24,"key":"GamblersBrew"}],"is_trial":false,"path_per_floor":["M","M","?","M","M","E","M","R","T","M","M","R","?","M","R","B",null,"M","M","M","M","M","R","M","$","T","?","?"],"character_chosen":"IRONCLAD","items_purchased":["Inflame"],"campfire_rested":0,"item_purchase_floors":[25],"current_hp_per_floor":[96,96,96,94,96,81,87,87,87,85,78,78,78,74,74,36,96,78,82,81,63,58,58,15,15,15,15,15],"gold":426,"neow_bonus":"TWENTY_PERCENT_HP_BONUS","is_prod":false,"is_daily":false,"chose_seed":false,"campfire_upgraded":4,"win_rate":0,"timestamp":1545777312,"path_taken":["M","M","?","M","M","E","M","R","T","M","M","R","?","M","R","BOSS","M","M","M","M","M","R","M","$","T","?","?"],"build_version":"2018-12-20","purchased_purges":0,"victory":false,"max_hp_per_floor":[96,96,96,96,96,96,96,96,96,96,96,96,96,96,96,96,96,96,96,96,96,96,96,96,96,96,96,96],"card_choices":[{"not_picked":["Blood for Blood","Intimidate"],"picked":"Twin Strike","floor":1},{"not_picked":["Combust","Cleave"],"picked":"Flex","floor":2},{"not_picked":["Clothesline","Blood for Blood"],"picked":"Twin Strike","floor":4},{"not_picked":["Perfected Strike","True Grit"],"picked":"Headbutt","floor":5},{"not_picked":["Searing Blow","Fiend Fire"],"picked":"Sword Boomerang","floor":6},{"not_picked":["Clothesline","Intimidate"],"picked":"Flex","floor":7},{"not_picked":["Twin Strike","Intimidate"],"picked":"Anger","floor":10},{"not_picked":["Clash","Fire Breathing"],"picked":"Anger","floor":11},{"not_picked":["Infernal Blade","Brutality"],"picked":"Pummel","floor":14},{"not_picked":["Fiend Fire","Demon Form"],"picked":"Limit Break","floor":16},{"not_picked":["Clash","Rampage+1"],"picked":"True Grit","floor":18},{"not_picked":["Cleave","Combust"],"picked":"Dual Wield","floor":19},{"not_picked":["Thunderclap","Shockwave"],"picked":"Iron Wave+1","floor":20},{"not_picked":["Second Wind","Iron Wave+1"],"picked":"Dual Wield","floor":21},{"not_picked":["Sword Boomerang","Flame Barrier"],"picked":"Anger+1","floor":22},{"not_picked":["Clothesline","Twin Strike"],"picked":"Flex","floor":24}],"player_experience":102129,"relics_obtained":[{"floor":6,"key":"Bottled Lightning"},{"floor":9,"key":"Oddly Smooth Stone"},{"floor":26,"key":"Toxic Egg 2"}],"event_choices":[{"damage_healed":0,"gold_gain":0,"player_choice":"Leave","damage_taken":0,"max_hp_gain":0,"max_hp_loss":0,"event_name":"The Cleric","floor":3,"gold_loss":0},{"damage_healed":0,"gold_gain":30,"player_choice":"Searched \u00272\u0027 times","damage_taken":0,"relics_obtained":["MawBank"],"max_hp_gain":0,"max_hp_loss":0,"event_name":"Dead Adventurer","floor":13,"gold_loss":0},{"damage_healed":0,"gold_gain":0,"player_choice":"Smashed Altar","damage_taken":0,"max_hp_gain":0,"max_hp_loss":0,"event_name":"Forgotten Altar","floor":27,"gold_loss":0,"cards_obtained":["Decay"]},{"damage_healed":0,"gold_gain":0,"player_choice":"Fight","damage_taken":0,"max_hp_gain":0,"max_hp_loss":0,"event_name":"Colosseum","floor":28,"gold_loss":0}],"is_beta":false,"boss_relics":[{"not_picked":["Empty Cage","Lizard Tail"],"picked":"Runic Pyramid"}],"items_purged_floors":[],"is_endless":false,"potions_floor_spawned":[1,4,11,14,19,20,24],"killed_by":"Colosseum Slavers","ascension_level":1}