{"gold_per_floor":[113,63,63,80,80,110,184,228,294,322,334],"floor_reached":11,"playtime":813,"items_purged":[],"score":85,"play_id":"6e7d4680-9a6a-4d4c-851f-d143f5326dff","local_time":"20190627211539","is_ascension_mode":true,"campfire_choices":[],"neow_cost":"NONE","seed_source_timestamp":1130200976394835,"circlet_count":0,"master_deck":["Strike_R","Strike_R","Strike_R","Defend_R","Defend_R","Defend_R","Defend_R+1","Bash","Anger","Seeing Red+1","Dropkick","Dual Wield","Headbutt"],"relics":["Velvet Choker","MawBank","PreservedInsect","Letter Opener","War Paint"],"potions_floor_usage":[],"damage_taken":[{"damage":0,"enemies":"Small Slimes","floor":1,"turns":3},{"damage":0,"enemies":"2 Louse","floor":4,"turns":2},{"damage":33,"enemies":"3 Sentries","floor":6,"turns":11},{"damage":16,"enemies":"Lagavulin Event","floor":7,"turns":5},{"damage":16,"enemies":"Lagavulin","floor":8,"turns":7},{"damage":3,"enemies":"Jaw Worm","floor":10,"turns":2},{"damage":8,"enemies":"2 Fungi Beasts","floor":11,"turns":2}],"seed_played":"-892774579205907428","potions_obtained":[{"floor":6,"key":"GamblersBrew"},{"floor":10,"key":"Dexterity Potion"}],"is_trial":false,"path_per_floor":["M","?","?","M","$","E","?","E","T","M","M"],"character_chosen":"IRONCLAD","items_purchased":[],"campfire_rested":0,"item_purchase_floors":[],"current_hp_per_floor":[80,80,73,73,73,40,24,8,8,5,0],"gold":334,"neow_bonus":"BOSS_RELIC","is_prod":false,"is_daily":false,"chose_seed":false,"campfire_upgraded":0,"win_rate":0,"timestamp":1561641339,"path_taken":["M","?","?","M","?","E","?","E","T","?","M"],"build_version":"2019-01-23","purchased_purges":0,"victory":false,"max_hp_per_floor":[80,80,80,80,80,80,80,80,80,80,80],"card_choices":[{"not_picked":["Perfected Strike","True Grit","Wild Strike"],"picked":"SKIP","floor":1},{"not_picked":["Dual Wield","Burning Pact"],"picked":"Anger","floor":4},{"not_picked":["Searing Blow","Immolate"],"picked":"Seeing Red","floor":6},{"not_picked":["Shrug It Off","Iron Wave"],"picked":"Dropkick","floor":7},{"not_picked":["Cleave","Combust"],"picked":"Dual Wield","floor":8},{"not_picked":["Reckless Charge","Rupture"],"picked":"Headbutt","floor":10}],"player_experience":18436,"relics_obtained":[{"floor":6,"key":"MawBank"},{"floor":8,"key":"Letter Opener"},{"floor":9,"key":"War Paint"}],"event_choices":[{"cards_removed":["Strike_R"],"damage_healed":0,"gold_gain":0,"player_choice":"Card Removal","damage_taken":0,"max_hp_gain":0,"max_hp_loss":0,"event_name":"The Cleric","floor":2,"gold_loss":50},{"cards_removed":["Strike_R"],"damage_healed":0,"gold_gain":0,"player_choice":"Card Removal","damage_taken":7,"max_hp_gain":0,"max_hp_loss":0,"event_name":"Golden Wing","floor":3,"gold_loss":0},{"damage_healed":0,"gold_gain":0,"player_choice":"Searched \u00272\u0027 times","damage_taken":0,"relics_obtained":["PreservedInsect"],"max_hp_gain":0,"max_hp_loss":0,"event_name":"Dead Adventurer","floor":7,"gold_loss":0}],"is_beta":false,"boss_relics":[],"items_purged_floors":[],"is_endless":false,"potions_floor_spawned":[6,10],"killed_by":"2 Fungi Beasts","ascension_level":1}