{"gold_per_floor":[15,31,41,41,5,30,30,65,88,102,128,128,47,47,47,123,123,134,150,169,2,2,33,33,61,61,61,78,3,30,30,30,102,102,113,128,128,31,49,80,93,93,119,119,151,169,169,169,169,169],"floor_reached":51,"playtime":2633,"items_purged":["Strike_R"],"score":1461,"play_id":"cddd1ec2-7748-42f1-90e7-fd8f8699b125","local_time":"20190330170313","is_ascension_mode":true,"campfire_choices":[{"data":"Pommel Strike","floor":7,"key":"SMITH"},{"floor":12,"key":"REST"},{"data":"Spot Weakness","floor":15,"key":"SMITH"},{"floor":24,"key":"RECALL"},{"floor":27,"key":"REST"},{"floor":32,"key":"REST"},{"data":"Strike_R","floor":42,"key":"PURGE"},{"data":"Strike_R","floor":47,"key":"PURGE"},{"data":"Warcry","floor":49,"key":"PURGE"}],"neow_cost":"NO_GOLD","seed_source_timestamp":835682707615556,"circlet_count":0,"master_deck":["AscendersBane","Defend_R+1","Defend_R","Defend_R","Bash","Pommel Strike+1","Thunderclap","Reaper","Inflame","Offering","Shockwave","Spot Weakness+1","Armaments+1","Flame Barrier","Power Through","J.A.X.","Ghostly Armor","Feed","Sever Soul","Feed","Madness","Madness","Inflame+1","Flex","Seeing Red+1","Demon Form+1"],"relics":["Burning Blood","Juzu Bracelet","Potion Belt","Bronze Scales","Bag of Preparation","Singing Bowl","Fusion Hammer","Anchor","Frozen Egg 2","War Paint","Regal Pillow","Pen Nib","Runic Pyramid","Peace Pipe","Blood Vial","Meat on the Bone"],"potions_floor_usage":[8,11,20,23,28,33,40,45],"damage_taken":[{"damage":1,"enemies":"2 Louse","floor":1,"turns":3},{"damage":12,"enemies":"Small Slimes","floor":2,"turns":4},{"damage":4,"enemies":"Jaw Worm","floor":3,"turns":4},{"damage":30,"enemies":"Gremlin Nob","floor":6,"turns":5},{"damage":30,"enemies":"3 Sentries","floor":8,"turns":6},{"damage":19,"enemies":"Blue Slaver","floor":10,"turns":4},{"damage":22,"enemies":"Gremlin Nob","floor":11,"turns":4},{"damage":46,"enemies":"Hexaghost","floor":16,"turns":8},{"damage":29,"enemies":"2 Thieves","floor":18,"turns":4},{"damage":17,"enemies":"Shell Parasite","floor":19,"turns":4},{"damage":6,"enemies":"3 Cultists","floor":20,"turns":4},{"damage":24,"enemies":"Book of Stabbing","floor":23,"turns":4},{"damage":11,"enemies":"Slavers","floor":25,"turns":3},{"damage":10,"enemies":"Snake Plant","floor":28,"turns":4},{"damage":24,"enemies":"Book of Stabbing","floor":30,"turns":6},{"damage":93,"enemies":"Collector","floor":33,"turns":8},{"damage":18,"enemies":"Orb Walker","floor":35,"turns":3},{"damage":4,"enemies":"3 Shapes","floor":36,"turns":4},{"damage":12,"enemies":"Maw","floor":39,"turns":6},{"damage":61,"enemies":"Nemesis","floor":40,"turns":7},{"damage":39,"enemies":"Sphere and 2 Shapes","floor":41,"turns":5},{"damage":33,"enemies":"Reptomancer","floor":45,"turns":5},{"damage":12,"enemies":"3 Darklings","floor":46,"turns":5},{"damage":72,"enemies":"Time Eater","floor":50,"turns":7}],"seed_played":"6579540445592283681","potions_obtained":[{"floor":3,"key":"PowerPotion"},{"floor":6,"key":"Swift Potion"},{"floor":10,"key":"Block Potion"},{"floor":16,"key":"GamblersBrew"},{"floor":19,"key":"SkillPotion"},{"floor":20,"key":"Energy Potion"},{"floor":23,"key":"Swift Potion"},{"floor":25,"key":"PowerPotion"},{"floor":35,"key":"Strength Potion"},{"floor":36,"key":"SpeedPotion"}],"is_trial":false,"path_per_floor":["M","M","M","?","?","E","R","E","T","M","E","R","$","T","R","B",null,"M","M","M","$","?","E","R","E","T","R","M","$","E","$","R","B",null,"M","M","?","$","M","E","M","R","T","?","E","M","R","?","R","B",null],"character_chosen":"IRONCLAD","items_purchased":["Spot Weakness","Anchor","Inflame+1","Flex"],"campfire_rested":3,"item_purchase_floors":[13,21,38,38],"current_hp_per_floor":[73,67,69,69,69,49,49,43,43,36,29,51,51,51,51,34,66,68,57,77,77,77,77,77,77,77,77,75,75,78,78,79,7,61,66,92,75,75,97,73,87,87,87,87,108,116,116,116,116,116],"gold":169,"neow_bonus":"REMOVE_TWO","is_prod":false,"is_daily":false,"chose_seed":false,"campfire_upgraded":2,"win_rate":0,"timestamp":1553979793,"path_taken":["M","M","M","?","?","E","R","E","T","M","E","R","?","?","R","BOSS","M","M","M","$","?","E","R","E","T","R","M","$","E","$","R","BOSS","M","M","?","$","M","E","M","R","T","?","E","M","R","?","R","BOSS"],"build_version":"2019-01-23","purchased_purges":1,"victory":true,"max_hp_per_floor":[75,75,75,75,75,75,75,75,75,75,75,75,75,75,75,77,77,77,77,77,77,77,77,77,77,77,77,79,79,79,79,79,79,79,84,92,92,92,97,101,110,110,110,110,114,116,116,116,116,116],"card_choices":[{"not_picked":["Heavy Blade","Iron Wave"],"picked":"Pommel Strike","floor":1},{"not_picked":["Sentinel","Body Slam"],"picked":"Thunderclap","floor":2},{"not_picked":["Sword Boomerang","Infernal Blade"],"picked":"Warcry","floor":3},{"not_picked":["Havoc","Burning Pact"],"picked":"Inflame","floor":6},{"not_picked":["Dark Embrace","Body Slam"],"picked":"Offering","floor":8},{"not_picked":["Evolve","Sword Boomerang","Clash"],"picked":"SKIP","floor":10},{"not_picked":["Twin Strike","Flex"],"picked":"Shockwave","floor":11},{"not_picked":["Barricade","Berserk","Offering"],"picked":"Singing Bowl","floor":16},{"not_picked":["Uppercut","Body Slam"],"picked":"Armaments","floor":18},{"not_picked":["True Grit","Power Through"],"picked":"Flame Barrier","floor":19},{"not_picked":["Heavy Blade","Carnage"],"picked":"Power Through","floor":20},{"not_picked":["Evolve","Anger"],"picked":"Ghostly Armor","floor":23},{"not_picked":["Infernal Blade","Clothesline"],"picked":"Feed","floor":25},{"not_picked":["Perfected Strike","Havoc","True Grit"],"picked":"Singing Bowl","floor":28},{"not_picked":["Corruption+1","Hemokinesis"],"picked":"Sever Soul","floor":30},{"not_picked":["Berserk+1","Juggernaut+1"],"picked":"Feed","floor":33},{"not_picked":["Headbutt","Iron Wave","Bloodletting"],"picked":"Singing Bowl","floor":35},{"not_picked":["Perfected Strike","Clothesline+1","Sword Boomerang"],"picked":"Singing Bowl","floor":36},{"not_picked":["Pummel","Sever Soul","Blood for Blood"],"picked":"Singing Bowl","floor":39},{"not_picked":["Sword Boomerang","Cleave"],"picked":"Seeing Red+1","floor":40},{"not_picked":["Evolve+1","Wild Strike+1","Combust+1"],"picked":"Singing Bowl","floor":41},{"not_picked":["Spot Weakness","Double Tap"],"picked":"Demon Form+1","floor":45},{"not_picked":["Armaments+1","Clothesline","Evolve+1"],"picked":"Singing Bowl","floor":46}],"player_experience":340528,"relics_obtained":[{"floor":6,"key":"Juzu Bracelet"},{"floor":8,"key":"Potion Belt"},{"floor":9,"key":"Bronze Scales"},{"floor":11,"key":"Bag of Preparation"},{"floor":14,"key":"Singing Bowl"},{"floor":23,"key":"Frozen Egg 2"},{"floor":25,"key":"War Paint"},{"floor":26,"key":"Regal Pillow"},{"floor":30,"key":"Pen Nib"},{"floor":40,"key":"Peace Pipe"},{"floor":43,"key":"Blood Vial"},{"floor":45,"key":"Meat on the Bone"}],"event_choices":[{"damage_healed":0,"gold_gain":0,"cards_transformed":["Strike_R"],"player_choice":"Change","damage_taken":0,"max_hp_gain":0,"max_hp_loss":0,"event_name":"Living Wall","floor":4,"gold_loss":0,"cards_obtained":["Reaper"]},{"damage_healed":0,"gold_gain":0,"player_choice":"Left Gold","damage_taken":0,"max_hp_gain":0,"max_hp_loss":0,"event_name":"World of Goop","floor":5,"gold_loss":36},{"damage_healed":0,"gold_gain":0,"player_choice":"Obtain J.A.X.","damage_taken":0,"max_hp_gain":0,"max_hp_loss":0,"event_name":"Drug Dealer","floor":22,"gold_loss":0,"cards_obtained":["J.A.X."]},{"damage_healed":0,"gold_gain":0,"player_choice":"Embrace Madness","damage_taken":17,"max_hp_gain":0,"max_hp_loss":0,"event_name":"Winding Halls","floor":37,"gold_loss":0,"cards_obtained":["Madness","Madness"]},{"damage_healed":0,"gold_gain":0,"player_choice":"Leave","damage_taken":0,"max_hp_gain":0,"max_hp_loss":0,"event_name":"FaceTrader","floor":44,"gold_loss":0},{"damage_healed":0,"gold_gain":0,"player_choice":"Ignored","damage_taken":0,"max_hp_gain":0,"max_hp_loss":0,"event_name":"Mysterious Sphere","floor":48,"gold_loss":0}],"is_beta":false,"boss_relics":[{"not_picked":["Calling Bell","Runic Dome"],"picked":"Fusion Hammer"},{"not_picked":["Astrolabe","Snecko Eye"],"picked":"Runic Pyramid"}],"items_purged_floors":[29],"is_endless":false,"potions_floor_spawned":[3,6,10,16,19,20,23,25,35,36],"ascension_level":16}