{"gold_per_floor":[110,385,402,417,417,444,71,90,114,129,161,184,145,179,179,282,282,299,333,432,432,449,449,465,465,465,484,515,515,576,84,84,186,186,199,349,399,198,210,260,294,307,332,332,399,434,434,466,466,466],"floor_reached":51,"playtime":2763,"items_purged":[],"score":1271,"play_id":"bf54dcbc-02d0-4586-b6fe-c8d24643af2a","local_time":"20190630115751","is_ascension_mode":true,"campfire_choices":[{"floor":15,"key":"REST"},{"data":"Zap","floor":23,"key":"SMITH"},{"data":"Self Repair","floor":25,"key":"SMITH"},{"data":"Hologram","floor":32,"key":"SMITH"},{"data":"Beam Cell","floor":44,"key":"SMITH"},{"floor":47,"key":"REST"},{"floor":49,"key":"REST"}],"neow_cost":"NONE","seed_source_timestamp":600525145071012,"circlet_count":0,"master_deck":["AscendersBane","Strike_B+1","Strike_B+1","Strike_B+1","Strike_B+1","Defend_B+1","Defend_B+1","Defend_B+1","Defend_B+1","Zap+1","Dualcast","Beam Cell+1","Ball Lightning","Sweeping Beam","Seek","Ball Lightning+1","Melter+1","Ball Lightning+1","Glacier","Glacier","Machine Learning","Steam","Doom and Gloom+1","Conserve Battery+1","Cold Snap+1","Hologram+1","Conserve Battery","Core Surge+1","Hyperbeam+1","Core Surge+1"],"relics":["Cracked Core","Spirit Poop","Ancient Tea Set","Molten Egg 2","Bronze Scales","Bag of Preparation","Smiling Mask","PreservedInsect","Philosopher\u0027s Stone","Red Mask","Kunai","Dream Catcher","SsserpentHead","Mercury Hourglass","Busted Crown","Dead Branch","ClockworkSouvenir","Pantograph","Boot","Orichalcum","Blood Vial"],"potions_floor_usage":[6,6,11,19,33,50,50],"damage_taken":[{"damage":4,"enemies":"Jaw Worm","floor":1,"turns":4},{"damage":2,"enemies":"Cultist","floor":3,"turns":3},{"damage":0,"enemies":"2 Louse","floor":4,"turns":2},{"damage":28,"enemies":"3 Sentries","floor":6,"turns":7},{"damage":16,"enemies":"Exordium Thugs","floor":8,"turns":4},{"damage":0,"enemies":"Exordium Wildlife","floor":10,"turns":2},{"damage":15,"enemies":"Lagavulin","floor":11,"turns":3},{"damage":5,"enemies":"3 Sentries","floor":14,"turns":6},{"damage":21,"enemies":"Slime Boss","floor":16,"turns":8},{"damage":0,"enemies":"Chosen","floor":18,"turns":4},{"damage":19,"enemies":"Masked Bandits","floor":19,"turns":4},{"damage":5,"enemies":"Shell Parasite","floor":22,"turns":4},{"damage":0,"enemies":"Sentry and Sphere","floor":24,"turns":2},{"damage":0,"enemies":"Chosen and Byrds","floor":27,"turns":3},{"damage":8,"enemies":"Book of Stabbing","floor":28,"turns":4},{"damage":0,"enemies":"Centurion and Healer","floor":30,"turns":4},{"damage":66,"enemies":"Collector","floor":33,"turns":9},{"damage":18,"enemies":"3 Darklings","floor":35,"turns":4},{"damage":4,"enemies":"Mind Bloom Boss Battle","floor":36,"turns":7},{"damage":0,"enemies":"3 Shapes","floor":39,"turns":3},{"damage":0,"enemies":"Nemesis","floor":41,"turns":5},{"damage":5,"enemies":"Transient","floor":42,"turns":5},{"damage":0,"enemies":"Jaw Worm Horde","floor":45,"turns":2},{"damage":15,"enemies":"Giant Head","floor":46,"turns":7},{"damage":44,"enemies":"Nemesis","floor":48,"turns":7},{"damage":24,"enemies":"Time Eater","floor":50,"turns":11}],"seed_played":"-5472958859353610299","potions_obtained":[{"floor":3,"key":"Fire Potion"},{"floor":4,"key":"Block Potion"},{"floor":8,"key":"FocusPotion"},{"floor":11,"key":"PowerPotion"},{"floor":18,"key":"Fire Potion"},{"floor":27,"key":"PowerPotion"},{"floor":33,"key":"EssenceOfSteel"},{"floor":36,"key":"Weak Potion"}],"is_trial":false,"path_per_floor":["M","?","M","M","?","E","$","M","T","M","E","T","?","E","R","B",null,"M","?","?","?","M","R","M","R","T","M","E","?","M","$","R","B",null,"M","?","?","$","M","?","E","M","T","R","M","E","R","E","R","B",null],"character_chosen":"DEFECT","items_purchased":["Molten Egg 2","Seek","Ball Lightning+1","Mercury Hourglass","Core Surge+1","Hyperbeam+1","ClockworkSouvenir"],"campfire_rested":3,"item_purchase_floors":[7,7,7,31,31,31,38],"current_hp_per_floor":[71,71,69,69,69,48,48,32,32,39,31,31,31,33,57,43,72,79,67,67,67,69,69,76,76,76,82,82,82,82,82,82,26,68,50,56,56,56,66,66,66,61,61,61,61,46,69,25,48,51],"gold":466,"neow_bonus":"TEN_PERCENT_HP_BONUS","is_prod":false,"is_daily":false,"chose_seed":false,"campfire_upgraded":4,"win_rate":0,"timestamp":1561910271,"path_taken":["M","?","M","?","?","E","$","?","T","?","E","?","?","E","R","BOSS","M","?","?","?","M","R","M","R","T","M","E","?","?","$","R","BOSS","M","?","?","$","M","?","E","M","T","R","?","E","R","E","R","BOSS"],"build_version":"2019-01-23","purchased_purges":0,"victory":true,"max_hp_per_floor":[82,82,82,82,82,82,82,82,82,82,82,82,82,82,82,82,82,82,82,82,82,82,82,82,82,82,82,82,82,82,82,82,82,82,82,82,78,78,78,78,78,78,78,78,78,78,78,78,78,78],"card_choices":[{"not_picked":["Barrage","Steam"],"picked":"Beam Cell","floor":1},{"not_picked":["Gash","Loop"],"picked":"Self Repair","floor":3},{"not_picked":["Hologram","Leap"],"picked":"Ball Lightning","floor":4},{"not_picked":["Gash","Leap"],"picked":"Sweeping Beam","floor":6},{"not_picked":["Reinforced Body","Go for the Eyes+1"],"picked":"Melter+1","floor":8},{"not_picked":["Coolheaded","Cold Snap+1"],"picked":"Ball Lightning+1","floor":10},{"not_picked":["Rip and Tear+1","All For One+1"],"picked":"Glacier","floor":11},{"not_picked":["Hello World","Blizzard+1"],"picked":"Glacier","floor":14},{"not_picked":["Meteor Strike+1","Creative AI"],"picked":"Machine Learning","floor":16},{"not_picked":["Reinforced Body","Barrage+1"],"picked":"Steam","floor":18},{"not_picked":["Go for the Eyes+1","Cold Snap+1"],"picked":"Doom and Gloom+1","floor":19},{"not_picked":["Double Energy","Steam"],"picked":"Conserve Battery+1","floor":22},{"not_picked":["Leap","Beam Cell+1"],"picked":"Cold Snap+1","floor":24},{"not_picked":["Blizzard+1","Machine Learning"],"picked":"Hologram","floor":27},{"not_picked":["Redo","Skim"],"picked":"Conserve Battery","floor":28},{"not_picked":["Conserve Battery+1","Go for the Eyes+1","Leap"],"picked":"SKIP","floor":30},{"not_picked":["Reboot","Multi-Cast"],"picked":"Core Surge+1","floor":33},{"not_picked":["Coolheaded"],"picked":"SKIP","floor":35},{"not_picked":["Gash+1"],"picked":"SKIP","floor":39},{"not_picked":["Sunder+1"],"picked":"SKIP","floor":41},{"not_picked":["Melter+1"],"picked":"SKIP","floor":42},{"not_picked":["Rebound+1"],"picked":"SKIP","floor":45},{"not_picked":["Recycle"],"picked":"SKIP","floor":46},{"not_picked":["Ball Lightning+1"],"picked":"SKIP","floor":48}],"player_experience":448236,"relics_obtained":[{"floor":6,"key":"Ancient Tea Set"},{"floor":9,"key":"Bronze Scales"},{"floor":11,"key":"Bag of Preparation"},{"floor":12,"key":"Smiling Mask"},{"floor":14,"key":"PreservedInsect"},{"floor":19,"key":"Red Mask"},{"floor":26,"key":"Kunai"},{"floor":28,"key":"Dream Catcher"},{"floor":36,"key":"Dead Branch"},{"floor":41,"key":"Pantograph"},{"floor":43,"key":"Boot"},{"floor":46,"key":"Orichalcum"},{"floor":48,"key":"Blood Vial"}],"event_choices":[{"damage_healed":0,"gold_gain":275,"player_choice":"Desecrate","damage_taken":0,"max_hp_gain":0,"max_hp_loss":0,"event_name":"Golden Shrine","floor":2,"gold_loss":0,"cards_obtained":["Regret"]},{"cards_removed":["Regret"],"damage_healed":0,"gold_gain":0,"player_choice":"Offered Curse","damage_taken":0,"relics_obtained":["Spirit Poop"],"max_hp_gain":0,"max_hp_loss":0,"event_name":"Bonfire Elementals","floor":5,"gold_loss":0},{"damage_healed":0,"gold_gain":0,"player_choice":"Left Gold","damage_taken":0,"max_hp_gain":0,"max_hp_loss":0,"event_name":"World of Goop","floor":13,"gold_loss":39},{"damage_healed":0,"gold_gain":0,"player_choice":"Fought Bandits","damage_taken":0,"max_hp_gain":0,"max_hp_loss":0,"event_name":"Masked Bandits","floor":19,"gold_loss":0},{"damage_healed":0,"gold_gain":99,"player_choice":"Stole From Cult","damage_taken":0,"max_hp_gain":0,"max_hp_loss":0,"event_name":"Nest","floor":20,"gold_loss":0},{"damage_healed":0,"gold_gain":0,"player_choice":"Simplicity","damage_taken":0,"max_hp_gain":0,"max_hp_loss":0,"event_name":"Back to Basics","floor":21,"gold_loss":0,"cards_upgraded":["Strike_B","Strike_B","Strike_B","Strike_B","Defend_B","Defend_B","Defend_B","Defend_B"]},{"damage_healed":0,"gold_gain":0,"player_choice":"Trade","damage_taken":0,"relics_obtained":["SsserpentHead"],"max_hp_gain":0,"max_hp_loss":0,"event_name":"FaceTrader","floor":29,"gold_loss":0},{"damage_healed":0,"gold_gain":0,"player_choice":"Fight","damage_taken":0,"max_hp_gain":0,"max_hp_loss":0,"event_name":"MindBloom","floor":36,"gold_loss":0},{"damage_healed":0,"gold_gain":0,"player_choice":"Max HP","damage_taken":0,"max_hp_gain":0,"max_hp_loss":4,"event_name":"Winding Halls","floor":37,"gold_loss":0},{"cards_removed":["Self Repair"],"damage_healed":0,"gold_gain":0,"player_choice":"Removed Power","damage_taken":0,"max_hp_gain":0,"max_hp_loss":0,"event_name":"Falling","floor":40,"gold_loss":0}],"is_beta":false,"boss_relics":[{"not_picked":["Snecko Eye","FrozenCore"],"picked":"Philosopher\u0027s Stone"},{"not_picked":["Astrolabe","Velvet Choker"],"picked":"Busted Crown"}],"items_purged_floors":[],"is_endless":false,"potions_floor_spawned":[3,4,8,11,18,27,30,33,35,36,41,42],"ascension_level":12}