{"gold_per_floor":[111,111,111,36,36,36,66,76,76,91,91,91,116,116,116,213,213,232,250,264,274,189,214,226,271,283,295,335,347,388,431,443,552,564,589,601,664,693,705,717,507,527,527,537,537,548,183,207,207,207,207,207,14,46,46],"floor_reached":56,"playtime":2998,"items_purged":["Defend_B"],"score":1311,"play_id":"dbab58d1-4473-499a-bfc0-f84d0f213ff5","local_time":"20190515011022","is_ascension_mode":false,"campfire_choices":[{"data":"Zap","floor":6,"key":"SMITH"},{"data":"Rip and Tear","floor":12,"key":"SMITH"},{"data":"Glacier","floor":15,"key":"SMITH"},{"data":"Dualcast","floor":24,"key":"SMITH"},{"floor":27,"key":"RECALL"},{"data":"Blizzard","floor":29,"key":"SMITH"},{"data":"Consume","floor":32,"key":"SMITH"},{"floor":40,"key":"REST"},{"floor":45,"key":"REST"},{"floor":49,"key":"REST"},{"floor":52,"key":"REST"}],"neow_cost":"NONE","seed_source_timestamp":857547048700400,"circlet_count":0,"master_deck":["Strike_B+1","Strike_B+1","Strike_B","Defend_B","Defend_B+1","Defend_B+1","Zap+1","Dualcast+1","Rip and Tear+1","Skim","BootSequence","Steam+1","FTL","Glacier+1","Reboot+1","Beam Cell+1","Compile Driver+1","Blizzard+1","Leap+1","Cold Snap+1","Rip and Tear+1","Consume+1","Echo Form","Glacier+1","Go for the Eyes+1","Melter","Coolheaded+1","Ball Lightning+1","Capacitor"],"relics":["FrozenCore","NeowsBlessing","Meat on the Bone","Centennial Puzzle","Bottled Flame","Omamori","MawBank","Oddly Smooth Stone","Pen Nib","WingedGreaves","Red Mask","Fusion Hammer","Prayer Wheel","Whetstone","Molten Egg 2","Vajra","War Paint","Happy Flower","Runic Capacitor","Pear"],"potions_floor_usage":[25,28,28,30,37,37,55],"damage_taken":[{"damage":0,"enemies":"Cultist","floor":1,"turns":1},{"damage":0,"enemies":"Gremlin Nob","floor":7,"turns":1},{"damage":0,"enemies":"Jaw Worm","floor":8,"turns":1},{"damage":0,"enemies":"2 Louse","floor":10,"turns":2},{"damage":10,"enemies":"3 Sentries","floor":13,"turns":6},{"damage":0,"enemies":"The Guardian","floor":16,"turns":14},{"damage":5,"enemies":"3 Byrds","floor":18,"turns":6},{"damage":0,"enemies":"Spheric Guardian","floor":19,"turns":4},{"damage":0,"enemies":"Centurion and Healer","floor":20,"turns":4},{"damage":1,"enemies":"Snecko","floor":21,"turns":6},{"damage":8,"enemies":"Snake Plant","floor":23,"turns":5},{"damage":0,"enemies":"Gremlin Leader","floor":25,"turns":8},{"damage":3,"enemies":"Slavers","floor":28,"turns":4},{"damage":0,"enemies":"Book of Stabbing","floor":30,"turns":5},{"damage":16,"enemies":"Masked Bandits","floor":31,"turns":5},{"damage":40,"enemies":"Champ","floor":33,"turns":9},{"damage":0,"enemies":"Orb Walker","floor":35,"turns":2},{"damage":28,"enemies":"2 Orb Walkers","floor":37,"turns":5},{"damage":1,"enemies":"3 Shapes","floor":38,"turns":5},{"damage":1,"enemies":"Jaw Worm Horde","floor":42,"turns":5},{"damage":0,"enemies":"Spire Growth","floor":44,"turns":5},{"damage":5,"enemies":"4 Shapes","floor":46,"turns":6},{"damage":15,"enemies":"Time Eater","floor":50,"turns":10},{"damage":0,"enemies":"Shield and Spear","floor":54,"turns":7},{"damage":98,"enemies":"The Heart","floor":55,"turns":14}],"seed_played":"-6974506313030111371","potions_obtained":[{"floor":1,"key":"SpeedPotion"},{"floor":10,"key":"SpeedPotion"},{"floor":16,"key":"PowerPotion"},{"floor":19,"key":"Fire Potion"},{"floor":21,"key":"EssenceOfSteel"},{"floor":25,"key":"FearPotion"},{"floor":31,"key":"Energy Potion"},{"floor":35,"key":"Ancient Potion"},{"floor":38,"key":"Regen Potion"}],"is_trial":false,"path_per_floor":["M","?","?","$","?","R","E","M","T","M","?","R","E","?","R","B",null,"M","M","M","M","?","M","R","E","T","R","E","R","E","?","R","B",null,"M","?","?","M","$","R","$","M","T","M","R","M","$","T","R","B",null,"R","$","E","B",null],"character_chosen":"DEFECT","items_purchased":["Whetstone","Melter","Capacitor","Vajra","War Paint","Runic Capacitor"],"campfire_rested":4,"item_purchase_floors":[41,41,47,47,47,53],"current_hp_per_floor":[75,72,57,57,57,57,57,57,57,57,62,62,52,52,52,52,80,75,75,75,74,74,66,66,66,66,66,63,63,63,47,47,19,80,80,76,48,47,47,69,69,68,68,68,76,71,71,71,76,61,76,76,76,86,15],"gold":46,"neow_bonus":"THREE_ENEMY_KILL","is_prod":false,"is_daily":false,"chose_seed":false,"campfire_upgraded":6,"win_rate":0,"timestamp":1557879022,"path_taken":["M","?","?","$","?","R","E","M","T","?","?","R","E","?","R","BOSS","M","M","M","M","?","M","R","E","T","R","E","R","E","?","R","BOSS","M","?","?","M","$","R","?","M","T","M","R","?","$","?","R","BOSS","R","$","E","BOSS"],"build_version":"2019-01-23","purchased_purges":1,"victory":true,"max_hp_per_floor":[75,75,75,75,75,75,75,75,75,75,80,80,80,80,80,80,80,80,80,80,80,80,80,80,80,80,80,80,80,80,80,80,80,80,80,76,76,76,76,76,76,76,76,76,76,76,76,76,76,76,76,76,76,86,86],"card_choices":[{"not_picked":["Hologram","Compile Driver"],"picked":"Rip and Tear","floor":1},{"not_picked":["Rebound","Genetic Algorithm"],"picked":"BootSequence","floor":7},{"not_picked":["Hello World","Beam Cell"],"picked":"Steam","floor":8},{"not_picked":["Rebound","Redo"],"picked":"FTL","floor":10},{"not_picked":["Tempest","Go for the Eyes"],"picked":"Glacier","floor":13},{"not_picked":["Thunder Strike","Fission"],"picked":"Reboot","floor":16},{"not_picked":["Redo","Sweeping Beam"],"picked":"Beam Cell+1","floor":18},{"not_picked":["Aggregate","Barrage"],"picked":"Compile Driver+1","floor":19},{"not_picked":["Coolheaded","Redo","Rip and Tear"],"picked":"SKIP","floor":20},{"not_picked":["Redo","Steam"],"picked":"Blizzard","floor":21},{"not_picked":["Barrage","Scrape"],"picked":"Leap+1","floor":23},{"not_picked":["Buffer","Creative AI"],"picked":"Cold Snap+1","floor":25},{"not_picked":["Streamline+1","Compile Driver"],"picked":"Rip and Tear+1","floor":28},{"not_picked":["Double Energy","Turbo","Rebound"],"picked":"SKIP","floor":30},{"not_picked":["Double Energy","Gash+1"],"picked":"Consume","floor":31},{"not_picked":["All For One","Rainbow"],"picked":"Echo Form","floor":33},{"not_picked":["Conserve Battery","Hello World+1","BootSequence+1"],"picked":"SKIP","floor":35},{"not_picked":["Cold Snap","White Noise"],"picked":"Glacier+1","floor":37},{"not_picked":["Sweeping Beam+1","Beam Cell+1"],"picked":"Go for the Eyes+1","floor":38},{"not_picked":["Darkness+1","Hologram","Barrage+1"],"picked":"SKIP","floor":38},{"not_picked":["Go for the Eyes+1","Gash","Rip and Tear+1"],"picked":"SKIP","floor":42},{"not_picked":["Consume+1","Loop","Redo"],"picked":"SKIP","floor":42},{"not_picked":["Sweeping Beam+1","Steam"],"picked":"Coolheaded+1","floor":44},{"not_picked":["Steam","Amplify","Beam Cell+1"],"picked":"SKIP","floor":44},{"not_picked":["Self Repair+1","Steam Power+1"],"picked":"Ball Lightning+1","floor":46},{"not_picked":["Chill","Hello World","Leap+1"],"picked":"SKIP","floor":46},{"not_picked":["Glacier+1","Ball Lightning+1","Cold Snap+1"],"picked":"SKIP","floor":54}],"player_experience":1267805,"relics_obtained":[{"floor":7,"key":"Centennial Puzzle"},{"floor":9,"key":"Bottled Flame"},{"floor":13,"key":"Omamori"},{"floor":25,"key":"Oddly Smooth Stone"},{"floor":28,"key":"Pen Nib"},{"floor":30,"key":"WingedGreaves"},{"floor":31,"key":"Red Mask"},{"floor":37,"key":"Prayer Wheel"},{"floor":43,"key":"Molten Egg 2"},{"floor":48,"key":"Happy Flower"},{"floor":54,"key":"Pear"}],"event_choices":[{"damage_healed":0,"gold_gain":0,"player_choice":"Success","damage_taken":3,"relics_obtained":["Meat on the Bone"],"max_hp_gain":0,"max_hp_loss":0,"event_name":"Scrap Ooze","floor":2,"gold_loss":0},{"damage_healed":0,"gold_gain":0,"player_choice":"Entered Light","damage_taken":15,"max_hp_gain":0,"max_hp_loss":0,"event_name":"Shining Light","floor":3,"gold_loss":0,"cards_upgraded":["Defend_B","Defend_B"]},{"damage_healed":0,"gold_gain":0,"cards_transformed":["Strike_B"],"player_choice":"Transformed","damage_taken":0,"max_hp_gain":0,"max_hp_loss":0,"event_name":"Transmorgrifier","floor":5,"gold_loss":0,"cards_obtained":["Skim"]},{"damage_healed":0,"gold_gain":0,"player_choice":"Donut","damage_taken":0,"max_hp_gain":5,"max_hp_loss":0,"event_name":"Big Fish","floor":11,"gold_loss":0},{"damage_healed":0,"gold_gain":0,"player_choice":"Bought 0 Potions","damage_taken":0,"max_hp_gain":0,"max_hp_loss":0,"event_name":"The Woman in Blue","floor":14,"gold_loss":0},{"damage_healed":0,"gold_gain":0,"player_choice":"Obtained Relic","damage_taken":0,"relics_obtained":["MawBank"],"max_hp_gain":0,"max_hp_loss":0,"event_name":"Addict","floor":22,"gold_loss":85},{"damage_healed":0,"gold_gain":0,"player_choice":"Fought Bandits","damage_taken":0,"max_hp_gain":0,"max_hp_loss":0,"event_name":"Masked Bandits","floor":31,"gold_loss":0},{"damage_healed":0,"gold_gain":0,"player_choice":"Max HP","damage_taken":0,"max_hp_gain":0,"max_hp_loss":4,"event_name":"Winding Halls","floor":36,"gold_loss":0},{"damage_healed":0,"gold_gain":0,"player_choice":"Fight","damage_taken":0,"max_hp_gain":0,"max_hp_loss":0,"event_name":"Mysterious Sphere","floor":37,"gold_loss":0}],"is_beta":false,"boss_relics":[{"not_picked":["Black Star","Snecko Eye"],"picked":"FrozenCore"},{"not_picked":["Runic Pyramid","Coffee Dripper"],"picked":"Fusion Hammer"}],"items_purged_floors":[4],"is_endless":false,"potions_floor_spawned":[1,10,16,19,21,25,31,35,38],"ascension_level":0}