{"gold_per_floor":[111,131,131,150,160,160,160,187,187,212,162,337,337,350,350,423,423,436,436,453,17,30,30],"floor_reached":23,"playtime":920,"items_purged":["Zap"],"score":332,"play_id":"68c9803f-1df4-4ca9-a0b1-fb8c44e6c8f7","local_time":"20190630212704","is_ascension_mode":true,"campfire_choices":[{"floor":6,"key":"REST"},{"floor":13,"key":"REST"},{"data":"Fission","floor":15,"key":"SMITH"}],"neow_cost":"NONE","seed_source_timestamp":636539105855209,"circlet_count":0,"master_deck":["AscendersBane","Strike_B","Strike_B","Strike_B","Strike_B","Defend_B","Defend_B","Defend_B+1","Defend_B","Zap","Dualcast+1","Doom and Gloom","Steam","Fission+1","Leap","Ball Lightning","Ball Lightning+1","Hologram","Electrodynamics","Loop","Auto Shields","Rainbow"],"relics":["Cracked Core","War Paint","Molten Egg 2","Singing Bowl","Potion Belt","Smiling Mask","Eternal Feather","Torii"],"potions_floor_usage":[8,16,16,23],"damage_taken":[{"damage":10,"enemies":"Jaw Worm","floor":1,"turns":4},{"damage":0,"enemies":"Cultist","floor":2,"turns":3},{"damage":4,"enemies":"Small Slimes","floor":4,"turns":4},{"damage":8,"enemies":"Looter","floor":5,"turns":4},{"damage":16,"enemies":"3 Sentries","floor":8,"turns":6},{"damage":23,"enemies":"Lagavulin","floor":10,"turns":6},{"damage":4,"enemies":"Exordium Wildlife","floor":14,"turns":3},{"damage":30,"enemies":"Hexaghost","floor":16,"turns":10},{"damage":1,"enemies":"Spheric Guardian","floor":18,"turns":3},{"damage":19,"enemies":"Shell Parasite","floor":20,"turns":5},{"damage":16,"enemies":"Centurion and Healer","floor":22,"turns":7},{"damage":33,"enemies":"Gremlin Leader","floor":23,"turns":7}],"seed_played":"-7712343297657559763","potions_obtained":[{"floor":1,"key":"Strength Potion"},{"floor":8,"key":"SpeedPotion"},{"floor":14,"key":"Regen Potion"},{"floor":18,"key":"FocusPotion"}],"is_trial":false,"path_per_floor":["M","M","?","M","M","R","T","E","T","E","$","?","R","M","R","B",null,"M","?","M","$","M","E"],"character_chosen":"DEFECT","items_purchased":["Torii","Rainbow"],"campfire_rested":2,"item_purchase_floors":[21,21],"current_hp_per_floor":[58,58,58,54,46,68,68,52,52,29,29,29,51,49,49,34,66,65,65,46,46,32,0],"gold":30,"neow_bonus":"RANDOM_COMMON_RELIC","is_prod":false,"is_daily":false,"chose_seed":false,"campfire_upgraded":1,"win_rate":0,"timestamp":1561944424,"path_taken":["M","M","?","M","?","R","?","E","T","E","$","?","R","M","R","BOSS","M","?","M","?","M","E"],"build_version":"2019-01-23","purchased_purges":1,"victory":false,"max_hp_per_floor":[75,75,75,75,75,75,75,75,75,75,75,75,75,77,77,77,77,77,77,77,77,79,79],"card_choices":[{"not_picked":["Chill","Leap"],"picked":"Doom and Gloom","floor":1},{"not_picked":["Turbo","Compile Driver"],"picked":"Steam","floor":2},{"not_picked":["Rebound","Fusion"],"picked":"Leap","floor":4},{"not_picked":["Stack","Cold Snap"],"picked":"Ball Lightning","floor":5},{"not_picked":["Barrage+1","Blizzard+1"],"picked":"Ball Lightning+1","floor":8},{"not_picked":["White Noise","Sunder+1"],"picked":"Hologram","floor":10},{"not_picked":["Fission","Coolheaded","Darkness"],"picked":"Singing Bowl","floor":14},{"not_picked":["Echo Form","All For One+1"],"picked":"Electrodynamics","floor":16},{"not_picked":["Leap","Go for the Eyes+1"],"picked":"Loop","floor":18},{"not_picked":["Cold Snap+1","Chaos"],"picked":"Auto Shields","floor":20},{"not_picked":["Hologram","Storm","Reprogram"],"picked":"Singing Bowl","floor":22}],"player_experience":452516,"relics_obtained":[{"floor":7,"key":"Molten Egg 2"},{"floor":8,"key":"Singing Bowl"},{"floor":9,"key":"Potion Belt"},{"floor":10,"key":"Smiling Mask"}],"event_choices":[{"damage_healed":0,"gold_gain":0,"player_choice":"2 cards matched","damage_taken":0,"max_hp_gain":0,"max_hp_loss":0,"event_name":"Match and Keep!","floor":3,"gold_loss":0,"cards_obtained":["Fission","Zap"]},{"damage_healed":0,"gold_gain":175,"player_choice":"AGREE","damage_taken":0,"max_hp_gain":0,"max_hp_loss":0,"event_name":"Liars Game","floor":12,"gold_loss":0,"cards_obtained":["Doubt"]},{"cards_removed":["Doubt"],"damage_healed":0,"gold_gain":0,"player_choice":"Removed Curses","damage_taken":0,"max_hp_gain":0,"max_hp_loss":0,"event_name":"Fountain of Cleansing","floor":19,"gold_loss":0}],"is_beta":false,"boss_relics":[{"not_picked":["White Beast Statue","Snecko Eye"],"picked":"Eternal Feather"}],"items_purged_floors":[11],"is_endless":false,"potions_floor_spawned":[1,8,14,18],"killed_by":"Gremlin Leader","ascension_level":13}