{"gold_per_floor":[111,111,111,34,209,209,209,232,232,120,143,176,197,232,232,356,356,372,388,61,84,84,84,128,128,151,151,151],"floor_reached":28,"playtime":1432,"items_purged":["Doubt","Injury"],"score":266,"play_id":"feb92322-44d2-46be-bda0-1256c9e8d42e","local_time":"20190705205316","is_ascension_mode":true,"campfire_choices":[{"data":"Neutralize","floor":6,"key":"SMITH"},{"data":"Predator","floor":15,"key":"SMITH"},{"data":"Noxious Fumes","floor":23,"key":"SMITH"},{"data":"Calculated Gamble","floor":25,"key":"SMITH"},{"floor":27,"key":"REST"}],"neow_cost":"NONE","seed_source_timestamp":99519158962333,"circlet_count":0,"master_deck":["Strike_G","Strike_G","Strike_G","Strike_G","Strike_G","Defend_G","Defend_G","Defend_G","Defend_G","Defend_G","Survivor+1","Neutralize+1","PiercingWail","Footwork","Predator+1","Footwork","Footwork","Quick Slash","Noxious Fumes+1","Malaise+1","Acrobatics","PiercingWail+1","Cloak And Dagger","Accuracy","Shame","Calculated Gamble+1"],"relics":["HoveringKite","PreservedInsect","Golden Idol","NlothsMask","Smiling Mask","Pear","Philosopher\u0027s Stone","War Paint","Regal Pillow","Boot","Ancient Tea Set","Art of War"],"potions_floor_usage":[14],"damage_taken":[{"damage":5,"enemies":"Small Slimes","floor":1,"turns":5},{"damage":12,"enemies":"Jaw Worm","floor":8,"turns":7},{"damage":0,"enemies":"2 Louse","floor":11,"turns":3},{"damage":1,"enemies":"Lagavulin","floor":12,"turns":8},{"damage":2,"enemies":"Large Slime","floor":13,"turns":9},{"damage":4,"enemies":"3 Sentries","floor":14,"turns":7},{"damage":14,"enemies":"Hexaghost","floor":16,"turns":14},{"damage":10,"enemies":"Shell Parasite","floor":18,"turns":9},{"damage":7,"enemies":"Chosen","floor":19,"turns":9},{"damage":43,"enemies":"Gremlin Leader","floor":24,"turns":8},{"damage":39,"enemies":"3 Cultists","floor":28,"turns":6}],"seed_played":"-168090050771537520","potions_obtained":[{"floor":8,"key":"FairyPotion"},{"floor":11,"key":"AttackPotion"},{"floor":16,"key":"FearPotion"},{"floor":18,"key":"FearPotion"}],"is_trial":false,"path_per_floor":["M","?","?","$","?","R","?","M","T","$","M","E","M","E","R","B",null,"M","M","$","T","?","R","E","R","T","R","M"],"character_chosen":"THE_SILENT","items_purchased":["Footwork","Footwork","Cloak And Dagger","Accuracy","War Paint"],"campfire_rested":1,"item_purchase_floors":[4,10,20,20,20],"current_hp_per_floor":[65,47,47,47,47,47,47,35,35,35,35,34,32,38,38,24,80,70,63,63,63,63,63,20,20,20,59,20],"gold":151,"neow_bonus":"BOSS_RELIC","is_prod":false,"is_daily":false,"chose_seed":false,"campfire_upgraded":4,"win_rate":0,"timestamp":1562385196,"path_taken":["M","?","?","?","?","R","?","?","T","$","?","E","M","E","R","BOSS","M","?","$","?","?","R","E","R","T","R","M"],"build_version":"2019-07-05","purchased_purges":2,"victory":false,"max_hp_per_floor":[70,70,70,70,70,70,70,70,70,70,70,70,70,80,80,80,80,80,80,80,80,80,80,80,80,80,80,80],"card_choices":[{"not_picked":["Leg Sweep","Prepared"],"picked":"PiercingWail","floor":1},{"not_picked":["Bane","Underhanded Strike"],"picked":"Predator","floor":8},{"not_picked":["Masterful Stab","Deflect","Choke"],"picked":"SKIP","floor":11},{"not_picked":["Bane","Dodge and Roll"],"picked":"Footwork","floor":12},{"not_picked":["Dagger Spray","Flechettes"],"picked":"Quick Slash","floor":13},{"not_picked":["Storm of Steel","All Out Attack"],"picked":"Noxious Fumes","floor":14},{"not_picked":["Wraith Form v2","Corpse Explosion"],"picked":"Malaise","floor":16},{"not_picked":["Outmaneuver","PiercingWail"],"picked":"Acrobatics","floor":18},{"not_picked":["Quick Slash","Dagger Throw+1"],"picked":"PiercingWail+1","floor":19},{"not_picked":["Endless Agony","Masterful Stab"],"picked":"Calculated Gamble","floor":24}],"player_experience":554580,"relics_obtained":[{"floor":12,"key":"Smiling Mask"},{"floor":14,"key":"Pear"},{"floor":21,"key":"Regal Pillow"},{"floor":24,"key":"Ancient Tea Set"},{"floor":26,"key":"Art of War"}],"event_choices":[{"damage_healed":0,"gold_gain":0,"player_choice":"Success","damage_taken":18,"relics_obtained":["PreservedInsect"],"max_hp_gain":0,"max_hp_loss":0,"event_name":"Scrap Ooze","floor":2,"gold_loss":0},{"damage_healed":0,"gold_gain":0,"player_choice":"Take Wound","damage_taken":0,"relics_obtained":["Golden Idol"],"max_hp_gain":0,"max_hp_loss":0,"event_name":"Golden Idol","floor":3,"gold_loss":0,"cards_obtained":["Injury"]},{"damage_healed":0,"gold_gain":175,"player_choice":"AGREE","damage_taken":0,"max_hp_gain":0,"max_hp_loss":0,"event_name":"Liars Game","floor":5,"gold_loss":0,"cards_obtained":["Doubt"]},{"damage_healed":0,"gold_gain":0,"player_choice":"Trade","damage_taken":0,"relics_obtained":["NlothsMask"],"max_hp_gain":0,"max_hp_loss":0,"event_name":"FaceTrader","floor":7,"gold_loss":0},{"damage_healed":0,"gold_gain":0,"player_choice":"Stole Relic","damage_taken":0,"relics_obtained":["Boot"],"max_hp_gain":0,"max_hp_loss":0,"event_name":"Addict","floor":22,"gold_loss":0,"cards_obtained":["Shame"]}],"is_beta":false,"boss_relics":[{"not_picked":["Empty Cage","Busted Crown"],"picked":"Philosopher\u0027s Stone"}],"items_purged_floors":[10,20],"is_endless":false,"potions_floor_spawned":[8,11,16,18],"killed_by":"3 Cultists","ascension_level":2}