{"gold_per_floor":[112,129,129,141,141,141,154,154,208,225,240,240,311,586,586,682,682,682],"floor_reached":18,"playtime":307,"items_purged":[],"score":152,"play_id":"596d62e3-2d6f-4e2a-901d-9bd2a6bdbca1","local_time":"20190608152255","is_ascension_mode":false,"campfire_choices":[{"data":"Bash","floor":6,"key":"SMITH"},{"data":"Sever Soul","floor":8,"key":"SMITH"},{"floor":12,"key":"REST"},{"data":"Sword Boomerang","floor":15,"key":"SMITH"}],"neow_cost":"NONE","seed_source_timestamp":4768555427774,"circlet_count":0,"master_deck":["Strike_R","Strike_R","Strike_R","Strike_R","Strike_R","Defend_R","Defend_R+1","Defend_R+1","Defend_R","Bash+1","Pommel Strike","Sever Soul+1","Anger","Iron Wave","Fiend Fire","Sword Boomerang+1","Regret","Immolate"],"relics":["Burning Blood","Boot","Snecko Eye"],"potions_floor_usage":[],"damage_taken":[{"damage":6,"enemies":"Cultist","floor":1,"turns":3},{"damage":0,"enemies":"2 Louse","floor":2,"turns":3},{"damage":11,"enemies":"Jaw Worm","floor":4,"turns":2},{"damage":13,"enemies":"Red Slaver","floor":7,"turns":4},{"damage":1,"enemies":"2 Fungi Beasts","floor":10,"turns":3},{"damage":13,"enemies":"Lots of Slimes","floor":11,"turns":4},{"damage":55,"enemies":"Hexaghost","floor":16,"turns":8},{"damage":0,"enemies":"3 Byrds","floor":18,"turns":1}],"seed_played":"1645569646625306523","potions_obtained":[{"floor":0,"key":"EntropicBrew"},{"floor":0,"key":"SneckoOil"},{"floor":0,"key":"SteroidPotion"}],"is_trial":false,"path_per_floor":["M","M","?","M","$","R","M","R","T","M","M","R","?","?","R","B",null,"M"],"character_chosen":"IRONCLAD","items_purchased":[],"campfire_rested":1,"item_purchase_floors":[],"current_hp_per_floor":[80,80,64,59,59,59,52,52,52,57,50,74,74,74,74,25,80,80],"gold":682,"neow_bonus":"THREE_SMALL_POTIONS","is_prod":false,"is_daily":false,"chose_seed":false,"campfire_upgraded":3,"win_rate":0,"timestamp":1560021775,"path_taken":["M","M","?","M","$","R","M","R","T","M","M","R","?","?","R","BOSS","M"],"build_version":"2019-01-23","purchased_purges":0,"victory":false,"max_hp_per_floor":[80,80,80,80,80,80,80,80,80,80,80,80,80,80,80,80,80,80],"card_choices":[{"not_picked":["Clash","Headbutt"],"picked":"Pommel Strike","floor":1},{"not_picked":["Body Slam","Combust"],"picked":"Sever Soul","floor":2},{"not_picked":["Fire Breathing","Corruption"],"picked":"Anger","floor":4},{"not_picked":["Intimidate","Havoc"],"picked":"Iron Wave","floor":7},{"not_picked":["Dual Wield","Warcry"],"picked":"Fiend Fire","floor":10},{"not_picked":["Iron Wave","Feel No Pain"],"picked":"Sword Boomerang","floor":11},{"not_picked":["Brutality","Offering"],"picked":"Immolate","floor":16}],"player_experience":406166,"relics_obtained":[{"floor":9,"key":"Boot"}],"event_choices":[{"damage_healed":0,"gold_gain":0,"player_choice":"Entered Light","damage_taken":16,"max_hp_gain":0,"max_hp_loss":0,"event_name":"Shining Light","floor":3,"gold_loss":0,"cards_upgraded":["Defend_R","Defend_R"]},{"damage_healed":0,"gold_gain":71,"player_choice":"Gained Gold","damage_taken":0,"max_hp_gain":0,"max_hp_loss":0,"event_name":"Golden Wing","floor":13,"gold_loss":0},{"damage_healed":0,"gold_gain":275,"player_choice":"Desecrate","damage_taken":0,"max_hp_gain":0,"max_hp_loss":0,"event_name":"Golden Shrine","floor":14,"gold_loss":0,"cards_obtained":["Regret"]}],"is_beta":false,"boss_relics":[{"not_picked":["Busted Crown","Empty Cage"],"picked":"Snecko Eye"}],"items_purged_floors":[],"is_endless":false,"potions_floor_spawned":[1,4,11],"killed_by":"3 Byrds","ascension_level":0}