{"gold_per_floor":[209,209,66,82,82,82,126,126,181,181,194,194,208,208,208,298,298,322,322],"floor_reached":19,"playtime":620,"items_purged":[],"score":330,"play_id":"59bd5d3c-12da-49e1-ade8-2322df83ea87","local_time":"20190127225623","is_ascension_mode":true,"campfire_choices":[{"data":"Zap","floor":6,"key":"SMITH"},{"data":"Beam Cell","floor":8,"key":"SMITH"},{"data":"Go for the Eyes","floor":10,"key":"SMITH"},{"floor":12,"key":"REST"},{"data":"Dualcast","floor":15,"key":"SMITH"}],"neow_cost":"NONE","seed_source_timestamp":325899235718100,"circlet_count":0,"master_deck":["AscendersBane","Strike_B","Strike_B","Strike_B","Strike_B","Defend_B","Defend_B","Defend_B","Defend_B","Zap+1","Dualcast+1","Go for the Eyes+1","FTL","Beam Cell+1","Steam","Melter","Reboot","Ball Lightning"],"relics":["Cracked Core","Tiny Chest","Golden Idol","Pantograph","Lantern","Sozu"],"potions_floor_usage":[7,16,19],"damage_taken":[{"damage":6,"enemies":"Small Slimes","floor":1,"turns":4},{"damage":2,"enemies":"Jaw Worm","floor":4,"turns":4},{"damage":38,"enemies":"Gremlin Nob","floor":7,"turns":4},{"damage":6,"enemies":"2 Louse","floor":11,"turns":2},{"damage":1,"enemies":"2 Fungi Beasts","floor":13,"turns":3},{"damage":35,"enemies":"The Guardian","floor":16,"turns":11},{"damage":29,"enemies":"Chosen","floor":18,"turns":5},{"damage":27,"enemies":"Masked Bandits","floor":19,"turns":3}],"seed_played":"2972413668846411810","potions_obtained":[{"floor":1,"key":"FearPotion"},{"floor":7,"key":"Weak Potion"},{"floor":16,"key":"SpeedPotion"}],"is_trial":false,"path_per_floor":["M","?","$","M","?","R","E","R","T","R","M","R","M","?","R","B",null,"M","?"],"character_chosen":"DEFECT","items_purchased":["Tiny Chest"],"campfire_rested":1,"item_purchase_floors":[3],"current_hp_per_floor":[58,58,58,56,56,56,18,18,18,18,12,31,30,30,30,20,53,24,0],"gold":322,"neow_bonus":"HUNDRED_GOLD","is_prod":false,"is_daily":false,"chose_seed":false,"campfire_upgraded":4,"win_rate":0,"timestamp":1548629783,"path_taken":["M","?","$","M","?","R","E","R","T","R","M","R","M","?","R","BOSS","M","?"],"build_version":"2019-01-23","purchased_purges":0,"victory":false,"max_hp_per_floor":[71,71,71,71,64,64,64,64,64,64,64,64,64,64,64,64,64,64,64],"card_choices":[{"not_picked":["Fusion","Aggregate"],"picked":"Go for the Eyes","floor":1},{"not_picked":["Barrage","Beam Cell"],"picked":"FTL","floor":4},{"not_picked":["Lockon","Sweeping Beam"],"picked":"Beam Cell","floor":7},{"not_picked":["Doom and Gloom","Stack"],"picked":"Steam","floor":11},{"not_picked":["Stack","Chill"],"picked":"Melter","floor":13},{"not_picked":["Creative AI","Rainbow"],"picked":"Reboot","floor":16},{"not_picked":["Turbo","Skim+1"],"picked":"Ball Lightning","floor":18}],"player_experience":1248208,"relics_obtained":[{"floor":7,"key":"Pantograph"},{"floor":9,"key":"Lantern"}],"event_choices":[{"damage_healed":0,"gold_gain":0,"player_choice":"Ignored","damage_taken":0,"max_hp_gain":0,"max_hp_loss":0,"event_name":"Golden Wing","floor":2,"gold_loss":0},{"damage_healed":0,"gold_gain":0,"player_choice":"Lose Max HP","damage_taken":0,"relics_obtained":["Golden Idol"],"max_hp_gain":0,"max_hp_loss":7,"event_name":"Golden Idol","floor":5,"gold_loss":0},{"damage_healed":0,"gold_gain":0,"player_choice":"Ignored","damage_taken":0,"max_hp_gain":0,"max_hp_loss":0,"event_name":"Liars Game","floor":14,"gold_loss":0},{"damage_healed":0,"gold_gain":0,"player_choice":"Fought Bandits","damage_taken":0,"max_hp_gain":0,"max_hp_loss":0,"event_name":"Masked Bandits","floor":19,"gold_loss":0}],"is_beta":false,"boss_relics":[{"not_picked":["Eternal Feather","Runic Pyramid"],"picked":"Sozu"}],"items_purged_floors":[],"is_endless":false,"potions_floor_spawned":[1,7,16],"killed_by":"Masked Bandits","ascension_level":20}