{"gold_per_floor":[114,129,144,144,319,319,334,334,409,409,424,439,454,454,454,554,554,569,584,584,307,222,222,22,22,22,37,67,82,82,12,12,112,112,127,142,157,172,172,172,202,217,217,232,332,332,347,347,347,347],"floor_reached":51,"playtime":16417,"items_purged":["Doubt"],"score":716,"play_id":"9fd773a6-a473-4c77-8ce2-4d5e66cb1bdd","local_time":"20190702214453","daily_mods":["Draft","Red Cards","Binary"],"is_ascension_mode":false,"campfire_choices":[{"data":"Ghostly Armor","floor":6.0,"key":"SMITH"},{"data":"Prepared","floor":8.0,"key":"SMITH"},{"data":"Anger","floor":10.0,"key":"SMITH"},{"floor":15.0,"key":"REST"},{"floor":23,"key":"REST"},{"data":"Prepared","floor":32,"key":"SMITH"},{"data":"Footwork","floor":40,"key":"SMITH"},{"data":"Bullet Time","floor":46,"key":"SMITH"},{"floor":49,"key":"REST"}],"neow_cost":"","seed_source_timestamp":0,"circlet_count":0,"master_deck":["Clothesline","Dodge and Roll","Noxious Fumes","Ghostly Armor+1","Rage+1","Backflip","Thunderclap","Bouncing Flask","Twin Strike","Acrobatics","Prepared+1","Shrug It Off","Backflip","Noxious Fumes","Iron Wave","Feel No Pain","Anger+1","Spot Weakness","Prepared+1","Ghostly Armor","Slice","Reaper","Armaments","PiercingWail","Deflect","Fire Breathing+1","Dagger Throw","Disarm","Bullet Time+1","Prepared+1","Footwork+1","Malaise","Backflip","Flex","Choke+1","Pommel Strike+1","Brutality","PiercingWail+1","Madness","Madness"],"special_seed":18079,"relics":["Ring of the Snake","Calipers","Mercury Hourglass","Black Star","Enchiridion","Oddly Smooth Stone","Ancient Tea Set","Sling","Paper Crane","Incense Burner","Omamori","Matryoshka","MutagenicStrength","Cursed Key","Strawberry","Bird Faced Urn","Centennial Puzzle","Happy Flower","Singing Bowl","Turnip"],"potions_floor_usage":[27,27,29,50,50],"damage_taken":[{"damage":4.0,"enemies":"Small Slimes","floor":1.0,"turns":3.0},{"damage":0.0,"enemies":"Jaw Worm","floor":2.0,"turns":3.0},{"damage":0.0,"enemies":"2 Louse","floor":3.0,"turns":3.0},{"damage":0.0,"enemies":"Large Slime","floor":7.0,"turns":5.0},{"damage":2.0,"enemies":"Looter","floor":11.0,"turns":4.0},{"damage":0.0,"enemies":"Exordium Wildlife","floor":12.0,"turns":4.0},{"damage":4.0,"enemies":"3 Louse","floor":13.0,"turns":3.0},{"damage":8.0,"enemies":"Slime Boss","floor":16.0,"turns":9.0},{"damage":7.0,"enemies":"Shell Parasite","floor":18.0,"turns":7.0},{"damage":13.0,"enemies":"Chosen","floor":19.0,"turns":5.0},{"damage":0,"enemies":"Centurion and Healer","floor":27,"turns":7},{"damage":5,"enemies":"Gremlin Leader","floor":28,"turns":6},{"damage":11,"enemies":"Chosen and Byrds","floor":29,"turns":5},{"damage":17,"enemies":"Automaton","floor":33,"turns":9},{"damage":0,"enemies":"Orb Walker","floor":35,"turns":4},{"damage":2,"enemies":"3 Shapes","floor":36,"turns":4},{"damage":8,"enemies":"3 Darklings","floor":37,"turns":5},{"damage":13,"enemies":"Writhing Mass","floor":38,"turns":6},{"damage":9,"enemies":"Reptomancer","floor":41,"turns":8},{"damage":22,"enemies":"Spire Growth","floor":42,"turns":5},{"damage":12,"enemies":"Sphere and 2 Shapes","floor":44,"turns":4},{"damage":0,"enemies":"Mind Bloom Boss Battle","floor":45,"turns":7},{"damage":1,"enemies":"3 Darklings","floor":47,"turns":2},{"damage":8,"enemies":"Donu and Deca","floor":50,"turns":9}],"seed_played":"-3418930284357478111","potions_obtained":[{"floor":2.0,"key":"GhostInAJar"},{"floor":3.0,"key":"PowerPotion"},{"floor":16.0,"key":"SkillPotion"},{"floor":27,"key":"Fruit Juice"},{"floor":28,"key":"PowerPotion"},{"floor":37,"key":"Weak Potion"},{"floor":44,"key":"Energy Potion"},{"floor":45,"key":"Weak Potion"},{"floor":47,"key":"Swift Potion"}],"is_trial":false,"path_per_floor":["M","M","M","?","?","R","M","R","T","R","M","M","M","?","R","B",null,"M","M","?","$","?","R","$","?","T","M","E","M","?","$","R","B",null,"M","M","M","M","?","R","E","M","T","M","?","R","M","?","R","B",null],"character_chosen":"THE_SILENT","items_purchased":["Oddly Smooth Stone","Deflect","Sling","Disarm"],"campfire_rested":3,"item_purchase_floors":[21,21,24,31],"current_hp_per_floor":[66,66,66,33,33,33,33,33,33,33,31,31,27,27,48,40,70,63,57,41,41,41,62,62,62,62,75,75,74,74,74,74,62,75,75,73,75,62,69,69,60,46,46,44,62,62,75,65,82,77],"gold":347,"neow_bonus":"","is_prod":false,"is_daily":true,"chose_seed":false,"campfire_upgraded":6,"win_rate":0,"timestamp":1562129093,"path_taken":["M","M","M","?","?","R","M","R","T","R","M","M","M","?","R","BOSS","M","M","?","$","?","R","$","?","T","M","E","?","?","?","R","BOSS","M","M","M","M","?","R","E","M","T","?","?","R","M","?","R","BOSS"],"build_version":"2019-07-01","purchased_purges":1,"victory":true,"max_hp_per_floor":[70,70,70,70,70,70,70,70,70,70,70,70,70,70,70,70,70,70,70,70,70,70,70,70,70,70,75,75,75,75,75,75,75,75,75,75,75,75,82,82,82,82,82,82,82,82,82,82,82,82],"card_choices":[{"not_picked":["Dodge and Roll","Tactician"],"picked":"Clothesline","floor":0.0},{"not_picked":["Outmaneuver","Slice"],"picked":"Dodge and Roll","floor":0.0},{"not_picked":["Backstab","Quick Slash"],"picked":"Noxious Fumes","floor":0.0},{"not_picked":["Pommel Strike","True Grit"],"picked":"Ghostly Armor","floor":0.0},{"not_picked":["Heavy Blade","Infernal Blade"],"picked":"Rage","floor":0.0},{"not_picked":["Slice","Acrobatics"],"picked":"Backflip","floor":0.0},{"not_picked":["Headbutt","Poisoned Stab"],"picked":"Thunderclap","floor":0.0},{"not_picked":["Body Slam","Underhanded Strike"],"picked":"Bouncing Flask","floor":0.0},{"not_picked":["Poisoned Stab","Prepared"],"picked":"Twin Strike","floor":0.0},{"not_picked":["Perfected Strike","Warcry"],"picked":"Acrobatics","floor":0.0},{"not_picked":["Warcry","Setup"],"picked":"Prepared","floor":0.0},{"not_picked":["Perfected Strike","Blade Dance"],"picked":"Shrug It Off","floor":0.0},{"not_picked":["Cloak And Dagger","Corruption"],"picked":"Backflip","floor":0.0},{"not_picked":["Warcry","Havoc"],"picked":"Noxious Fumes","floor":0.0},{"not_picked":["Terror","Thunderclap"],"picked":"Iron Wave","floor":0.0},{"not_picked":["Poisoned Stab"],"picked":"Feel No Pain","floor":1.0},{"not_picked":["Prepared"],"picked":"Anger","floor":2.0},{"not_picked":["True Grit","Perfected Strike"],"picked":"SKIP","floor":3.0},{"not_picked":["Anger"],"picked":"Spot Weakness","floor":7.0},{"not_picked":["Clash"],"picked":"Prepared","floor":11.0},{"not_picked":["Combust"],"picked":"Ghostly Armor","floor":12.0},{"not_picked":["True Grit"],"picked":"Slice","floor":13.0},{"not_picked":["Bullet Time"],"picked":"Reaper","floor":16.0},{"not_picked":["Clash"],"picked":"Armaments","floor":18.0},{"not_picked":["Body Slam"],"picked":"PiercingWail","floor":19},{"not_picked":["Heavy Blade","Sword Boomerang"],"picked":"SKIP","floor":27},{"not_picked":["Combust+1"],"picked":"Fire Breathing+1","floor":28},{"not_picked":["Acrobatics"],"picked":"Dagger Throw","floor":29},{"not_picked":["Reaper"],"picked":"Bullet Time","floor":33},{"not_picked":["Wild Strike+1"],"picked":"Prepared+1","floor":35},{"not_picked":["Anger+1"],"picked":"Footwork","floor":36},{"not_picked":["Dodge and Roll"],"picked":"Malaise","floor":37},{"not_picked":["Flying Knee"],"picked":"Backflip","floor":38},{"not_picked":["Perfected Strike"],"picked":"Flex","floor":41},{"not_picked":["True Grit"],"picked":"Choke+1","floor":42},{"not_picked":["Anger+1"],"picked":"Pommel Strike+1","floor":44},{"not_picked":["Warcry"],"picked":"Brutality","floor":45},{"not_picked":["Dagger Spray"],"picked":"PiercingWail+1","floor":47}],"player_experience":437627,"relics_obtained":[{"floor":9.0,"key":"Mercury Hourglass"},{"floor":20,"key":"Enchiridion"},{"floor":26,"key":"Incense Burner"},{"floor":28,"key":"Omamori"},{"floor":28,"key":"Matryoshka"},{"floor":41,"key":"Bird Faced Urn"},{"floor":41,"key":"Centennial Puzzle"},{"floor":43,"key":"Happy Flower"},{"floor":43,"key":"Singing Bowl"},{"floor":45,"key":"Turnip"}],"event_choices":[{"damage_healed":0.0,"max_hp_gain":0.0,"max_hp_loss":0.0,"gold_gain":0.0,"event_name":"Scrap Ooze","player_choice":"Success","floor":4.0,"gold_loss":0.0,"damage_taken":33.0,"relics_obtained":["Calipers"]},{"damage_healed":0.0,"max_hp_gain":0.0,"max_hp_loss":0.0,"gold_gain":175.0,"event_name":"Liars Game","player_choice":"AGREE","floor":5.0,"gold_loss":0.0,"damage_taken":0.0,"cards_obtained":["Doubt"]},{"damage_healed":0.0,"max_hp_gain":0.0,"max_hp_loss":0.0,"gold_gain":0.0,"event_name":"Living Wall","player_choice":"Grow","floor":14.0,"gold_loss":0.0,"damage_taken":0.0,"cards_upgraded":["Rage"]},{"damage_healed":0,"gold_gain":0,"player_choice":"Obtained Book","damage_taken":16,"max_hp_gain":0,"max_hp_loss":0,"event_name":"Cursed Tome","floor":20,"gold_loss":0},{"damage_healed":0,"gold_gain":0,"player_choice":"Obtained Relic","damage_taken":0,"relics_obtained":["Ancient Tea Set"],"max_hp_gain":0,"max_hp_loss":0,"event_name":"Addict","floor":22,"gold_loss":85},{"damage_healed":0,"gold_gain":0,"player_choice":"Opened","damage_taken":0,"relics_obtained":["Paper Crane"],"max_hp_gain":0,"max_hp_loss":0,"event_name":"The Mausoleum","floor":25,"gold_loss":0},{"damage_healed":0,"gold_gain":0,"player_choice":"Inject Mutagens","damage_taken":0,"relics_obtained":["MutagenicStrength"],"max_hp_gain":0,"max_hp_loss":0,"event_name":"Drug Dealer","floor":30,"gold_loss":0},{"damage_healed":0,"gold_gain":0,"player_choice":"Gave Potion","damage_taken":0,"relics_obtained":["Strawberry"],"max_hp_gain":0,"max_hp_loss":0,"event_name":"WeMeetAgain","floor":39,"gold_loss":0},{"damage_healed":0,"gold_gain":0,"player_choice":"Fight","damage_taken":0,"max_hp_gain":0,"max_hp_loss":0,"event_name":"MindBloom","floor":45,"gold_loss":0},{"damage_healed":0,"gold_gain":0,"player_choice":"Embrace Madness","damage_taken":10,"max_hp_gain":0,"max_hp_loss":0,"event_name":"Winding Halls","floor":48,"gold_loss":0,"cards_obtained":["Madness","Madness"]}],"is_beta":false,"boss_relics":[{"not_picked":["Empty Cage","Coffee Dripper"],"picked":"Black Star"},{"not_picked":["Philosopher\u0027s Stone","Fusion Hammer"],"picked":"Cursed Key"}],"items_purged_floors":[21],"is_endless":false,"potions_floor_spawned":[2,3,16,27,28,37,44,45,47],"ascension_level":0}