{"gold_per_floor":[211,60,60,75,75,110,110,121,121,136,171,181,181,199,199,272,272,284,294,313,313,326,354,365,25,52,52,64,64,64,64,64,141,141,161,161,161,161,161,161,195,195,245,245,265,2,2,18,18,18],"floor_reached":50,"playtime":1837,"items_purged":["Strike_R","Strike_R"],"score":900,"play_id":"d63257cc-de75-453f-a143-561e14b9ab96","local_time":"20190326223615","is_ascension_mode":true,"campfire_choices":[{"data":"Inflame","floor":7.0,"key":"SMITH"},{"floor":13,"key":"REST"},{"data":"True Grit","floor":15,"key":"SMITH"},{"floor":29,"key":"REST"},{"floor":32,"key":"REST"},{"floor":40,"key":"REST"},{"floor":44,"key":"REST"},{"floor":47,"key":"REST"},{"floor":49,"key":"REST"}],"neow_cost":"NONE","seed_source_timestamp":510849590451448,"circlet_count":0,"master_deck":["AscendersBane","Strike_R","Strike_R+1","Strike_R","Defend_R","Defend_R","Defend_R","Defend_R","Bash+1","Sword Boomerang","Inflame+1","Demon Form","Metallicize","Heavy Blade","True Grit+1","Immolate","Shrug It Off","Ghostly Armor","Pummel","Twin Strike","Armaments","Inflame","J.A.X.","Headbutt","Impervious","Shrug It Off","Dark Shackles","Madness","Madness","Heavy Blade"],"special_seed":0,"relics":["Burning Blood","Pear","Blood Vial","Nunchaku","Centennial Puzzle","Sozu","Juzu Bracelet","Lantern","Whetstone","Velvet Choker","Frozen Egg 2","Orichalcum","Bottled Lightning"],"potions_floor_usage":[41,50],"damage_taken":[{"damage":6.0,"enemies":"Jaw Worm","floor":1.0,"turns":4.0},{"damage":6.0,"enemies":"Cultist","floor":4.0,"turns":4.0},{"damage":30.0,"enemies":"Lagavulin","floor":6.0,"turns":6.0},{"damage":8.0,"enemies":"Small Slimes","floor":8.0,"turns":4.0},{"damage":15.0,"enemies":"3 Louse","floor":10.0,"turns":4.0},{"damage":30,"enemies":"3 Sentries","floor":11,"turns":6},{"damage":13,"enemies":"Large Slime","floor":12,"turns":4},{"damage":5,"enemies":"Blue Slaver","floor":14,"turns":5},{"damage":37,"enemies":"Hexaghost","floor":16,"turns":7},{"damage":20,"enemies":"2 Thieves","floor":18,"turns":4},{"damage":21,"enemies":"Spheric Guardian","floor":19,"turns":4},{"damage":6,"enemies":"Snecko","floor":20,"turns":5},{"damage":14,"enemies":"Centurion and Healer","floor":22,"turns":4},{"damage":20,"enemies":"Gremlin Leader","floor":23,"turns":5},{"damage":18,"enemies":"Snake Plant","floor":24,"turns":4},{"damage":3,"enemies":"Sentry and Sphere","floor":28,"turns":3},{"damage":13,"enemies":"Colosseum Slavers","floor":30,"turns":3},{"damage":75,"enemies":"Collector","floor":33,"turns":7},{"damage":6,"enemies":"Orb Walker","floor":35,"turns":2},{"damage":53,"enemies":"Giant Head","floor":41,"turns":8},{"damage":52,"enemies":"3 Darklings","floor":45,"turns":7},{"damage":19,"enemies":"4 Shapes","floor":48,"turns":3},{"damage":79,"enemies":"Awakened One","floor":50,"turns":6}],"seed_played":"234765530293951763","potions_obtained":[{"floor":4.0,"key":"Swift Potion"},{"floor":12,"key":"SteroidPotion"},{"floor":16,"key":"Energy Potion"}],"is_trial":false,"path_per_floor":["M","$","?","M","?","E","R","M","T","M","E","M","R","M","R","B",null,"M","M","M","?","M","E","M","$","T","?","M","R","?","?","R","B",null,"M","?","?","?","?","R","E","?","T","R","M","$","R","M","R","B"],"character_chosen":"IRONCLAD","items_purchased":["Inflame","Lantern","Inflame","Bottled Lightning"],"campfire_rested":7,"item_purchase_floors":[2,25,25,46],"current_hp_per_floor":[68,68,73,73,78,54,54,54,54,47,25,20,47,50,50,21,73,61,48,50,50,44,32,22,22,22,22,27,54,49,67,90,21,73,75,75,75,59,59,86,41,41,41,68,24,24,51,40,67,0],"gold":18,"neow_bonus":"HUNDRED_GOLD","is_prod":false,"is_daily":false,"chose_seed":false,"campfire_upgraded":2,"win_rate":0,"timestamp":1553654175,"path_taken":["M","$","?","M","?","E","R","M","T","M","E","M","R","M","R","BOSS","M","M","M","?","?","E","M","?","T","?","M","R","?","?","R","BOSS","M","?","?","?","?","R","E","?","T","R","M","$","R","M","R","BOSS"],"build_version":"2019-01-23","purchased_purges":2,"victory":false,"max_hp_per_floor":[75,75,80,80,90,90,90,90,90,90,90,90,90,90,90,90,90,90,90,90,90,90,90,90,90,90,90,90,90,90,90,90,90,90,90,90,90,90,90,90,90,90,90,90,90,90,90,90,90,90],"card_choices":[{"not_picked":["Iron Wave","Perfected Strike"],"picked":"Sword Boomerang","floor":1.0},{"not_picked":["Wild Strike","Entrench","Sentinel"],"picked":"SKIP","floor":4.0},{"not_picked":["Fire Breathing","Clothesline"],"picked":"Thunderclap","floor":6.0},{"not_picked":["Thunderclap","Clothesline"],"picked":"Demon Form","floor":8.0},{"not_picked":["Clothesline","Sentinel","Perfected Strike"],"picked":"SKIP","floor":10.0},{"not_picked":["Feel No Pain","Hemokinesis"],"picked":"Metallicize","floor":11},{"not_picked":["Pommel Strike","Twin Strike"],"picked":"Heavy Blade","floor":12},{"not_picked":["Carnage","Anger"],"picked":"True Grit","floor":14},{"not_picked":["Offering","Exhume"],"picked":"Immolate","floor":16},{"not_picked":["True Grit","Headbutt"],"picked":"Shrug It Off","floor":18},{"not_picked":["Clothesline+1","Warcry+1"],"picked":"Ghostly Armor","floor":19},{"not_picked":["Anger","Sword Boomerang"],"picked":"Pummel","floor":20},{"not_picked":["Burning Pact","Wild Strike","Cleave+1"],"picked":"SKIP","floor":22},{"not_picked":["Feel No Pain","Wild Strike"],"picked":"Twin Strike","floor":23},{"not_picked":["Searing Blow+1","Rampage"],"picked":"Armaments","floor":24},{"not_picked":["Burning Pact+1","True Grit"],"picked":"Headbutt","floor":28},{"not_picked":["Feed","Juggernaut"],"picked":"Impervious","floor":33},{"not_picked":["Uppercut","Intimidate"],"picked":"Shrug It Off","floor":35},{"not_picked":["Panache","Blind"],"picked":"Dark Shackles","floor":37},{"not_picked":["Iron Wave","Entrench","Fire Breathing"],"picked":"SKIP","floor":41},{"not_picked":["Havoc","Shrug It Off","Warcry"],"picked":"SKIP","floor":45},{"not_picked":["Pommel Strike","Wild Strike"],"picked":"Heavy Blade","floor":48}],"player_experience":330603,"relics_obtained":[{"floor":6.0,"key":"Blood Vial"},{"floor":9.0,"key":"Nunchaku"},{"floor":11,"key":"Centennial Puzzle"},{"floor":23,"key":"Juzu Bracelet"},{"floor":26,"key":"Whetstone"},{"floor":41,"key":"Frozen Egg 2"},{"floor":43,"key":"Orichalcum"}],"event_choices":[{"damage_healed":0.0,"max_hp_gain":5.0,"max_hp_loss":0.0,"gold_gain":0.0,"event_name":"Big Fish","player_choice":"Donut","floor":3.0,"gold_loss":0.0,"damage_taken":0.0},{"damage_healed":0.0,"max_hp_gain":0.0,"max_hp_loss":0.0,"gold_gain":0.0,"event_name":"Scrap Ooze","player_choice":"Success","floor":5.0,"gold_loss":0.0,"damage_taken":5.0,"relics_obtained":["Pear"]},{"damage_healed":0,"gold_gain":0,"player_choice":"0 cards matched","damage_taken":0,"max_hp_gain":0,"max_hp_loss":0,"event_name":"Match and Keep!","floor":21,"gold_loss":0,"cards_obtained":[]},{"damage_healed":0,"gold_gain":0,"player_choice":"Obtain J.A.X.","damage_taken":0,"max_hp_gain":0,"max_hp_loss":0,"event_name":"Drug Dealer","floor":27,"gold_loss":0,"cards_obtained":["J.A.X."]},{"damage_healed":0,"gold_gain":0,"player_choice":"Fight","damage_taken":0,"max_hp_gain":0,"max_hp_loss":0,"event_name":"Colosseum","floor":30,"gold_loss":0},{"damage_healed":0,"gold_gain":0,"player_choice":"Fled From Nobs","damage_taken":0,"max_hp_gain":0,"max_hp_loss":0,"event_name":"Colosseum","floor":30,"gold_loss":0},{"damage_healed":18,"gold_gain":0,"player_choice":"Heal","damage_taken":0,"max_hp_gain":0,"max_hp_loss":0,"event_name":"The Library","floor":31,"gold_loss":0},{"cards_removed":["Thunderclap"],"damage_healed":0,"gold_gain":0,"player_choice":"Removed Attack","damage_taken":0,"max_hp_gain":0,"max_hp_loss":0,"event_name":"Falling","floor":36,"gold_loss":0},{"damage_healed":0,"gold_gain":0,"player_choice":"Memory 1","damage_taken":0,"max_hp_gain":0,"max_hp_loss":0,"event_name":"SensoryStone","floor":37,"gold_loss":0},{"damage_healed":0,"gold_gain":0,"player_choice":"Embrace Madness","damage_taken":16,"max_hp_gain":0,"max_hp_loss":0,"event_name":"Winding Halls","floor":38,"gold_loss":0,"cards_obtained":["Madness","Madness"]},{"damage_healed":0,"gold_gain":0,"player_choice":"Ignored","damage_taken":0,"max_hp_gain":0,"max_hp_loss":0,"event_name":"Mysterious Sphere","floor":39,"gold_loss":0},{"damage_healed":0,"gold_gain":0,"player_choice":"Ignored","damage_taken":0,"max_hp_gain":0,"max_hp_loss":0,"event_name":"The Moai Head","floor":42,"gold_loss":0}],"is_beta":false,"boss_relics":[{"not_picked":["Busted Crown","Calling Bell"],"picked":"Sozu"},{"not_picked":["Philosopher\u0027s Stone","Fusion Hammer"],"picked":"Velvet Choker"}],"items_purged_floors":[2,25],"is_endless":false,"potions_floor_spawned":[4,12,14,16,18,23,30,45],"killed_by":"Awakened One","ascension_level":16}