{"gold_per_floor":[109,126,126,80,90,90,121,141,218,218,218,230,240,254,254,353,353,366,380,580,266,280,280,307,307,307,307,307,317,345,345,345,345],"floor_reached":33,"playtime":721,"items_purged":[],"score":287,"play_id":"ea581868-dc32-4a80-9c7b-9279e51eadf5","local_time":"20190608112826","is_ascension_mode":false,"campfire_choices":[{"data":"Perfected Strike","floor":6,"key":"SMITH"},{"floor":15,"key":"REST"},{"data":"Perfected Strike","floor":23,"key":"SMITH"},{"floor":25,"key":"REST"},{"floor":28,"key":"REST"},{"floor":32,"key":"REST"}],"neow_cost":"NONE","seed_source_timestamp":1878202845063445,"circlet_count":0,"master_deck":["Strike_R","Strike_R","Strike_R","Strike_R","Strike_R","Defend_R","Defend_R","Defend_R","Bash","Inflame","Perfected Strike+1","Pommel Strike","Twin Strike","Twin Strike","Shrug It Off","Perfected Strike+1","Feed","Immolate","Feed","Shrug It Off","Twin Strike","Perfected Strike"],"relics":["Burning Blood","Bag of Preparation","Du-Vu Doll","Question Card","Torii","Velvet Choker","Shuriken","Anchor","Red Skull","Dodecahedron"],"potions_floor_usage":[33],"damage_taken":[{"damage":14,"enemies":"Small Slimes","floor":1,"turns":4},{"damage":6,"enemies":"Cultist","floor":2,"turns":3},{"damage":11,"enemies":"Jaw Worm","floor":5,"turns":2},{"damage":27,"enemies":"3 Sentries","floor":7,"turns":5},{"damage":10,"enemies":"Exordium Thugs","floor":8,"turns":4},{"damage":3,"enemies":"Lots of Slimes","floor":12,"turns":3},{"damage":0,"enemies":"Large Slime","floor":13,"turns":4},{"damage":19,"enemies":"Gremlin Gang","floor":14,"turns":3},{"damage":60,"enemies":"The Guardian","floor":16,"turns":9},{"damage":12,"enemies":"Shell Parasite","floor":18,"turns":2},{"damage":11,"enemies":"2 Thieves","floor":19,"turns":3},{"damage":8,"enemies":"Centurion and Healer","floor":22,"turns":3},{"damage":53,"enemies":"Slavers","floor":24,"turns":4},{"damage":8,"enemies":"Snake Plant","floor":29,"turns":2},{"damage":18,"enemies":"Gremlin Leader","floor":30,"turns":4},{"damage":80,"enemies":"Automaton","floor":33,"turns":6}],"seed_played":"-9064628456848178529","potions_obtained":[{"floor":1,"key":"Ancient Potion"},{"floor":5,"key":"Weak Potion"},{"floor":7,"key":"FearPotion"},{"floor":18,"key":"PowerPotion"}],"is_trial":false,"path_per_floor":["M","M","?","$","M","R","E","M","T","?","T","M","M","M","R","B",null,"M","M","?","$","M","R","E","R","T","$","R","M","E","?","R","B"],"character_chosen":"IRONCLAD","items_purchased":["Pommel Strike","Immolate","Shuriken"],"campfire_rested":4,"item_purchase_floors":[4,21,21],"current_hp_per_floor":[72,72,72,72,67,67,46,42,42,42,42,45,51,38,62,8,80,74,69,69,69,70,70,23,47,47,47,71,72,60,52,77,0],"gold":345,"neow_bonus":"RANDOM_COMMON_RELIC","is_prod":false,"is_daily":false,"chose_seed":false,"campfire_upgraded":2,"win_rate":0,"timestamp":1560007706,"path_taken":["M","M","?","$","?","R","E","M","T","?","?","M","M","M","R","BOSS","M","M","?","?","?","R","E","R","T","$","R","M","E","?","R","BOSS"],"build_version":"2019-01-23","purchased_purges":0,"victory":false,"max_hp_per_floor":[80,80,80,80,80,80,80,80,80,80,80,80,80,80,80,80,80,80,80,80,80,83,83,83,83,83,83,83,86,86,86,86,86],"card_choices":[{"not_picked":["Wild Strike","Armaments"],"picked":"Inflame","floor":1},{"not_picked":["Whirlwind","Twin Strike"],"picked":"Perfected Strike","floor":2},{"not_picked":["Sever Soul","Entrench"],"picked":"Twin Strike","floor":5},{"not_picked":["Blood for Blood","Clothesline","Reckless Charge"],"picked":"SKIP","floor":7},{"not_picked":["Intimidate","Thunderclap"],"picked":"Twin Strike","floor":8},{"not_picked":["Second Wind","True Grit","Havoc"],"picked":"Shrug It Off","floor":12},{"not_picked":["Limit Break","Corruption","Twin Strike"],"picked":"Perfected Strike","floor":13},{"not_picked":["Anger","Flex","Clash","Heavy Blade"],"picked":"SKIP","floor":14},{"not_picked":["Exhume","Demon Form","Juggernaut"],"picked":"Feed","floor":16},{"not_picked":["Evolve","Thunderclap","Clash","Anger"],"picked":"SKIP","floor":18},{"not_picked":["Anger","Body Slam+1","Armaments","Corruption"],"picked":"SKIP","floor":19},{"not_picked":["Anger","Reckless Charge","Burning Pact"],"picked":"Feed","floor":22},{"not_picked":["Warcry+1","Intimidate","Evolve+1"],"picked":"Shrug It Off","floor":24},{"not_picked":["Evolve","Flame Barrier","Cleave"],"picked":"Twin Strike","floor":29},{"not_picked":["Fiend Fire","Armaments+1","Blood for Blood"],"picked":"Perfected Strike","floor":30}],"player_experience":401722,"relics_obtained":[{"floor":7,"key":"Du-Vu Doll"},{"floor":9,"key":"Question Card"},{"floor":11,"key":"Torii"},{"floor":24,"key":"Anchor"},{"floor":26,"key":"Red Skull"},{"floor":30,"key":"Dodecahedron"}],"event_choices":[{"cards_removed":["Defend_R"],"damage_healed":0,"gold_gain":0,"player_choice":"Purged","damage_taken":0,"max_hp_gain":0,"max_hp_loss":0,"event_name":"Purifier","floor":3,"gold_loss":0},{"damage_healed":0,"gold_gain":0,"player_choice":"Ignored","damage_taken":0,"max_hp_gain":0,"max_hp_loss":0,"event_name":"Shining Light","floor":10,"gold_loss":0},{"damage_healed":0,"gold_gain":250,"player_choice":"Bet on Owner","damage_taken":0,"max_hp_gain":0,"max_hp_loss":0,"event_name":"The Joust","floor":20,"gold_loss":50},{"damage_healed":0,"gold_gain":0,"player_choice":"","damage_taken":8,"max_hp_gain":0,"max_hp_loss":0,"event_name":"Knowing Skull","floor":31,"potions_obtained":[],"gold_loss":0,"cards_obtained":[]}],"is_beta":false,"boss_relics":[{"not_picked":["Runic Cube","Runic Dome"],"picked":"Velvet Choker"}],"items_purged_floors":[],"is_endless":false,"potions_floor_spawned":[1,5,7,14,18,19,29],"killed_by":"Automaton","ascension_level":0}