{"gold_per_floor":[113,0,13,13,27,27,53,67,90,15,33,33,33,52,52,124,174,184,22,22,39,39],"floor_reached":22,"playtime":769,"items_purged":["Strike_R"],"score":363,"play_id":"4a122507-257a-4f09-9963-36b420df09bb","local_time":"20190407162725","is_ascension_mode":true,"campfire_choices":[{"data":"Rupture","floor":6,"key":"SMITH"},{"floor":12,"key":"REST"},{"data":"Infernal Blade","floor":15,"key":"SMITH"}],"neow_cost":"CURSE","seed_source_timestamp":230672966521652,"circlet_count":0,"master_deck":["AscendersBane","Strike_R","Strike_R","Strike_R","Defend_R","Defend_R","Defend_R","Defend_R","Bash+1","Decay","Offering","Shockwave","Spot Weakness","Carnage","Heavy Blade","Infernal Blade+1","Rupture+1","Warcry","Demon Form","Rage","Brutality","Shrug It Off","Shrug It Off"],"relics":["Burning Blood","Art of War","Boot","Tiny House","Oddly Smooth Stone"],"potions_floor_usage":[16,21],"damage_taken":[{"damage":11,"enemies":"Small Slimes","floor":1,"turns":4},{"damage":8,"enemies":"Cultist","floor":3,"turns":3},{"damage":2,"enemies":"2 Louse","floor":5,"turns":2},{"damage":16,"enemies":"Gremlin Nob","floor":7,"turns":3},{"damage":18,"enemies":"Large Slime","floor":8,"turns":6},{"damage":11,"enemies":"Red Slaver","floor":11,"turns":2},{"damage":7,"enemies":"3 Louse","floor":14,"turns":5},{"damage":31,"enemies":"Slime Boss","floor":16,"turns":4},{"damage":33,"enemies":"2 Thieves","floor":18,"turns":5},{"damage":33,"enemies":"Shell Parasite","floor":21,"turns":4},{"damage":49,"enemies":"Snecko","floor":22,"turns":5}],"seed_played":"7578138952684255828","potions_obtained":[{"floor":1,"key":"BloodPotion"},{"floor":7,"key":"PowerPotion"},{"floor":17,"key":"SpeedPotion"}],"is_trial":false,"path_per_floor":["M","$","M","?","M","R","E","M","T","$","M","R","$","M","R","B",null,"M","$","$","M","M"],"character_chosen":"IRONCLAD","items_purchased":["Spot Weakness","Carnage","Oddly Smooth Stone"],"campfire_rested":1,"item_purchase_floors":[2,2,19],"current_hp_per_floor":[63,63,61,61,65,65,55,43,43,43,38,60,60,59,59,34,70,43,43,43,24,0],"gold":39,"neow_bonus":"THREE_RARE_CARDS","is_prod":false,"is_daily":false,"chose_seed":false,"campfire_upgraded":2,"win_rate":0,"timestamp":1554668845,"path_taken":["M","$","M","?","?","R","E","M","T","?","M","R","?","M","R","BOSS","M","?","$","M","M"],"build_version":"2019-01-23","purchased_purges":1,"victory":false,"max_hp_per_floor":[75,75,75,75,75,75,75,75,75,75,75,75,75,75,75,75,80,80,80,80,80,80],"card_choices":[{"not_picked":["Juggernaut","Barricade"],"picked":"Offering","floor":0},{"not_picked":["True Grit","Searing Blow"],"picked":"Shockwave","floor":1},{"not_picked":["Pommel Strike","Body Slam"],"picked":"Heavy Blade","floor":3},{"not_picked":["Cleave","Whirlwind"],"picked":"Rupture","floor":5},{"not_picked":["Body Slam","Thunderclap"],"picked":"Warcry","floor":7},{"not_picked":["Iron Wave","True Grit"],"picked":"Demon Form","floor":8},{"not_picked":["Corruption","Power Through"],"picked":"Rage","floor":11},{"not_picked":["Infernal Blade","Warcry","Combust"],"picked":"SKIP","floor":14},{"not_picked":["Demon Form","Barricade"],"picked":"Brutality","floor":16},{"not_picked":["Burning Pact","Disarm"],"picked":"Shrug It Off","floor":18},{"not_picked":["Headbutt","Cleave"],"picked":"Shrug It Off","floor":21}],"player_experience":360043,"relics_obtained":[{"floor":7,"key":"Art of War"},{"floor":9,"key":"Boot"}],"event_choices":[{"damage_healed":0,"gold_gain":0,"cards_transformed":["Strike_R"],"player_choice":"Transformed","damage_taken":0,"max_hp_gain":0,"max_hp_loss":0,"event_name":"Transmorgrifier","floor":4,"gold_loss":0,"cards_obtained":["Infernal Blade"]}],"is_beta":false,"boss_relics":[{"not_picked":["Snecko Eye","Runic Dome"],"picked":"Tiny House"}],"items_purged_floors":[10],"is_endless":false,"potions_floor_spawned":[1,7,8],"killed_by":"Snecko","ascension_level":19}