{"gold_per_floor":[110,121,138,149,149,149,174,185,239,239,255,255],"floor_reached":12,"playtime":348,"items_purged":[],"score":98,"play_id":"51e214c9-4c77-4c76-9f9e-dc45e07ae3c9","local_time":"20181231082937","is_ascension_mode":true,"campfire_choices":[{"data":"Redo","floor":6,"key":"SMITH"},{"data":"Self Repair","floor":10,"key":"SMITH"}],"neow_cost":"NONE","seed_source_timestamp":554821484452848,"circlet_count":0,"master_deck":["Strike_B","Strike_B","Strike_B","Strike_B","Defend_B","Defend_B","Defend_B","Defend_B","Zap","Dualcast","Storm","Conserve Battery","Conserve Battery","Redo+1","Self Repair+1","Redo"],"relics":["Cracked Core","NeowsBlessing","Anchor","Shuriken","Oddly Smooth Stone"],"potions_floor_usage":[11],"damage_taken":[{"damage":0,"enemies":"2 Louse","floor":1,"turns":1},{"damage":0,"enemies":"Cultist","floor":2,"turns":1},{"damage":0,"enemies":"Jaw Worm","floor":3,"turns":1},{"damage":6,"enemies":"Blue Slaver","floor":4,"turns":4},{"damage":45,"enemies":"Lagavulin","floor":7,"turns":8},{"damage":10,"enemies":"3 Louse","floor":8,"turns":4},{"damage":0,"enemies":"Red Slaver","floor":11,"turns":3},{"damage":22,"enemies":"3 Sentries","floor":12,"turns":4}],"seed_played":"3832275421170917030","potions_obtained":[{"floor":2,"key":"SteroidPotion"},{"floor":4,"key":"Explosive Potion"}],"is_trial":false,"path_per_floor":["M","M","M","M","?","R","E","M","T","R","M","E"],"character_chosen":"DEFECT","items_purchased":[],"campfire_rested":0,"item_purchase_floors":[],"current_hp_per_floor":[75,75,75,69,69,69,24,21,21,21,21,0],"gold":255,"neow_bonus":"THREE_ENEMY_KILL","is_prod":false,"is_daily":false,"chose_seed":false,"campfire_upgraded":2,"win_rate":0,"timestamp":1546273777,"path_taken":["M","M","M","M","?","R","E","M","T","R","M","E"],"build_version":"2018-12-20","purchased_purges":0,"victory":false,"max_hp_per_floor":[75,75,75,75,75,75,75,75,75,75,75,75],"card_choices":[{"not_picked":["Stack","Leap"],"picked":"Storm","floor":1},{"not_picked":["Ball Lightning","Go for the Eyes"],"picked":"Conserve Battery","floor":2},{"not_picked":["Blizzard","Lockon"],"picked":"Conserve Battery","floor":3},{"not_picked":["Steam","Ball Lightning"],"picked":"Redo","floor":4},{"not_picked":["Turbo","Static Discharge"],"picked":"Self Repair","floor":7},{"not_picked":["Gash","Rip and Tear"],"picked":"Redo","floor":8},{"not_picked":["Sweeping Beam","Beam Cell","Ball Lightning"],"picked":"SKIP","floor":11}],"player_experience":147224,"relics_obtained":[{"floor":7,"key":"Shuriken"},{"floor":9,"key":"Oddly Smooth Stone"}],"event_choices":[{"damage_healed":0,"gold_gain":0,"player_choice":"Gave Potion","damage_taken":0,"relics_obtained":["Anchor"],"max_hp_gain":0,"max_hp_loss":0,"event_name":"WeMeetAgain","floor":5,"gold_loss":0}],"is_beta":false,"boss_relics":[],"items_purged_floors":[],"is_endless":false,"potions_floor_spawned":[2,4],"killed_by":"3 Sentries","ascension_level":4}