{"gold_per_floor":[113,113,113,113,130,160,172,192,192,212,212,61,11,25,25,120,120,139,154,154,174,99,99,127,127,151,151,171,171,171,186,186,281,281,298,316,316,316,336,336,363,363,363,363,363,374,374],"floor_reached":47,"playtime":2157,"items_purged":[],"score":525,"play_id":"be14fd3d-36a7-45af-a10b-bb051c21e0f6","local_time":"20190514110052","is_ascension_mode":false,"campfire_choices":[{"data":"Go for the Eyes","floor":11,"key":"SMITH"},{"floor":15,"key":"RECALL"},{"data":"Dualcast","floor":23,"key":"SMITH"},{"data":"Scrape","floor":25,"key":"SMITH"},{"data":"J.A.X.","floor":29,"key":"SMITH"},{"floor":32,"key":"REST"},{"floor":40,"key":"REST"},{"data":"Chrysalis","floor":42,"key":"SMITH"}],"neow_cost":"NONE","seed_source_timestamp":807442274265700,"circlet_count":0,"master_deck":["Zap+1","Dualcast+1","Sweeping Beam","Auto Shields+1","Scrape+1","Leap+1","Gash","Go for the Eyes+1","Conserve Battery","Leap+1","Thunder Strike","Go for the Eyes+1","Gash","J.A.X.+1","Gash","Gash+1","All For One","Force Field+1","Genetic Algorithm+1","BootSequence+1","Chrysalis+1","Gash","Steam+1"],"relics":["Cracked Core","Calipers","Torii","Incense Burner","PreservedInsect","Sozu","Strawberry","War Paint","Astrolabe","Mercury Hourglass"],"potions_floor_usage":[6,16,16,16],"damage_taken":[{"damage":1,"enemies":"Cultist","floor":1,"turns":3},{"damage":3,"enemies":"Small Slimes","floor":5,"turns":3},{"damage":29,"enemies":"Lagavulin","floor":6,"turns":7},{"damage":1,"enemies":"Jaw Worm","floor":7,"turns":3},{"damage":8,"enemies":"3 Louse","floor":8,"turns":3},{"damage":0,"enemies":"2 Fungi Beasts","floor":10,"turns":3},{"damage":2,"enemies":"Lots of Slimes","floor":14,"turns":3},{"damage":5,"enemies":"The Guardian","floor":16,"turns":11},{"damage":9,"enemies":"Spheric Guardian","floor":18,"turns":4},{"damage":8,"enemies":"Shell Parasite","floor":19,"turns":9},{"damage":3,"enemies":"Cultist and Chosen","floor":21,"turns":7},{"damage":19,"enemies":"Slavers","floor":24,"turns":4},{"damage":5,"enemies":"Snake Plant","floor":28,"turns":6},{"damage":6,"enemies":"Centurion and Healer","floor":31,"turns":6},{"damage":49,"enemies":"Champ","floor":33,"turns":10},{"damage":11,"enemies":"3 Darklings","floor":35,"turns":3},{"damage":3,"enemies":"Orb Walker","floor":36,"turns":3},{"damage":46,"enemies":"Maw","floor":39,"turns":7},{"damage":6,"enemies":"Nemesis","floor":41,"turns":5},{"damage":20,"enemies":"Transient","floor":46,"turns":5},{"damage":27,"enemies":"Writhing Mass","floor":47,"turns":2}],"seed_played":"3170351629880337993","potions_obtained":[{"floor":5,"key":"Poison Potion"},{"floor":8,"key":"LiquidBronze"},{"floor":10,"key":"Fire Potion"},{"floor":14,"key":"FocusPotion"}],"is_trial":false,"path_per_floor":["M","?","?","?","M","E","M","M","T","M","R","$","?","M","R","B",null,"M","M","?","M","?","R","E","R","T","?","M","R","$","M","R","B",null,"M","M","?","?","M","R","E","R","T","?","?","M","M"],"character_chosen":"DEFECT","items_purchased":["PreservedInsect"],"campfire_rested":2,"item_purchase_floors":[12],"current_hp_per_floor":[74,71,71,71,68,39,38,30,30,30,30,30,30,28,28,23,75,66,58,58,55,55,55,43,43,43,43,38,38,38,32,56,7,82,71,68,68,68,22,46,40,40,40,40,40,20,0],"gold":374,"neow_bonus":"TRANSFORM_CARD","is_prod":false,"is_daily":false,"chose_seed":false,"campfire_upgraded":5,"win_rate":0,"timestamp":1557828052,"path_taken":["M","?","?","?","M","E","M","M","T","M","R","$","?","M","R","BOSS","M","M","?","?","?","R","E","R","T","?","M","R","?","M","R","BOSS","M","M","?","?","M","R","E","R","T","?","?","M","M"],"build_version":"2019-01-23","purchased_purges":0,"victory":false,"max_hp_per_floor":[75,75,75,75,75,75,75,75,75,75,75,75,75,75,75,75,75,75,75,75,75,75,75,82,82,82,82,82,82,82,82,82,82,82,82,82,82,82,82,82,82,82,82,82,78,78,78],"card_choices":[{"not_picked":["Hologram","Barrage"],"picked":"Auto Shields","floor":1},{"not_picked":["Streamline","Skim"],"picked":"Scrape","floor":5},{"not_picked":["Loop","Turbo"],"picked":"Leap","floor":6},{"not_picked":["Coolheaded","Barrage"],"picked":"Gash","floor":7},{"not_picked":["Blizzard","Sweeping Beam","Auto Shields"],"picked":"SKIP","floor":8},{"not_picked":["Biased Cognition","Barrage"],"picked":"Go for the Eyes","floor":10},{"not_picked":["Storm","Skim","Turbo"],"picked":"SKIP","floor":14},{"not_picked":["Reprogram","Heatsinks"],"picked":"Conserve Battery","floor":18},{"not_picked":["Static Discharge+1","Redo"],"picked":"Leap+1","floor":19},{"not_picked":["Sweeping Beam","Undo"],"picked":"Go for the Eyes+1","floor":21},{"not_picked":["Compile Driver","Rebound"],"picked":"Gash","floor":24},{"not_picked":["Echo Form","Recycle"],"picked":"Gash","floor":28},{"not_picked":["Blizzard","Sweeping Beam+1"],"picked":"Gash+1","floor":31},{"not_picked":["Reboot","Core Surge"],"picked":"All For One","floor":33},{"not_picked":["Fusion+1","Coolheaded","Rebound+1"],"picked":"SKIP","floor":35},{"not_picked":["Genetic Algorithm+1","Stack+1","Sweeping Beam+1"],"picked":"SKIP","floor":36},{"not_picked":["Mind Blast","PanicButton"],"picked":"Chrysalis","floor":38},{"not_picked":["Tempest","Leap"],"picked":"Gash","floor":39},{"not_picked":["Redo+1","Stack","Darkness"],"picked":"SKIP","floor":41},{"not_picked":["Chaos+1","Turbo+1"],"picked":"Steam+1","floor":46}],"player_experience":1265283,"relics_obtained":[{"floor":6,"key":"Torii"},{"floor":9,"key":"Incense Burner"},{"floor":24,"key":"Strawberry"},{"floor":26,"key":"War Paint"},{"floor":41,"key":"Mercury Hourglass"}],"event_choices":[{"damage_healed":0,"gold_gain":0,"player_choice":"Success","damage_taken":3,"relics_obtained":["Calipers"],"max_hp_gain":0,"max_hp_loss":0,"event_name":"Scrap Ooze","floor":2,"gold_loss":0},{"damage_healed":0,"gold_gain":0,"player_choice":"Grow","damage_taken":0,"max_hp_gain":0,"max_hp_loss":0,"event_name":"Living Wall","floor":3,"gold_loss":0,"cards_upgraded":["Zap"]},{"damage_healed":0,"gold_gain":0,"player_choice":"Ignored","damage_taken":0,"max_hp_gain":0,"max_hp_loss":0,"event_name":"Liars Game","floor":4,"gold_loss":0},{"cards_removed":["Strike_B"],"damage_healed":0,"gold_gain":0,"player_choice":"Card Removal","damage_taken":0,"max_hp_gain":0,"max_hp_loss":0,"event_name":"The Cleric","floor":13,"gold_loss":50},{"damage_healed":0,"gold_gain":0,"cards_transformed":["Defend_B"],"player_choice":"Transformed","damage_taken":0,"max_hp_gain":0,"max_hp_loss":0,"event_name":"Transmorgrifier","floor":20,"gold_loss":0,"cards_obtained":["Thunder Strike"]},{"cards_removed":["Defend_B"],"damage_healed":0,"gold_gain":0,"player_choice":"Gave Gold","damage_taken":0,"max_hp_gain":0,"max_hp_loss":0,"event_name":"Beggar","floor":22,"gold_loss":75},{"damage_healed":0,"gold_gain":0,"player_choice":"Obtain J.A.X.","damage_taken":0,"max_hp_gain":0,"max_hp_loss":0,"event_name":"Drug Dealer","floor":27,"gold_loss":0,"cards_obtained":["J.A.X."]},{"damage_healed":0,"gold_gain":0,"player_choice":"Ignored","damage_taken":0,"max_hp_gain":0,"max_hp_loss":0,"event_name":"Tomb of Lord Red Mask","floor":37,"gold_loss":0},{"damage_healed":0,"gold_gain":0,"player_choice":"Memory 1","damage_taken":0,"max_hp_gain":0,"max_hp_loss":0,"event_name":"SensoryStone","floor":38,"gold_loss":0},{"cards_removed":["Defend_B"],"damage_healed":0,"gold_gain":0,"player_choice":"Removed Skill","damage_taken":0,"max_hp_gain":0,"max_hp_loss":0,"event_name":"Falling","floor":44,"gold_loss":0},{"damage_healed":0,"gold_gain":0,"player_choice":"Max HP","damage_taken":0,"max_hp_gain":0,"max_hp_loss":4,"event_name":"Winding Halls","floor":45,"gold_loss":0}],"is_beta":false,"boss_relics":[{"not_picked":["Pandora\u0027s Box","FrozenCore"],"picked":"Sozu"},{"not_picked":["Runic Pyramid","Busted Crown"],"picked":"Astrolabe"}],"items_purged_floors":[],"is_endless":false,"potions_floor_spawned":[5,8,10,14,21,28,33,35,36,41],"killed_by":"Writhing Mass","ascension_level":0}