{"gold_per_floor":[119,119,138,138,138,170,170,205,217,255,267,279,304,368,380,392],"floor_reached":16,"playtime":478,"items_purged":[],"score":282,"play_id":"f3eddb73-2020-49dd-933f-2e8ef0fde8bf","local_time":"20190619225303","is_ascension_mode":true,"campfire_choices":[{"data":"Pommel Strike","floor":7,"key":"SMITH"},{"data":"Bash","floor":12,"key":"SMITH"},{"data":"Shrug It Off","floor":15,"key":"SMITH"}],"neow_cost":"NONE","seed_source_timestamp":501061849456600,"circlet_count":0,"master_deck":["AscendersBane","Strike_R","Strike_R","Strike_R","Strike_R","Defend_R","Defend_R","Defend_R","Bash+1","Thunderclap","Shrug It Off+1","Pommel Strike+1","Ghostly Armor","Cleave+1","Dropkick+1"],"relics":["Burning Blood","NeowsBlessing","Magic Flower","MawBank","Mercury Hourglass","Molten Egg 2","PreservedInsect"],"potions_floor_usage":[8,10,16],"damage_taken":[{"damage":0,"enemies":"Jaw Worm","floor":1,"turns":1},{"damage":0,"enemies":"Cultist","floor":3,"turns":1},{"damage":0,"enemies":"Gremlin Nob","floor":6,"turns":1},{"damage":34,"enemies":"3 Sentries","floor":8,"turns":11},{"damage":29,"enemies":"Gremlin Nob","floor":10,"turns":4},{"damage":0,"enemies":"Small Slimes","floor":13,"turns":1},{"damage":40,"enemies":"Hexaghost","floor":16,"turns":9}],"seed_played":"3565177286631397988","potions_obtained":[{"floor":1,"key":"Energy Potion"},{"floor":2,"key":"LiquidBronze"},{"floor":8,"key":"Swift Potion"},{"floor":10,"key":"SkillPotion"}],"is_trial":false,"path_per_floor":["M","?","M","$","?","E","R","E","T","E","?","R","M","T","R","B"],"character_chosen":"IRONCLAD","items_purchased":[],"campfire_rested":0,"item_purchase_floors":[],"current_hp_per_floor":[74,74,75,75,68,74,74,49,49,29,29,29,38,38,38,0],"gold":392,"neow_bonus":"THREE_ENEMY_KILL","is_prod":false,"is_daily":false,"chose_seed":false,"campfire_upgraded":3,"win_rate":0,"timestamp":1560981183,"path_taken":["M","?","?","$","?","E","R","E","T","E","?","R","?","?","R","BOSS"],"build_version":"2019-01-23","purchased_purges":0,"victory":false,"max_hp_per_floor":[75,75,75,75,75,75,75,75,75,75,75,75,75,75,75,75],"card_choices":[{"not_picked":["Rampage","Body Slam"],"picked":"Thunderclap","floor":1},{"not_picked":["Disarm","Clash"],"picked":"Shrug It Off","floor":3},{"not_picked":["Bloodletting","Exhume"],"picked":"Pommel Strike","floor":6},{"not_picked":["Whirlwind","Clothesline"],"picked":"Ghostly Armor","floor":8},{"not_picked":["Shrug It Off","Burning Pact"],"picked":"Cleave","floor":10},{"not_picked":["Shrug It Off","Anger+1"],"picked":"Dropkick+1","floor":13}],"player_experience":1301228,"relics_obtained":[{"floor":6,"key":"Magic Flower"},{"floor":8,"key":"MawBank"},{"floor":9,"key":"Mercury Hourglass"},{"floor":10,"key":"Molten Egg 2"},{"floor":14,"key":"PreservedInsect"}],"event_choices":[{"damage_healed":0,"gold_gain":0,"player_choice":"Got Potions","damage_taken":0,"max_hp_gain":0,"max_hp_loss":0,"event_name":"Lab","floor":2,"gold_loss":0},{"cards_removed":["Defend_R"],"damage_healed":0,"gold_gain":0,"player_choice":"Card Removal","damage_taken":7,"max_hp_gain":0,"max_hp_loss":0,"event_name":"Golden Wing","floor":5,"gold_loss":0},{"cards_removed":["Strike_R"],"damage_healed":0,"gold_gain":0,"player_choice":"Offered Basic","damage_taken":0,"max_hp_gain":0,"max_hp_loss":0,"event_name":"Bonfire Elementals","floor":11,"gold_loss":0}],"is_beta":false,"boss_relics":[],"items_purged_floors":[],"is_endless":false,"potions_floor_spawned":[1,8,10],"killed_by":"Hexaghost","ascension_level":20}