{"gold_per_floor":[215,175,193,203,218,218,243,256,256,268,268,268,295,307,307,410,410,420,436,452,43,55,55],"floor_reached":23,"playtime":1694,"items_purged":[],"score":207,"play_id":"a41ad5d8-74f0-442d-a228-8d32d731b6f0","local_time":"20190705124859","is_ascension_mode":false,"campfire_choices":[{"data":"Hyperbeam","floor":6,"key":"SMITH"},{"floor":12,"key":"REST"},{"data":"Chill","floor":15,"key":"SMITH"}],"neow_cost":"NONE","seed_source_timestamp":1183527759036615,"circlet_count":0,"master_deck":["Strike_B","Strike_B","Strike_B","Strike_B","Defend_B","Defend_B","Defend_B","Defend_B","Zap","Dualcast","Chaos","Chill+1","Coolheaded","Hyperbeam+1","Auto Shields","Genetic Algorithm","Conserve Battery","Undo","Core Surge","Conserve Battery+1","Conserve Battery","Steam+1","Self Repair+1"],"relics":["Cracked Core","Pear","Gremlin Horn","The Courier","White Beast Statue","Incense Burner","Sling"],"potions_floor_usage":[5,5,5,16,16,20,23,23],"damage_taken":[{"damage":6,"enemies":"Jaw Worm","floor":1,"turns":3},{"damage":0,"enemies":"Cultist","floor":3,"turns":3},{"damage":0,"enemies":"2 Louse","floor":4,"turns":2},{"damage":19,"enemies":"Gremlin Gang","floor":5,"turns":5},{"damage":9,"enemies":"3 Sentries","floor":7,"turns":3},{"damage":1,"enemies":"Looter","floor":8,"turns":3},{"damage":3,"enemies":"Blue Slaver","floor":10,"turns":3},{"damage":16,"enemies":"Lagavulin","floor":13,"turns":10},{"damage":0,"enemies":"Exordium Wildlife","floor":14,"turns":2},{"damage":37,"enemies":"The Guardian","floor":16,"turns":14},{"damage":13,"enemies":"Shell Parasite","floor":18,"turns":16},{"damage":0,"enemies":"Chosen","floor":19,"turns":5},{"damage":7,"enemies":"Centurion and Healer","floor":20,"turns":13},{"damage":2,"enemies":"Snecko","floor":22,"turns":8},{"damage":67,"enemies":"Gremlin Leader","floor":23,"turns":14}],"seed_played":"-4834921604065790461","potions_obtained":[{"floor":2,"key":"Poison Potion"},{"floor":2,"key":"EntropicBrew"},{"floor":2,"key":"GamblersBrew"},{"floor":5,"key":"SpeedPotion"},{"floor":10,"key":"LiquidBronze"},{"floor":18,"key":"Explosive Potion"},{"floor":19,"key":"SteroidPotion"},{"floor":20,"key":"Fire Potion"}],"is_trial":false,"path_per_floor":["M","?","M","M","M","R","E","M","T","M","?","R","E","M","R","B",null,"M","M","M","$","M","E"],"character_chosen":"DEFECT","items_purchased":["Incense Burner","Sling"],"campfire_rested":1,"item_purchase_floors":[21,21],"current_hp_per_floor":[69,69,69,69,50,50,51,50,50,47,47,72,56,56,56,19,85,72,72,65,65,63,0],"gold":55,"neow_bonus":"HUNDRED_GOLD","is_prod":false,"is_daily":false,"chose_seed":false,"campfire_upgraded":2,"win_rate":0,"timestamp":1562356139,"path_taken":["M","?","M","?","M","R","E","M","T","M","?","R","E","?","R","BOSS","M","M","M","$","M","E"],"build_version":"2019-07-01","purchased_purges":0,"victory":false,"max_hp_per_floor":[75,75,75,75,75,75,85,85,85,85,85,85,85,85,85,85,85,85,85,85,85,85,85],"card_choices":[{"not_picked":["Conserve Battery","Doom and Gloom"],"picked":"Chaos","floor":1},{"not_picked":["Rebound","Stack"],"picked":"Chill","floor":3},{"not_picked":["Steam","Hello World"],"picked":"Coolheaded","floor":4},{"not_picked":["Go for the Eyes","Recycle"],"picked":"Hyperbeam","floor":5},{"not_picked":["Streamline","White Noise"],"picked":"Auto Shields","floor":7},{"not_picked":["Recycle","Consume"],"picked":"Genetic Algorithm","floor":8},{"not_picked":["Stack","Turbo"],"picked":"Conserve Battery","floor":10},{"not_picked":["Meteor Strike","Reprogram"],"picked":"Undo","floor":13},{"not_picked":["Compile Driver","Coolheaded","Gash"],"picked":"SKIP","floor":14},{"not_picked":["Biased Cognition","All For One"],"picked":"Core Surge","floor":16},{"not_picked":["Darkness","Stack"],"picked":"Conserve Battery+1","floor":18},{"not_picked":["Static Discharge","Rebound"],"picked":"Conserve Battery","floor":19},{"not_picked":["Compile Driver+1","Stack"],"picked":"Steam+1","floor":20},{"not_picked":["Defragment","Barrage"],"picked":"Self Repair+1","floor":22}],"player_experience":639910,"relics_obtained":[{"floor":7,"key":"Pear"},{"floor":9,"key":"Gremlin Horn"},{"floor":13,"key":"The Courier"}],"event_choices":[{"damage_healed":0,"gold_gain":0,"player_choice":"Bought 3 Potions","damage_taken":0,"max_hp_gain":0,"max_hp_loss":0,"event_name":"The Woman in Blue","floor":2,"gold_loss":0},{"damage_healed":0,"gold_gain":0,"player_choice":"Ignored","damage_taken":0,"max_hp_gain":0,"max_hp_loss":0,"event_name":"NoteForYourself","floor":11,"gold_loss":0}],"is_beta":false,"boss_relics":[{"not_picked":["Sozu","Fusion Hammer"],"picked":"White Beast Statue"}],"items_purged_floors":[],"is_endless":false,"potions_floor_spawned":[3,4,5,10,18,19,20,22],"killed_by":"Gremlin Leader","ascension_level":0}