{"gold_per_floor":[110,110,80,94,113,113,33,60,60,90,109,109,120,70,70,168,168,181,195,207,217,134,0,0,0,54,85,95,124,138,168,168,267,267,287,3,19,33,33],"floor_reached":39,"playtime":3634,"items_purged":[],"score":553,"play_id":"db73aef2-daea-4cd9-bf98-7f664babcf2f","local_time":"20190705220304","is_ascension_mode":true,"campfire_choices":[{"data":"Malaise","floor":6,"key":"SMITH"},{"data":"Skewer","floor":12,"key":"SMITH"},{"data":"Prepared","floor":15,"key":"SMITH"},{"data":"Bullet Time","floor":24,"key":"SMITH"},{"data":"Tools of the Trade","floor":32,"key":"SMITH"}],"neow_cost":"NONE","seed_source_timestamp":101504720885568,"circlet_count":0,"master_deck":["Survivor","Neutralize","Well Laid Plans","Skewer+1","Malaise+1","Infinite Blades","Prepared+1","Storm of Steel","Dash","Quick Slash","Tools of the Trade+1","Riddle With Holes","Bullet Time+1","Grand Finale","Backstab","Quick Slash","PiercingWail","Burst","Slice","Cloak And Dagger+1","Terror","PiercingWail","Reflex","Dark Shackles","After Image","Deflect","Backflip","Reflex+1","Skewer+1","Malaise","Prepared+1","Footwork"],"relics":["Ring of the Snake","Oddly Smooth Stone","Dodecahedron","Mummified Hand","Omamori","Pandora\u0027s Box","PreservedInsect","Blue Candle","Smiling Mask","Mercury Hourglass","Busted Crown","Bottled Tornado"],"potions_floor_usage":[8,8,30,30,31,38],"damage_taken":[{"damage":3,"enemies":"Small Slimes","floor":1,"turns":4},{"damage":0,"enemies":"Jaw Worm","floor":4,"turns":5},{"damage":0,"enemies":"Cultist","floor":5,"turns":3},{"damage":3,"enemies":"3 Sentries","floor":8,"turns":9},{"damage":1,"enemies":"Lagavulin","floor":10,"turns":10},{"damage":0,"enemies":"Looter","floor":11,"turns":5},{"damage":1,"enemies":"2 Fungi Beasts","floor":13,"turns":3},{"damage":21,"enemies":"Slime Boss","floor":16,"turns":9},{"damage":12,"enemies":"Shell Parasite","floor":18,"turns":3},{"damage":5,"enemies":"Chosen","floor":19,"turns":4},{"damage":2,"enemies":"Centurion and Healer","floor":20,"turns":6},{"damage":2,"enemies":"Chosen and Byrds","floor":21,"turns":7},{"damage":0,"enemies":"Book of Stabbing","floor":27,"turns":4},{"damage":2,"enemies":"Cultist and Chosen","floor":28,"turns":7},{"damage":0,"enemies":"Gremlin Leader","floor":29,"turns":6},{"damage":6,"enemies":"Centurion and Healer","floor":30,"turns":6},{"damage":19,"enemies":"Slavers","floor":31,"turns":6},{"damage":8,"enemies":"Champ","floor":33,"turns":11},{"damage":6,"enemies":"3 Shapes","floor":35,"turns":3},{"damage":6,"enemies":"3 Darklings","floor":37,"turns":6},{"damage":31,"enemies":"Writhing Mass","floor":38,"turns":6},{"damage":41,"enemies":"4 Shapes","floor":39,"turns":3}],"seed_played":"-3051807531964725674","potions_obtained":[{"floor":1,"key":"AttackPotion"},{"floor":3,"key":"Swift Potion"},{"floor":3,"key":"Swift Potion"},{"floor":5,"key":"EssenceOfSteel"},{"floor":13,"key":"PowerPotion"},{"floor":16,"key":"FearPotion"},{"floor":21,"key":"GamblersBrew"},{"floor":30,"key":"LiquidBronze"},{"floor":35,"key":"SpeedPotion"},{"floor":37,"key":"Strength Potion"}],"is_trial":false,"path_per_floor":["M","?","?","M","M","R","$","E","T","E","M","R","M","?","R","B",null,"M","M","M","M","$","?","R","?","T","E","M","E","M","E","R","B",null,"M","$","M","M","M"],"character_chosen":"THE_SILENT","items_purchased":["Infinite Blades","Dark Shackles","Footwork","Bottled Tornado"],"campfire_rested":0,"item_purchase_floors":[7,22,36,36],"current_hp_per_floor":[67,67,67,67,67,67,67,64,64,63,63,63,62,62,62,41,70,58,53,51,49,49,49,49,70,70,70,68,68,62,43,43,35,70,64,64,58,27,0],"gold":33,"neow_bonus":"RANDOM_COMMON_RELIC","is_prod":false,"is_daily":false,"chose_seed":false,"campfire_upgraded":5,"win_rate":0,"timestamp":1562389384,"path_taken":["M","?","?","?","M","R","$","E","T","E","M","R","M","?","R","BOSS","M","M","M","M","$","?","R","?","T","E","M","E","?","E","R","BOSS","M","$","M","M","M"],"build_version":"2019-07-05","purchased_purges":0,"victory":false,"max_hp_per_floor":[70,70,70,70,70,70,70,70,70,70,70,70,70,70,70,70,70,70,70,70,70,70,70,70,70,70,70,70,70,70,70,70,70,70,70,70,70,70,70],"card_choices":[{"not_picked":["Flechettes","Catalyst","Bane"],"picked":"SKIP","floor":1},{"not_picked":["Deflect","Dagger Throw"],"picked":"Skewer","floor":4},{"not_picked":["Expertise","Dagger Spray"],"picked":"Malaise","floor":5},{"not_picked":["Bane","Poisoned Stab"],"picked":"Prepared","floor":8},{"not_picked":["Slice","Outmaneuver"],"picked":"Storm of Steel","floor":10},{"not_picked":["Flying Knee","Outmaneuver"],"picked":"Dash","floor":11},{"not_picked":["Dagger Spray","Deadly Poison"],"picked":"Quick Slash","floor":13},{"not_picked":["Malaise","A Thousand Cuts"],"picked":"Tools of the Trade","floor":16},{"not_picked":["Bane","Terror"],"picked":"Cloak And Dagger+1","floor":18},{"not_picked":["Dagger Spray+1","Slice"],"picked":"Terror","floor":19},{"not_picked":["Outmaneuver","Riddle With Holes+1"],"picked":"PiercingWail","floor":20},{"not_picked":["Bane+1","Cloak And Dagger+1"],"picked":"Reflex","floor":21},{"not_picked":["Bouncing Flask","Cloak And Dagger+1"],"picked":"After Image","floor":27},{"not_picked":["Underhanded Strike","Deadly Poison"],"picked":"Deflect","floor":28},{"not_picked":["Bouncing Flask+1","Bane"],"picked":"Backflip","floor":29},{"not_picked":["Bouncing Flask","Deadly Poison"],"picked":"Reflex+1","floor":30},{"not_picked":["Sucker Punch","Dash"],"picked":"Skewer+1","floor":31},{"not_picked":["Burst","Wraith Form v2"],"picked":"Malaise","floor":33},{"not_picked":[],"picked":"Prepared+1","floor":35},{"not_picked":["Poisoned Stab+1"],"picked":"SKIP","floor":37},{"not_picked":["Well Laid Plans"],"picked":"SKIP","floor":38}],"player_experience":556012,"relics_obtained":[{"floor":8,"key":"Dodecahedron"},{"floor":9,"key":"Mummified Hand"},{"floor":10,"key":"Omamori"},{"floor":26,"key":"PreservedInsect"},{"floor":27,"key":"Blue Candle"},{"floor":29,"key":"Smiling Mask"},{"floor":31,"key":"Mercury Hourglass"}],"event_choices":[{"damage_healed":0,"gold_gain":0,"cards_transformed":["Strike_G"],"player_choice":"Change","damage_taken":0,"max_hp_gain":0,"max_hp_loss":0,"event_name":"Living Wall","floor":2,"gold_loss":0,"cards_obtained":["Well Laid Plans"]},{"damage_healed":0,"gold_gain":0,"player_choice":"Bought 2 Potions","damage_taken":0,"max_hp_gain":0,"max_hp_loss":0,"event_name":"The Woman in Blue","floor":3,"gold_loss":0},{"cards_removed":["Strike_G"],"damage_healed":0,"gold_gain":0,"player_choice":"Card Removal","damage_taken":0,"max_hp_gain":0,"max_hp_loss":0,"event_name":"The Cleric","floor":14,"gold_loss":50},{"damage_healed":0,"gold_gain":0,"player_choice":"Paid Fearfully","damage_taken":0,"max_hp_gain":0,"max_hp_loss":0,"event_name":"Masked Bandits","floor":23,"gold_loss":134},{"damage_healed":21,"gold_gain":0,"player_choice":"Full Heal","damage_taken":0,"max_hp_gain":0,"max_hp_loss":0,"event_name":"Wheel of Change","floor":25,"gold_loss":0}],"is_beta":false,"boss_relics":[{"not_picked":["Snecko Eye","Velvet Choker"],"picked":"Pandora\u0027s Box"},{"not_picked":["Tiny House","Empty Cage"],"picked":"Busted Crown"}],"items_purged_floors":[],"is_endless":false,"potions_floor_spawned":[1,5,13,16,19,21,27,30,35,37],"killed_by":"4 Shapes","ascension_level":2}