{"gold_per_floor":[111,123,143,68,68,68,101,48,75,91,110,110,110,121,121,192,192,205,216,231,231,251,251,270,270],"floor_reached":25,"playtime":1142,"items_purged":[],"score":393,"play_id":"4e7ad892-6589-4211-a8df-3f9fbdcda275","local_time":"20190406001318","is_ascension_mode":true,"campfire_choices":[{"floor":6,"key":"REST"},{"floor":12,"key":"REST"},{"data":"Spot Weakness","floor":15,"key":"SMITH"},{"floor":23,"key":"REST"}],"neow_cost":"PERCENT_DAMAGE","seed_source_timestamp":85452586145253,"circlet_count":0,"master_deck":["AscendersBane","Strike_R","Strike_R","Strike_R+1","Defend_R","Defend_R","Defend_R","Bash","Flame Barrier","Anger","Shrug It Off+1","Iron Wave","Shrug It Off","Feed","Spot Weakness+1","Offering","Battle Trance+1","Power Through+1","Flame Barrier","Ghostly Armor"],"relics":["Burning Blood","Bag of Marbles","Omamori","Lizard Tail"],"potions_floor_usage":[20,25,25],"damage_taken":[{"damage":9,"enemies":"Small Slimes","floor":1,"turns":4},{"damage":2,"enemies":"Jaw Worm","floor":2,"turns":6},{"damage":4,"enemies":"2 Louse","floor":3,"turns":3},{"damage":40,"enemies":"3 Sentries","floor":7,"turns":13},{"damage":0,"enemies":"Red Slaver","floor":10,"turns":3},{"damage":7,"enemies":"Exordium Wildlife","floor":11,"turns":6},{"damage":6,"enemies":"2 Fungi Beasts","floor":14,"turns":3},{"damage":27,"enemies":"The Guardian","floor":16,"turns":9},{"damage":38,"enemies":"Spheric Guardian","floor":18,"turns":6},{"damage":35,"enemies":"Chosen","floor":19,"turns":7},{"damage":6,"enemies":"Centurion and Healer","floor":20,"turns":6},{"damage":6,"enemies":"Snake Plant","floor":22,"turns":4},{"damage":46,"enemies":"Snecko","floor":24,"turns":10},{"damage":79,"enemies":"Gremlin Leader","floor":25,"turns":8}],"seed_played":"6650323063465280170","potions_obtained":[{"floor":7,"key":"Swift Potion"},{"floor":10,"key":"Poison Potion"},{"floor":11,"key":"SteroidPotion"},{"floor":13,"key":"Regen Potion"},{"floor":20,"key":"EssenceOfSteel"}],"is_trial":false,"path_per_floor":["M","M","M","?","?","R","E","$","T","M","M","R","?","M","R","B",null,"M","M","M","?","M","R","M","E"],"character_chosen":"IRONCLAD","items_purchased":["Shrug It Off"],"campfire_rested":3,"item_purchase_floors":[8],"current_hp_per_floor":[47,51,53,53,30,52,18,18,18,24,26,49,49,52,52,34,72,43,14,28,28,31,58,18,0],"gold":270,"neow_bonus":"REMOVE_TWO","is_prod":false,"is_daily":false,"chose_seed":false,"campfire_upgraded":1,"win_rate":0,"timestamp":1554523998,"path_taken":["M","M","M","?","?","R","E","?","T","M","M","R","?","M","R","BOSS","M","M","M","?","M","R","M","E"],"build_version":"2019-01-23","purchased_purges":0,"victory":false,"max_hp_per_floor":[75,75,75,75,75,75,75,75,75,75,78,78,78,81,81,84,84,87,87,87,87,90,90,90,90],"card_choices":[{"not_picked":["Perfected Strike","Headbutt"],"picked":"Flame Barrier","floor":1},{"not_picked":["Infernal Blade","Thunderclap"],"picked":"Anger","floor":2},{"not_picked":["Clothesline","Warcry"],"picked":"Shrug It Off","floor":3},{"not_picked":["Armaments","Twin Strike"],"picked":"Iron Wave","floor":7},{"not_picked":["Clothesline","Twin Strike"],"picked":"Feed","floor":10},{"not_picked":["Searing Blow","Clothesline"],"picked":"Spot Weakness","floor":11},{"not_picked":["Rupture","Evolve","Anger"],"picked":"SKIP","floor":14},{"not_picked":["Berserk","Dark Embrace"],"picked":"Offering","floor":16},{"not_picked":["Sword Boomerang","Clothesline"],"picked":"Battle Trance+1","floor":18},{"not_picked":["Seeing Red","Rage"],"picked":"Power Through+1","floor":19},{"not_picked":["Anger","Ghostly Armor"],"picked":"Flame Barrier","floor":20},{"not_picked":["Bloodletting","Wild Strike","Warcry"],"picked":"SKIP","floor":22},{"not_picked":["Clash","Infernal Blade"],"picked":"Ghostly Armor","floor":24}],"player_experience":354454,"relics_obtained":[{"floor":7,"key":"Bag of Marbles"},{"floor":9,"key":"Omamori"}],"event_choices":[{"cards_removed":["Strike_R"],"damage_healed":0,"gold_gain":0,"player_choice":"Card Removal","damage_taken":0,"max_hp_gain":0,"max_hp_loss":0,"event_name":"The Cleric","floor":4,"gold_loss":75},{"damage_healed":0,"gold_gain":0,"player_choice":"Entered Light","damage_taken":23,"max_hp_gain":0,"max_hp_loss":0,"event_name":"Shining Light","floor":5,"gold_loss":0,"cards_upgraded":["Shrug It Off","Strike_R"]},{"damage_healed":0,"gold_gain":0,"player_choice":"Got Potions","damage_taken":0,"max_hp_gain":0,"max_hp_loss":0,"event_name":"Lab","floor":13,"gold_loss":0},{"damage_healed":0,"gold_gain":0,"player_choice":"Ignored","damage_taken":0,"max_hp_gain":0,"max_hp_loss":0,"event_name":"Ghosts","floor":21,"gold_loss":0}],"is_beta":false,"boss_relics":[{"not_picked":["Coffee Dripper","Pandora\u0027s Box"],"picked":"Lizard Tail"}],"items_purged_floors":[],"is_endless":false,"potions_floor_spawned":[7,10,11,16,20],"killed_by":"Gremlin Leader","ascension_level":18}