{"path_per_floor":["M","T","M","?","M","R","M","E","T","E","R","M","M","?","R","B",null,"M","?","M","M","M","R","?","R","T","M","R","M","M","E","R","B",null,"M","?","M","?","T","E","R","$","T","M","?","R","?","?","R","B"],"character_chosen":"THE_SILENT","items_purchased":[],"gold_per_floor":[114,139,155,105,123,123,134,162,162,194,194,213,224,224,224,320,320,230,155,155,155,155,155,155,155,155,155,155,155,155,155,155,155,155,155,155,155,155,155,155,155,105,105,105,105,105,105,105,105,105],"floor_reached":51,"campfire_rested":3,"playtime":3952,"current_hp_per_floor":[70,70,70,70,70,70,70,61,61,53,53,48,48,34,34,27,70,57,57,54,44,41,41,41,41,41,33,33,33,33,26,26,15,70,70,70,34,60,60,8,26,26,26,19,34,52,52,43,60,30],"items_purged":["Strike_G"],"gold":105,"play_id":"8f037832-3c82-4e48-800a-1e76358c0a1b","is_prod":false,"is_daily":false,"campfire_rituals":0,"campfire_upgraded":7,"is_hardmode":false,"path_taken":["M","?","M","?","?","R","M","E","T","E","R","M","M","?","R","BOSS","M","?","?","M","M","R","?","R","T","M","R","M","M","E","R","BOSS","M","?","M","?","?","E","R","$","T","M","?","R","?","?","R","BOSS"],"build_version":"2018-01-18-PROD4","purchased_purges":1,"victory":true,"master_deck":["Defend_G","Defend_G","Defend_G","Strike_G","Strike_G","Survivor","Neutralize","Caltrops","Backstab","Cloak And Dagger","Noxious Fumes","Sucker Punch","Cloak And Dagger","Infinite Blades","Acrobatics","Accuracy","Backflip","Writhe","Backflip","After Image","Noxious Fumes","Blur","Cloak And Dagger","Finisher","Writhe","Caltrops"],"max_hp_per_floor":[70,70,70,70,70,70,70,70,70,70,70,70,70,70,70,70,70,70,70,70,70,70,70,70,70,70,70,70,70,70,70,70,70,70,70,70,70,60,60,60,60,60,60,60,60,60,60,60,60,60],"relics":["Ring of the Snake","Frozen Egg","Molten Egg","Ice Cream","Orichalcum","Ectoplasm","Matryoshka","Prayer Wheel","Whetstone","Juzu Bracelet","The Specimen","Pantograph","Vajra","Smiling Mask","Toxic Egg","Bird Faced Urn"],"campfire_meditates":0,"card_choices":[{"not_picked":["Finisher","All Out Attack"],"picked":"Backstab"},{"not_picked":["Dash","Deflect"],"picked":"Cloak And Dagger"},{"not_picked":["Endless Agony","Cloak And Dagger"],"picked":"Noxious Fumes"},{"not_picked":["Acrobatics","Poisoned Stab"],"picked":"Sucker Punch"},{"not_picked":["Night Terror","Quick Slash"],"picked":"Cloak And Dagger"},{"not_picked":["Acrobatics","Riddle With Holes"],"picked":"Infinite Blades"},{"not_picked":["Dodge and Roll","Outmaneuver"],"picked":"Acrobatics"},{"not_picked":["Endless Agony","Malaise"],"picked":"Accuracy"},{"not_picked":["Sucker Punch","Underhanded Strike"],"picked":"Backflip"},{"not_picked":["Predator","Sucker Punch"],"picked":"Acrobatics"},{"not_picked":["Underhanded Strike","Flying Knee"],"picked":"Backflip"},{"not_picked":["Tools of the Trade","Burst"],"picked":"After Image"},{"not_picked":["Distraction","Backflip"],"picked":"Noxious Fumes"},{"not_picked":["Dagger Spray","Quick Slash"],"picked":"Blur"},{"not_picked":["Dodge and Roll","Underhanded Strike"],"picked":"Cloak And Dagger"},{"not_picked":["Catalyst","Distraction"],"picked":"Finisher"}],"player_experience":285118,"potions_floor_usage":[8,10,22,29,33,48,50,50],"damage_taken":[{"damage":0,"enemies":"Blue Slaver","floor":1,"turns":5},{"damage":0,"enemies":"Cultist","floor":3,"turns":5},{"damage":0,"enemies":"Small Slimes","floor":5,"turns":4},{"damage":0,"enemies":"3 Louse","floor":7,"turns":3},{"damage":9,"enemies":"Lagavulin","floor":8,"turns":6},{"damage":8,"enemies":"Gremlin Nob","floor":10,"turns":4},{"damage":5,"enemies":"Exordium Thugs","floor":12,"turns":5},{"damage":0,"enemies":"Exordium Wildlife","floor":13,"turns":4},{"damage":7,"enemies":"Hexaghost","floor":16,"turns":9},{"damage":13,"enemies":"2 Thieves","floor":18,"turns":5},{"damage":3,"enemies":"Spheric Guardian","floor":20,"turns":4},{"damage":10,"enemies":"Chosen and Byrds","floor":21,"turns":6},{"damage":3,"enemies":"Centurion and Healer","floor":22,"turns":6},{"damage":8,"enemies":"Sentry and Sphere","floor":27,"turns":4},{"damage":0,"enemies":"Snecko","floor":29,"turns":4},{"damage":0,"enemies":"3 Cultists","floor":30,"turns":5},{"damage":7,"enemies":"Gremlin Leader","floor":31,"turns":8},{"damage":11,"enemies":"Automaton","floor":33,"turns":11},{"damage":0,"enemies":"3 Shapes","floor":35,"turns":6},{"damage":36,"enemies":"3 Darklings","floor":37,"turns":4},{"damage":52,"enemies":"2 Orb Walkers","floor":40,"turns":5},{"damage":7,"enemies":"Maw","floor":44,"turns":7},{"damage":9,"enemies":"Mysterious Sphere","floor":48,"turns":5},{"damage":38,"enemies":"Donu and Deca","floor":50,"turns":8}],"event_choices":[{"event_name":"The Cleric","player_choice":"Card Removal","floor":4,"damage_taken":0},{"event_name":"Shining Light","player_choice":"Entered Light","floor":14,"damage_taken":0},{"event_name":"Beggar","player_choice":"Gave Gold","floor":19,"damage_taken":0},{"event_name":"The Mausoleum","player_choice":"Yes","floor":24,"damage_taken":0},{"event_name":"The Moai Head","player_choice":"Heal","floor":38,"damage_taken":0},{"event_name":"Winding Halls","player_choice":"Writhe","floor":45,"damage_taken":0},{"event_name":"Transmorgrifier","player_choice":"Transform","floor":47,"damage_taken":0},{"event_name":"Mysterious Sphere","player_choice":"Fight","floor":48,"damage_taken":0}],"boss_relics":[{"not_picked":["Velvet Choker","Question Card"],"picked":"Ectoplasm"},{"not_picked":["Pandora\u0027s Box","Lizard Tail"],"picked":"The Specimen"}],"potions_floor_spawned":[1,3,7,10,22,29,30,48],"seed_played":"-4611659949535760481","is_trial":false}