{"gold_per_floor":[112,112,112,125,125,153,164,196,245,275,275,295,295,324,324,425,425,425,425,425,350,265,265,265,265,265,265,265,265,265,265,265,265,265,265,265,265,185,185,185,185,185,185,185,85,85,85,85,85,85],"floor_reached":51,"playtime":7706,"items_purged":["Strike_R","Strike_R","Strike_R"],"score":846,"play_id":"34e7bde6-4be8-4ab1-85dd-477003219708","local_time":"20190702024757","is_ascension_mode":true,"campfire_choices":[{"data":"Body Slam","floor":11,"key":"SMITH"},{"data":"Body Slam","floor":13,"key":"SMITH"},{"floor":15,"key":"REST"},{"floor":23,"key":"REST"},{"floor":25,"key":"REST"},{"data":"Demon Form","floor":30,"key":"SMITH"},{"data":"Heavy Blade","floor":32,"key":"SMITH"},{"data":"Pommel Strike","floor":41,"key":"SMITH"},{"data":"Bash","floor":44,"key":"SMITH"},{"floor":49,"key":"REST"}],"neow_cost":"NONE","seed_source_timestamp":277970506741010,"circlet_count":0,"master_deck":["Defend_R","Defend_R","Defend_R","Defend_R","Bash+1","Shrug It Off","Body Slam+1","Demon Form+1","Pommel Strike+1","Body Slam+1","Shrug It Off","Reaper","Cleave","Warcry+1","Heavy Blade+1","Feed","Discovery"],"relics":["Burning Blood","NeowsBlessing","Bottled Lightning","PreservedInsect","Oddly Smooth Stone","Meat on the Bone","Matryoshka","Ectoplasm","Kunai","The Courier","Red Skull","Self Forming Clay","Letter Opener","Eternal Feather","Toxic Egg 2","MawBank","Gremlin Horn","Bottled Flame"],"potions_floor_usage":[8,8,16,16,29,35,40,40,48,50],"damage_taken":[{"damage":0,"enemies":"Small Slimes","floor":1,"turns":1},{"damage":0,"enemies":"Jaw Worm","floor":4,"turns":1},{"damage":0,"enemies":"Gremlin Nob","floor":6,"turns":1},{"damage":6,"enemies":"Cultist","floor":7,"turns":4},{"damage":38,"enemies":"3 Sentries","floor":8,"turns":13},{"damage":9,"enemies":"Lagavulin","floor":10,"turns":6},{"damage":0,"enemies":"2 Fungi Beasts","floor":12,"turns":4},{"damage":17,"enemies":"Gremlin Nob","floor":14,"turns":4},{"damage":48,"enemies":"Slime Boss","floor":16,"turns":8},{"damage":0,"enemies":"3 Byrds","floor":18,"turns":7},{"damage":23,"enemies":"Shell Parasite","floor":19,"turns":6},{"damage":63,"enemies":"Gremlin Leader","floor":24,"turns":7},{"damage":9,"enemies":"Slavers","floor":28,"turns":5},{"damage":13,"enemies":"Snecko","floor":29,"turns":6},{"damage":3,"enemies":"Cultist and Chosen","floor":31,"turns":6},{"damage":44,"enemies":"Champ","floor":33,"turns":8},{"damage":25,"enemies":"Orb Walker","floor":35,"turns":5},{"damage":26,"enemies":"3 Darklings","floor":39,"turns":6},{"damage":52,"enemies":"Nemesis","floor":40,"turns":7},{"damage":28,"enemies":"4 Shapes","floor":42,"turns":5},{"damage":26,"enemies":"Reptomancer","floor":46,"turns":6},{"damage":22,"enemies":"Transient","floor":48,"turns":5},{"damage":93,"enemies":"Time Eater","floor":50,"turns":11}],"seed_played":"8557061104419164617","potions_obtained":[{"floor":1,"key":"Weak Potion"},{"floor":5,"key":"Swift Potion"},{"floor":5,"key":"Swift Potion"},{"floor":10,"key":"Ancient Potion"},{"floor":12,"key":"Ancient Potion"},{"floor":14,"key":"EssenceOfSteel"},{"floor":16,"key":"Swift Potion"},{"floor":18,"key":"EssenceOfSteel"},{"floor":28,"key":"BloodPotion"},{"floor":29,"key":"SkillPotion"},{"floor":35,"key":"Fruit Juice"},{"floor":40,"key":"AttackPotion"}],"is_trial":false,"path_per_floor":["M","?","?","M","?","E","M","E","T","E","R","M","R","E","R","B",null,"M","M","?","$","?","R","E","R","T","?","E","M","R","M","R","B",null,"M","?","?","$","M","E","R","M","T","R","$","E","?","M","R","B",null],"character_chosen":"IRONCLAD","items_purchased":[],"campfire_rested":4,"item_purchase_floors":[],"current_hp_per_floor":[80,80,80,80,80,80,80,48,48,45,45,51,51,52,76,46,80,80,63,48,48,48,73,34,59,59,59,60,57,57,68,68,54,85,66,66,66,66,68,47,56,56,56,65,65,55,55,51,87,45],"gold":85,"neow_bonus":"THREE_ENEMY_KILL","is_prod":false,"is_daily":false,"chose_seed":false,"campfire_upgraded":6,"win_rate":0,"timestamp":1562006877,"path_taken":["M","?","?","?","?","E","M","E","T","E","R","M","R","E","R","BOSS","M","M","?","$","?","R","E","R","T","?","E","M","R","?","R","BOSS","M","?","?","$","M","E","R","M","T","R","$","E","?","M","R","BOSS"],"build_version":"2019-01-23","purchased_purges":3,"victory":true,"max_hp_per_floor":[80,80,80,80,80,80,80,80,80,80,80,80,80,80,80,80,80,80,80,85,85,85,85,85,85,85,85,85,85,85,85,85,85,85,85,85,85,85,85,90,90,93,93,93,93,93,93,93,93,93],"card_choices":[{"not_picked":["Spot Weakness","Cleave"],"picked":"Shrug It Off","floor":1},{"not_picked":["Thunderclap","Perfected Strike","Clash"],"picked":"SKIP","floor":4},{"not_picked":["Headbutt","Searing Blow"],"picked":"Body Slam","floor":6},{"not_picked":["Cleave","Hemokinesis"],"picked":"Demon Form","floor":7},{"not_picked":["Feel No Pain","Twin Strike"],"picked":"Pommel Strike","floor":8},{"not_picked":["Disarm","Juggernaut","Intimidate"],"picked":"SKIP","floor":10},{"not_picked":["Flex","Bloodletting"],"picked":"Body Slam","floor":12},{"not_picked":["Twin Strike","Infernal Blade"],"picked":"Shrug It Off","floor":14},{"not_picked":["Limit Break","Berserk"],"picked":"Reaper","floor":16},{"not_picked":["Blood for Blood","Sever Soul","Iron Wave"],"picked":"SKIP","floor":18},{"not_picked":["Thunderclap","Combust"],"picked":"Cleave","floor":19},{"not_picked":["Searing Blow","Immolate","Ghostly Armor"],"picked":"SKIP","floor":24},{"not_picked":["Infernal Blade","Hemokinesis"],"picked":"Warcry+1","floor":28},{"not_picked":["Ghostly Armor","Armaments"],"picked":"Heavy Blade","floor":29},{"not_picked":["Wild Strike","Body Slam","Carnage+1"],"picked":"SKIP","floor":31},{"not_picked":["Exhume","Limit Break"],"picked":"Feed","floor":33},{"not_picked":["Searing Blow+1","Flame Barrier+1","Iron Wave"],"picked":"SKIP","floor":35},{"not_picked":["Finesse","Swift Strike"],"picked":"Discovery","floor":36},{"not_picked":["Clash","Perfected Strike+1","Heavy Blade"],"picked":"SKIP","floor":39},{"not_picked":["Pommel Strike","Dark Embrace","Flex+1"],"picked":"SKIP","floor":40},{"not_picked":["Twin Strike+1","Sever Soul","Anger"],"picked":"SKIP","floor":42},{"not_picked":["Sever Soul+1","Twin Strike","Evolve+1"],"picked":"SKIP","floor":46},{"not_picked":["Anger","Berserk","Body Slam"],"picked":"SKIP","floor":48}],"player_experience":91003,"relics_obtained":[{"floor":6,"key":"Bottled Lightning"},{"floor":8,"key":"PreservedInsect"},{"floor":9,"key":"Oddly Smooth Stone"},{"floor":10,"key":"Meat on the Bone"},{"floor":14,"key":"Matryoshka"},{"floor":24,"key":"The Courier"},{"floor":26,"key":"Red Skull"},{"floor":26,"key":"Self Forming Clay"},{"floor":28,"key":"Letter Opener"},{"floor":40,"key":"Toxic Egg 2"},{"floor":43,"key":"MawBank"},{"floor":43,"key":"Gremlin Horn"},{"floor":46,"key":"Bottled Flame"}],"event_choices":[{"damage_healed":0,"gold_gain":0,"player_choice":"Ignored","damage_taken":0,"max_hp_gain":0,"max_hp_loss":0,"event_name":"Liars Game","floor":2,"gold_loss":0},{"cards_removed":["Strike_R"],"damage_healed":0,"gold_gain":0,"player_choice":"Offered Basic","damage_taken":0,"max_hp_gain":0,"max_hp_loss":0,"event_name":"Bonfire Elementals","floor":3,"gold_loss":0},{"damage_healed":0,"gold_gain":0,"player_choice":"Got Potions","damage_taken":0,"max_hp_gain":0,"max_hp_loss":0,"event_name":"Lab","floor":5,"gold_loss":0},{"damage_healed":0,"gold_gain":0,"player_choice":"Shed Blood","damage_taken":20,"max_hp_gain":5,"max_hp_loss":0,"event_name":"Forgotten Altar","floor":20,"gold_loss":0},{"damage_healed":0,"gold_gain":0,"player_choice":"Obtained Relic","damage_taken":0,"relics_obtained":["Kunai"],"max_hp_gain":0,"max_hp_loss":0,"event_name":"Addict","floor":22,"gold_loss":85},{"damage_healed":0,"gold_gain":0,"player_choice":"Ignored","damage_taken":0,"max_hp_gain":0,"max_hp_loss":0,"event_name":"Ghosts","floor":27,"gold_loss":0},{"damage_healed":0,"gold_gain":0,"player_choice":"Memory 1","damage_taken":0,"max_hp_gain":0,"max_hp_loss":0,"event_name":"SensoryStone","floor":36,"gold_loss":0},{"damage_healed":0,"gold_gain":0,"player_choice":"Ignored","damage_taken":0,"max_hp_gain":0,"max_hp_loss":0,"event_name":"Mysterious Sphere","floor":37,"gold_loss":0},{"cards_removed":["Strike_R"],"damage_healed":0,"gold_gain":0,"player_choice":"Purged","damage_taken":0,"max_hp_gain":0,"max_hp_loss":0,"event_name":"Purifier","floor":47,"gold_loss":0}],"is_beta":false,"boss_relics":[{"not_picked":["Lizard Tail","Calling Bell"],"picked":"Ectoplasm"},{"not_picked":["Tiny House","White Beast Statue"],"picked":"Eternal Feather"}],"items_purged_floors":[21,38,45],"is_endless":false,"potions_floor_spawned":[1,10,12,14,16,18,24,28,29,31,35,40],"ascension_level":2}