{"gold_per_floor":[117,129,142,122,140,202,202,230,230,230,230,230,230,251,251,350,350,339,254,254,33,56,56,87,87,87,87,136,154,154,198,198,293,293,308,26,45,45,60,60,98,98,98,98,116,139,38,0,0,0],"floor_reached":51,"playtime":2410,"items_purged":["Perfected Strike"],"score":1249,"play_id":"538e1dcf-a042-4c6c-b887-bf208cdb44d3","local_time":"20190324162656","is_ascension_mode":true,"campfire_choices":[{"floor":7,"key":"REST"},{"floor":11,"key":"REST"},{"floor":13,"key":"REST"},{"data":"Armaments","floor":15,"key":"SMITH"},{"floor":23,"key":"REST"},{"floor":25,"key":"REST"},{"data":"Pummel","floor":27,"key":"SMITH"},{"floor":30,"key":"REST"},{"data":"Double Tap","floor":32,"key":"SMITH"},{"data":"Corruption","floor":40,"key":"SMITH"},{"floor":42,"key":"REST"},{"data":"Pummel","floor":44,"key":"SMITH"},{"floor":49,"key":"REST"}],"neow_cost":"NONE","seed_source_timestamp":0,"circlet_count":0,"master_deck":["AscendersBane","Bash","Armaments+1","Pummel+1","Pummel+1","Headbutt","Thunderclap","Shrug It Off","Impervious","Double Tap+1","Rage","Disarm","Rampage","Limit Break","Power Through","Sentinel","Infernal Blade","Pommel Strike","Body Slam+1","Spot Weakness","Shrug It Off","Shrug It Off","Inflame","Offering","Corruption+1","Spot Weakness","Shrug It Off","Clothesline+1","Sword Boomerang+1","True Grit+1","True Grit+1","Flex+1"],"special_seed":0,"relics":["Burning Blood","Regal Pillow","Tiny Chest","War Paint","Happy Flower","Golden Idol","Sundial","Pandora\u0027s Box","Smiling Mask","Lantern","Strawberry","Pantograph","Pen Nib","Vajra","Runic Pyramid","DollysMirror","GremlinMask","Toxic Egg 2","Charon\u0027s Ashes","Red Mask"],"potions_floor_usage":[6,24,24,33,41],"damage_taken":[{"damage":11.0,"enemies":"Cultist","floor":1.0,"turns":5.0},{"damage":6,"enemies":"Small Slimes","floor":2,"turns":4},{"damage":0,"enemies":"2 Louse","floor":3,"turns":4},{"damage":7,"enemies":"Large Slime","floor":5,"turns":6},{"damage":35,"enemies":"3 Sentries","floor":6,"turns":8},{"damage":66,"enemies":"Lagavulin","floor":8,"turns":8},{"damage":7,"enemies":"Exordium Wildlife","floor":14,"turns":3},{"damage":43,"enemies":"The Guardian","floor":16,"turns":16},{"damage":14,"enemies":"2 Thieves","floor":18,"turns":4},{"damage":22,"enemies":"Spheric Guardian","floor":22,"turns":4},{"damage":52,"enemies":"Gremlin Leader","floor":24,"turns":5},{"damage":37,"enemies":"Cultist and Chosen","floor":29,"turns":7},{"damage":16,"enemies":"Slavers","floor":31,"turns":6},{"damage":49,"enemies":"Automaton","floor":33,"turns":8},{"damage":6,"enemies":"3 Shapes","floor":35,"turns":5},{"damage":3,"enemies":"Orb Walker","floor":37,"turns":2},{"damage":6,"enemies":"Sphere and 2 Shapes","floor":39,"turns":5},{"damage":39,"enemies":"Reptomancer","floor":41,"turns":4},{"damage":8,"enemies":"Writhing Mass","floor":45,"turns":3},{"damage":34,"enemies":"Spire Growth","floor":46,"turns":4},{"damage":36,"enemies":"Time Eater","floor":50,"turns":6}],"seed_played":"-4600372058369892514","potions_obtained":[{"floor":3,"key":"Fire Potion"},{"floor":4,"key":"GamblersBrew"},{"floor":6,"key":"FearPotion"},{"floor":16,"key":"PowerPotion"},{"floor":24,"key":"Strength Potion"},{"floor":37,"key":"AttackPotion"},{"floor":46,"key":"Swift Potion"}],"is_trial":false,"path_per_floor":["M","M","M","?","M","E","R","E","T","?","R","?","R","M","R","B",null,"M","?","?","$","M","R","E","R","T","R","T","M","R","E","R","B",null,"M","$","M","?","M","R","E","R","T","R","M","M","$","?","R","B",null],"character_chosen":"IRONCLAD","items_purchased":["Lantern","Shrug It Off","Corruption","DollysMirror","Flex+1","SteroidPotion"],"campfire_rested":8,"item_purchase_floors":[21,21,36,36,47,47],"current_hp_per_floor":[63,63,69,69,68,39,75,15,15,15,50,32,67,66,66,29,58,50,50,50,50,34,68,29,66,66,66,66,35,72,62,62,32,64,64,64,67,67,67,67,34,71,71,71,69,41,41,41,75,45],"gold":0,"neow_bonus":"RANDOM_COMMON_RELIC","is_prod":false,"is_daily":false,"chose_seed":false,"campfire_upgraded":5,"win_rate":0,"timestamp":1553459216,"path_taken":["M","M","?","?","?","E","R","E","T","?","R","?","R","M","R","BOSS","M","?","?","?","?","R","E","R","T","R","?","M","R","E","R","BOSS","M","$","M","?","?","R","E","R","T","R","M","M","$","?","R","BOSS"],"build_version":"2019-01-23","purchased_purges":1,"victory":true,"max_hp_per_floor":[75,75,75,75,75,75,75,75,75,68,68,68,68,68,68,68,68,68,68,68,68,68,68,75,75,75,75,75,75,75,75,75,75,75,75,75,75,75,75,75,75,75,75,75,75,75,75,75,75,75],"card_choices":[{"not_picked":["Twin Strike","Flex"],"picked":"Armaments","floor":1},{"not_picked":["Warcry","Heavy Blade"],"picked":"Pummel","floor":2},{"not_picked":["Twin Strike","Perfected Strike"],"picked":"Pummel","floor":3},{"not_picked":["Twin Strike","Heavy Blade"],"picked":"Headbutt","floor":5},{"not_picked":["Iron Wave","Havoc"],"picked":"Thunderclap","floor":6},{"not_picked":["Fire Breathing","Armaments"],"picked":"Shrug It Off","floor":8},{"not_picked":["Whirlwind","Warcry"],"picked":"Impervious","floor":14},{"not_picked":["Dark Embrace","Berserk"],"picked":"Double Tap","floor":16},{"not_picked":["Thunderclap","Power Through+1"],"picked":"Body Slam+1","floor":18},{"not_picked":["Disarm","Anger","Evolve"],"picked":"SKIP","floor":22},{"not_picked":["Armaments","Barricade","Perfected Strike"],"picked":"SKIP","floor":24},{"not_picked":["Rage","Armaments"],"picked":"Shrug It Off","floor":29},{"not_picked":["Hemokinesis","Barricade"],"picked":"Inflame","floor":31},{"not_picked":["Berserk","Exhume"],"picked":"Offering","floor":33},{"not_picked":["Headbutt","Perfected Strike","Searing Blow"],"picked":"SKIP","floor":35},{"not_picked":["Perfected Strike","Havoc"],"picked":"Shrug It Off","floor":37},{"not_picked":["True Grit","Clash"],"picked":"Clothesline+1","floor":39},{"not_picked":["Dark Embrace","Perfected Strike"],"picked":"Sword Boomerang+1","floor":41},{"not_picked":["Body Slam","Heavy Blade"],"picked":"True Grit+1","floor":45},{"not_picked":["Armaments+1","Thunderclap+1"],"picked":"True Grit+1","floor":46}],"player_experience":324736,"relics_obtained":[{"floor":6,"key":"Tiny Chest"},{"floor":8,"key":"War Paint"},{"floor":9,"key":"Happy Flower"},{"floor":24,"key":"Strawberry"},{"floor":26,"key":"Pantograph"},{"floor":28,"key":"Pen Nib"},{"floor":31,"key":"Vajra"},{"floor":41,"key":"Toxic Egg 2"},{"floor":43,"key":"Charon\u0027s Ashes"}],"event_choices":[{"damage_healed":0,"gold_gain":0,"player_choice":"Bought 1 Potion","damage_taken":0,"max_hp_gain":0,"max_hp_loss":0,"event_name":"The Woman in Blue","floor":4,"gold_loss":0},{"damage_healed":0,"gold_gain":0,"player_choice":"Lose Max HP","damage_taken":0,"relics_obtained":["Golden Idol"],"max_hp_gain":0,"max_hp_loss":7,"event_name":"Golden Idol","floor":10,"gold_loss":0},{"damage_healed":0,"gold_gain":0,"player_choice":"Success","damage_taken":18,"relics_obtained":["Sundial"],"max_hp_gain":0,"max_hp_loss":0,"event_name":"Scrap Ooze","floor":12,"gold_loss":0},{"damage_healed":0,"gold_gain":0,"player_choice":"Obtained Relic","damage_taken":0,"relics_obtained":["Smiling Mask"],"max_hp_gain":0,"max_hp_loss":0,"event_name":"Addict","floor":19,"gold_loss":85},{"damage_healed":0,"gold_gain":0,"player_choice":"Read","damage_taken":0,"max_hp_gain":0,"max_hp_loss":0,"event_name":"The Library","floor":20,"gold_loss":0,"cards_obtained":["Spot Weakness"]},{"damage_healed":0,"gold_gain":0,"player_choice":"Trade","damage_taken":0,"relics_obtained":["GremlinMask"],"max_hp_gain":0,"max_hp_loss":0,"event_name":"FaceTrader","floor":38,"gold_loss":0},{"damage_healed":0,"gold_gain":0,"player_choice":"Paid","damage_taken":0,"relics_obtained":["Red Mask"],"max_hp_gain":0,"max_hp_loss":0,"event_name":"Tomb of Lord Red Mask","floor":48,"gold_loss":38}],"is_beta":false,"boss_relics":[{"not_picked":["Orrery","Eternal Feather"],"picked":"Pandora\u0027s Box"},{"not_picked":["Mark of Pain","Sozu"],"picked":"Runic Pyramid"}],"items_purged_floors":[21],"is_endless":false,"potions_floor_spawned":[3,5,6,14,16,22,24,37,46],"ascension_level":15}