{"gold_per_floor":[15,26,26,46,46,46,74,23,94,122,142,161,179,179,179,275,275,291,291,309,309,309,309,309],"floor_reached":24,"playtime":775,"items_purged":[],"score":330,"play_id":"501dae6f-550c-4c38-ab63-166dac434957","local_time":"20190630111118","is_ascension_mode":true,"campfire_choices":[{"data":"Zap","floor":6,"key":"SMITH"},{"floor":15,"key":"REST"},{"floor":23,"key":"REST"}],"neow_cost":"NO_GOLD","seed_source_timestamp":599736391833284,"circlet_count":0,"master_deck":["AscendersBane","Strike_B","Strike_B","Defend_B","Defend_B","Zap+1","Dualcast","Loop","Ball Lightning","Conserve Battery","Ball Lightning","Loop","Conserve Battery","BootSequence","Echo Form","Sweeping Beam","Coolheaded+1","Force Field","Self Repair"],"relics":["Cracked Core","Torii","Regal Pillow","Shuriken","Mummified Hand","Fusion Hammer"],"potions_floor_usage":[7,10,13,20,24],"damage_taken":[{"damage":2,"enemies":"Jaw Worm","floor":1,"turns":3},{"damage":1,"enemies":"Cultist","floor":2,"turns":3},{"damage":0,"enemies":"Small Slimes","floor":4,"turns":3},{"damage":12,"enemies":"3 Sentries","floor":7,"turns":6},{"damage":11,"enemies":"Gremlin Nob","floor":10,"turns":3},{"damage":9,"enemies":"Red Slaver","floor":11,"turns":3},{"damage":10,"enemies":"Lots of Slimes","floor":12,"turns":4},{"damage":0,"enemies":"Exordium Thugs","floor":13,"turns":3},{"damage":31,"enemies":"The Guardian","floor":16,"turns":11},{"damage":40,"enemies":"2 Thieves","floor":18,"turns":4},{"damage":1,"enemies":"Spheric Guardian","floor":20,"turns":3},{"damage":60,"enemies":"Slavers","floor":24,"turns":4}],"seed_played":"-9173690486005143837","potions_obtained":[{"floor":1,"key":"SpeedPotion"},{"floor":7,"key":"Swift Potion"},{"floor":12,"key":"AttackPotion"},{"floor":13,"key":"SteroidPotion"}],"is_trial":false,"path_per_floor":["M","M","?","M","?","R","E","$","T","E","M","M","M","?","R","B",null,"M","$","M","?","?","R","E"],"character_chosen":"DEFECT","items_purchased":["Fire Potion"],"campfire_rested":2,"item_purchase_floors":[8],"current_hp_per_floor":[66,65,65,65,65,65,53,53,53,42,33,23,23,23,60,29,64,24,24,23,23,23,60,0],"gold":309,"neow_bonus":"ONE_RARE_RELIC","is_prod":false,"is_daily":false,"chose_seed":false,"campfire_upgraded":1,"win_rate":0,"timestamp":1561907478,"path_taken":["M","M","?","M","?","R","E","$","T","E","?","M","M","?","R","BOSS","M","?","?","?","?","R","E"],"build_version":"2019-01-23","purchased_purges":0,"victory":false,"max_hp_per_floor":[75,75,75,75,75,75,75,75,75,75,75,75,75,75,75,75,75,75,75,75,75,75,75,75],"card_choices":[{"not_picked":["Double Energy","Steam"],"picked":"Loop","floor":1},{"not_picked":["Rebound","Cold Snap"],"picked":"Ball Lightning","floor":2},{"not_picked":["Cold Snap","Hologram"],"picked":"Conserve Battery","floor":4},{"not_picked":["Force Field","Recycle"],"picked":"Ball Lightning","floor":7},{"not_picked":["Melter","Scrape","Compile Driver"],"picked":"SKIP","floor":10},{"not_picked":["Melter","Rebound"],"picked":"Loop","floor":11},{"not_picked":["Rebound","Stack"],"picked":"Conserve Battery","floor":12},{"not_picked":["Streamline","Cold Snap"],"picked":"BootSequence","floor":13},{"not_picked":["Seek","Multi-Cast"],"picked":"Echo Form","floor":16},{"not_picked":["Hello World","Compile Driver"],"picked":"Sweeping Beam","floor":18},{"not_picked":["Reprogram","Darkness"],"picked":"Coolheaded+1","floor":20}],"player_experience":447461,"relics_obtained":[{"floor":7,"key":"Regal Pillow"},{"floor":9,"key":"Shuriken"},{"floor":10,"key":"Mummified Hand"}],"event_choices":[{"damage_healed":0,"gold_gain":0,"player_choice":"Leave","damage_taken":0,"max_hp_gain":0,"max_hp_loss":0,"event_name":"The Cleric","floor":3,"gold_loss":0},{"cards_removed":["Strike_B"],"damage_healed":0,"gold_gain":0,"player_choice":"Purged","damage_taken":0,"max_hp_gain":0,"max_hp_loss":0,"event_name":"Purifier","floor":5,"gold_loss":0},{"cards_removed":["Defend_B"],"damage_healed":0,"gold_gain":0,"player_choice":"Offered Basic","damage_taken":0,"max_hp_gain":0,"max_hp_loss":0,"event_name":"Bonfire Elementals","floor":14,"gold_loss":0},{"damage_healed":0,"gold_gain":0,"player_choice":"Ignored","damage_taken":0,"max_hp_gain":0,"max_hp_loss":0,"event_name":"Ghosts","floor":21,"gold_loss":0},{"damage_healed":0,"gold_gain":0,"cards_transformed":["Strike_B","Defend_B"],"player_choice":"Became Test Subject","damage_taken":0,"max_hp_gain":0,"max_hp_loss":0,"event_name":"Drug Dealer","floor":22,"gold_loss":0,"cards_obtained":["Force Field","Self Repair"]}],"is_beta":false,"boss_relics":[{"not_picked":["Coffee Dripper","Philosopher\u0027s Stone"],"picked":"Fusion Hammer"}],"items_purged_floors":[],"is_endless":false,"potions_floor_spawned":[1,7,12,13,16],"killed_by":"Slavers","ascension_level":12}