{"gold_per_floor":[109,109,59,59,74,74,105,105,130,130,14,28,28,43,43,164,164,189,189,114,114,114,114,133,33,33,76,16,34,34,34],"floor_reached":31,"playtime":1844,"items_purged":["Strike_G","Parasite"],"score":336,"play_id":"4156d62a-3a18-449f-9de6-946891493931","local_time":"20190706192859","is_ascension_mode":true,"campfire_choices":[{"floor":6,"key":"RECALL"},{"floor":8,"key":"REST"},{"data":"Infinite Blades","floor":13,"key":"SMITH"},{"floor":15,"key":"REST"},{"data":"J.A.X.","floor":23,"key":"SMITH"},{"floor":30,"key":"REST"}],"neow_cost":"TEN_PERCENT_HP_LOSS","seed_source_timestamp":1840823471169700,"circlet_count":0,"master_deck":["Defend_G","Defend_G","Defend_G+1","Defend_G","Survivor","Neutralize","Quick Slash","Acrobatics","Infinite Blades+1","Cloak And Dagger+1","Dramatic Entrance","Dagger Spray","Cloak And Dagger","Adrenaline","Dagger Throw","J.A.X.+1","Bite","Bite","Bite","Bite","Bite","Deflect+1","Accuracy+1"],"relics":["Ring of the Snake","WingedGreaves","Golden Idol","Dodecahedron","Sozu","Sundial","War Paint"],"potions_floor_usage":[16,16,16],"damage_taken":[{"damage":1,"enemies":"2 Louse","floor":1,"turns":4},{"damage":2,"enemies":"Jaw Worm","floor":5,"turns":4},{"damage":41,"enemies":"3 Sentries","floor":7,"turns":14},{"damage":0,"enemies":"Small Slimes","floor":12,"turns":3},{"damage":8,"enemies":"Exordium Thugs","floor":14,"turns":5},{"damage":65,"enemies":"Hexaghost","floor":16,"turns":12},{"damage":11,"enemies":"Spheric Guardian","floor":18,"turns":5},{"damage":6,"enemies":"3 Byrds","floor":24,"turns":5},{"damage":49,"enemies":"Book of Stabbing","floor":27,"turns":6},{"damage":3,"enemies":"Snecko","floor":29,"turns":3},{"damage":40,"enemies":"Snake Plant","floor":31,"turns":4}],"seed_played":"-1134480590468939946","potions_obtained":[{"floor":7,"key":"SkillPotion"},{"floor":12,"key":"LiquidBronze"},{"floor":14,"key":"Fruit Juice"}],"is_trial":false,"path_per_floor":["M","?","?","?","M","R","E","R","T","?","$","M","R","M","R","B",null,"M","?","$","?","?","R","M","$","T","E","?","M","R","M"],"character_chosen":"THE_SILENT","items_purchased":["Cloak And Dagger","Dramatic Entrance"],"campfire_rested":3,"item_purchase_floors":[11,11],"current_hp_per_floor":[62,62,62,62,60,60,19,37,37,52,52,52,52,44,62,2,52,41,41,41,41,41,41,47,44,44,9,9,16,29,0],"gold":34,"neow_bonus":"ONE_RARE_RELIC","is_prod":false,"is_daily":false,"chose_seed":false,"campfire_upgraded":2,"win_rate":0,"timestamp":1562466539,"path_taken":["M","?","?","?","?","R","E","R","T","?","$","M","R","M","R","BOSS","M","?","$","?","?","R","M","$","T","E","?","?","R","M"],"build_version":"2019-07-05","purchased_purges":2,"victory":false,"max_hp_per_floor":[63,63,63,63,63,63,63,63,63,63,63,63,63,63,63,68,68,68,68,68,47,47,47,47,44,44,44,44,44,44,44],"card_choices":[{"not_picked":["Riddle With Holes","Dodge and Roll"],"picked":"Quick Slash","floor":1},{"not_picked":["Underhanded Strike","Outmaneuver"],"picked":"Acrobatics","floor":5},{"not_picked":["Phantasmal Killer","Sucker Punch"],"picked":"Infinite Blades","floor":7},{"not_picked":["Crippling Poison","Noxious Fumes"],"picked":"Dagger Spray","floor":12},{"not_picked":["Sucker Punch","Dodge and Roll"],"picked":"Cloak And Dagger","floor":14},{"not_picked":["Night Terror","Venomology"],"picked":"Adrenaline","floor":16},{"not_picked":["Deflect","Dagger Spray"],"picked":"Dagger Throw","floor":18},{"not_picked":["Crippling Poison","Quick Slash"],"picked":"Deflect+1","floor":24},{"not_picked":["PiercingWail+1","Endless Agony"],"picked":"Accuracy+1","floor":27},{"not_picked":["Dagger Throw+1","Quick Slash","Caltrops"],"picked":"SKIP","floor":29}],"player_experience":620236,"relics_obtained":[{"floor":7,"key":"Dodecahedron"},{"floor":26,"key":"Sundial"},{"floor":27,"key":"War Paint"}],"event_choices":[{"damage_healed":0,"gold_gain":0,"player_choice":"Take Wound","damage_taken":0,"relics_obtained":["Golden Idol"],"max_hp_gain":0,"max_hp_loss":0,"event_name":"Golden Idol","floor":2,"gold_loss":0,"cards_obtained":["Injury"]},{"cards_removed":["Injury"],"damage_healed":0,"gold_gain":0,"player_choice":"Card Removal","damage_taken":0,"max_hp_gain":0,"max_hp_loss":0,"event_name":"The Cleric","floor":3,"gold_loss":50},{"cards_removed":["Strike_G"],"damage_healed":0,"gold_gain":0,"player_choice":"Purged","damage_taken":0,"max_hp_gain":0,"max_hp_loss":0,"event_name":"Purifier","floor":4,"gold_loss":0},{"damage_healed":15,"gold_gain":0,"player_choice":"Healed and dodged fight","damage_taken":0,"max_hp_gain":0,"max_hp_loss":0,"event_name":"Mushrooms","floor":10,"gold_loss":0,"cards_obtained":["Parasite"]},{"damage_healed":0,"gold_gain":0,"player_choice":"Obtain J.A.X.","damage_taken":0,"max_hp_gain":0,"max_hp_loss":0,"event_name":"Drug Dealer","floor":19,"gold_loss":0,"cards_obtained":["J.A.X."]},{"damage_healed":0,"gold_gain":0,"player_choice":"Became a vampire","damage_taken":0,"max_hp_gain":0,"max_hp_loss":21,"event_name":"Vampires","floor":21,"gold_loss":0,"cards_obtained":["Bite","Bite","Bite","Bite","Bite"]},{"damage_healed":0,"gold_gain":0,"player_choice":"Ignored","damage_taken":0,"max_hp_gain":0,"max_hp_loss":0,"event_name":"The Mausoleum","floor":22,"gold_loss":0},{"cards_removed":["Defend_G"],"damage_healed":0,"gold_gain":0,"player_choice":"Single Remove","damage_taken":0,"max_hp_gain":0,"max_hp_loss":0,"event_name":"Designer","floor":28,"gold_loss":60}],"is_beta":false,"boss_relics":[{"not_picked":["White Beast Statue","Cursed Key"],"picked":"Sozu"}],"items_purged_floors":[20,25],"is_endless":false,"potions_floor_spawned":[7,12,14,24,27,29],"killed_by":"Snake Plant","ascension_level":5}