{"gold_per_floor":[117,131,148,26,43,43,63,82,109,109,40,40,50,81,81,81],"floor_reached":16,"playtime":1468,"items_purged":[],"score":125,"play_id":"79ef695c-ff5a-49a8-9583-2f56ce8401ad","local_time":"20181225132840","is_ascension_mode":true,"campfire_choices":[{"data":"Heatsinks","floor":6,"key":"SMITH"},{"floor":10,"key":"REST"},{"floor":12,"key":"REST"},{"data":"Fission","floor":15,"key":"SMITH"}],"neow_cost":"PERCENT_DAMAGE","seed_source_timestamp":53236959311394,"circlet_count":0,"master_deck":["Strike_B","Strike_B","Strike_B","Strike_B","Defend_B","Defend_B","Defend_B","Defend_B","Zap","Dualcast","Secret Technique","PanicButton","Coolheaded","Consume","Gash","Heatsinks+1","Cold Snap","Coolheaded","Glacier","Redo","Defragment","Cold Snap","Fission+1"],"relics":["Cracked Core","Bronze Scales","Smiling Mask"],"potions_floor_usage":[],"damage_taken":[{"damage":0,"enemies":"Cultist","floor":1,"turns":3},{"damage":8,"enemies":"Small Slimes","floor":2,"turns":3},{"damage":0,"enemies":"2 Louse","floor":3,"turns":2},{"damage":1,"enemies":"2 Fungi Beasts","floor":5,"turns":4},{"damage":17,"enemies":"Large Slime","floor":7,"turns":9},{"damage":17,"enemies":"Lots of Slimes","floor":8,"turns":8},{"damage":23,"enemies":"Gremlin Gang","floor":13,"turns":6},{"damage":2,"enemies":"Lagavulin","floor":14,"turns":11},{"damage":32,"enemies":"Slime Boss","floor":16,"turns":3}],"seed_played":"-4652258125204442009","potions_obtained":[{"floor":5,"key":"SteroidPotion"},{"floor":8,"key":"EssenceOfSteel"},{"floor":14,"key":"Strength Potion"}],"is_trial":false,"path_per_floor":["M","M","M","$","M","R","M","M","T","R","$","R","M","E","R","B"],"character_chosen":"DEFECT","items_purchased":["Heatsinks","Cold Snap","Defragment"],"campfire_rested":2,"item_purchase_floors":[4,4,11],"current_hp_per_floor":[54,46,46,46,45,45,28,11,11,33,33,55,32,30,30,0],"gold":81,"neow_bonus":"RANDOM_COLORLESS_2","is_prod":false,"is_daily":false,"chose_seed":false,"campfire_upgraded":2,"win_rate":0,"timestamp":1545773320,"path_taken":["M","M","?","$","M","R","M","M","T","R","$","R","M","E","R","BOSS"],"build_version":"2018-12-20","purchased_purges":0,"victory":false,"max_hp_per_floor":[75,75,75,75,75,75,75,75,75,75,75,75,75,75,75,75],"card_choices":[{"not_picked":["Redo","Gash"],"picked":"Coolheaded","floor":1},{"not_picked":["Cold Snap","Sunder"],"picked":"Consume","floor":2},{"not_picked":["Stack","Steam Power"],"picked":"Gash","floor":3},{"not_picked":["Streamline","Beam Cell"],"picked":"Coolheaded","floor":5},{"not_picked":["Melter","Reprogram"],"picked":"Glacier","floor":7},{"not_picked":["Double Energy","Melter"],"picked":"Redo","floor":8},{"not_picked":["Melter","Self Repair"],"picked":"Cold Snap","floor":13},{"not_picked":["Force Field","Static Discharge"],"picked":"Fission","floor":14}],"player_experience":99353,"relics_obtained":[{"floor":9,"key":"Bronze Scales"},{"floor":14,"key":"Smiling Mask"}],"event_choices":[],"is_beta":false,"boss_relics":[],"items_purged_floors":[],"is_endless":false,"potions_floor_spawned":[5,8,14],"killed_by":"Slime Boss","ascension_level":4}