{"gold_per_floor":[109,126,57,57,57,82,92,124,150,150,150,167,167,184,184,288,288,300,310,38,38,52,52,65,99,99,117,117,117,117,149,161,270,282,310,340,363,387,155,155,155,155,179,179,193,220,236,250,250,250,250,250,66,97,97],"floor_reached":55,"playtime":3121,"items_purged":["Strike_G","Defend_G"],"score":849,"play_id":"2220fa84-68bb-4f01-95fb-1f3276c28169","local_time":"20190515101259","is_ascension_mode":false,"campfire_choices":[{"floor":11,"key":"REST"},{"data":"Riddle With Holes","floor":13,"key":"SMITH"},{"data":"Dagger Spray","floor":15,"key":"SMITH"},{"data":"Neutralize","floor":23,"key":"SMITH"},{"data":"Burst","floor":28,"key":"SMITH"},{"floor":32,"key":"REST"},{"data":"Footwork","floor":40,"key":"SMITH"},{"floor":42,"key":"RECALL"},{"floor":49,"key":"REST"},{"data":"Dash","floor":52,"key":"SMITH"}],"neow_cost":"NONE","seed_source_timestamp":890003374866900,"circlet_count":0,"master_deck":["Defend_G","Defend_G","Strike_G+1","Survivor","Neutralize+1","Blur","Deadly Poison","Noxious Fumes+1","Dash+1","PiercingWail","Riddle With Holes+1","Dagger Spray+1","Die Die Die","Dodge and Roll+1","Acrobatics+1","Backflip","Sucker Punch+1","Burst+1","Footwork+1","Corpse Explosion","Leg Sweep+1","Flying Knee+1","Tactician+1","PiercingWail+1","Distraction+1","Riddle With Holes+1","Finesse","Deflect+1","Escape Plan","Noxious Fumes","Malaise"],"relics":["Ring of the Snake","Anchor","Regal Pillow","PreservedInsect","Vajra","Sozu","Bag of Marbles","Strawberry","MawBank","Astrolabe","Pen Nib","Bronze Scales","FaceOfCleric","Oddly Smooth Stone","Shuriken"],"potions_floor_usage":[16,33,55,55],"damage_taken":[{"damage":2,"enemies":"Jaw Worm","floor":1,"turns":4},{"damage":2,"enemies":"Small Slimes","floor":2,"turns":4},{"damage":24,"enemies":"Gremlin Nob","floor":6,"turns":5},{"damage":0,"enemies":"Cultist","floor":7,"turns":4},{"damage":8,"enemies":"3 Sentries","floor":8,"turns":7},{"damage":0,"enemies":"3 Louse","floor":12,"turns":4},{"damage":0,"enemies":"Large Slime","floor":14,"turns":4},{"damage":0,"enemies":"Slime Boss","floor":16,"turns":8},{"damage":2,"enemies":"Chosen","floor":18,"turns":4},{"damage":12,"enemies":"Spheric Guardian","floor":19,"turns":4},{"damage":20,"enemies":"Snake Plant","floor":22,"turns":5},{"damage":7,"enemies":"Chosen and Byrds","floor":24,"turns":5},{"damage":0,"enemies":"Slavers","floor":25,"turns":3},{"damage":3,"enemies":"Sentry and Sphere","floor":27,"turns":7},{"damage":2,"enemies":"Book of Stabbing","floor":31,"turns":4},{"damage":19,"enemies":"Champ","floor":33,"turns":16},{"damage":0,"enemies":"3 Darklings","floor":35,"turns":4},{"damage":0,"enemies":"3 Shapes","floor":36,"turns":3},{"damage":29,"enemies":"Spire Growth","floor":37,"turns":5},{"damage":2,"enemies":"Sphere and 2 Shapes","floor":38,"turns":6},{"damage":0,"enemies":"Transient","floor":45,"turns":5},{"damage":0,"enemies":"Giant Head","floor":46,"turns":7},{"damage":17,"enemies":"Jaw Worm Horde","floor":47,"turns":3},{"damage":0,"enemies":"3 Darklings","floor":48,"turns":4},{"damage":13,"enemies":"Awakened One","floor":50,"turns":20},{"damage":30,"enemies":"Shield and Spear","floor":54,"turns":5},{"damage":58,"enemies":"The Heart","floor":55,"turns":5}],"seed_played":"5571341864916225099","potions_obtained":[{"floor":1,"key":"SteroidPotion"},{"floor":8,"key":"AttackPotion"},{"floor":12,"key":"SkillPotion"},{"floor":16,"key":"PowerPotion"}],"is_trial":false,"path_per_floor":["M","M","$","?","?","E","M","E","T","?","R","M","R","M","R","B",null,"M","M","$","?","M","R","M","E","T","M","R","?","?","E","R","B",null,"M","M","M","M","$","R","?","R","T","?","M","E","M","M","R","B",null,"R","$","E","B"],"character_chosen":"THE_SILENT","items_purchased":["Noxious Fumes","Backflip","Bag of Marbles","Pen Nib","Noxious Fumes","Malaise"],"campfire_rested":3,"item_purchase_floors":[3,20,20,39,53,53],"current_hp_per_floor":[68,66,66,59,45,21,21,13,13,1,37,37,37,37,37,37,70,68,56,56,56,36,36,29,36,36,33,33,19,19,17,56,37,82,82,82,53,51,51,51,51,51,51,51,52,53,37,38,78,66,87,87,87,58,0],"gold":97,"neow_bonus":"RANDOM_COMMON_RELIC","is_prod":false,"is_daily":false,"chose_seed":false,"campfire_upgraded":6,"win_rate":0,"timestamp":1557911579,"path_taken":["M","M","$","?","?","E","M","E","T","?","R","M","R","?","R","BOSS","M","M","?","?","M","R","M","E","T","M","R","?","?","E","R","BOSS","M","M","M","?","$","R","?","R","T","?","?","E","M","M","R","BOSS","R","$","E","BOSS"],"build_version":"2019-01-23","purchased_purges":2,"victory":false,"max_hp_per_floor":[70,70,70,70,70,70,70,70,70,70,70,70,70,70,70,70,70,70,70,70,70,70,70,70,77,77,77,77,82,82,82,82,82,82,82,82,82,82,82,82,82,82,82,82,83,84,85,86,86,87,87,87,87,88,88],"card_choices":[{"not_picked":["Skewer","Predator"],"picked":"Blur","floor":1},{"not_picked":["Catalyst","Expertise"],"picked":"Deadly Poison","floor":2},{"not_picked":["Infinite Blades","Calculated Gamble","All Out Attack"],"picked":"SKIP","floor":6},{"not_picked":["Backstab","Tactician"],"picked":"Dash","floor":7},{"not_picked":["All Out Attack","Caltrops"],"picked":"PiercingWail","floor":8},{"not_picked":["Concentrate","Acrobatics"],"picked":"Riddle With Holes","floor":12},{"not_picked":["Deadly Poison","Dodge and Roll"],"picked":"Dagger Spray","floor":14},{"not_picked":["Night Terror","Tools of the Trade"],"picked":"Die Die Die","floor":16},{"not_picked":["Poisoned Stab+1","Bane"],"picked":"Dodge and Roll+1","floor":18},{"not_picked":["Eviscerate","Dagger Throw"],"picked":"Acrobatics+1","floor":19},{"not_picked":["Underhanded Strike","Flechettes","Bane"],"picked":"SKIP","floor":22},{"not_picked":["Backflip","Bouncing Flask"],"picked":"Sucker Punch+1","floor":24},{"not_picked":["Backflip","Blade Dance"],"picked":"Burst","floor":25},{"not_picked":["Cloak And Dagger","Dagger Throw","Bane"],"picked":"SKIP","floor":27},{"not_picked":["Accuracy","Tools of the Trade","Deadly Poison"],"picked":"SKIP","floor":31},{"not_picked":["Malaise","Night Terror"],"picked":"Corpse Explosion","floor":33},{"not_picked":["Outmaneuver+1","Deflect"],"picked":"PiercingWail+1","floor":35},{"not_picked":["Sucker Punch+1","Riddle With Holes","Accuracy+1"],"picked":"SKIP","floor":36},{"not_picked":["Cloak And Dagger","Poisoned Stab"],"picked":"Distraction+1","floor":37},{"not_picked":["Backflip","Blur"],"picked":"Riddle With Holes+1","floor":38},{"not_picked":["Dark Shackles","Enlightenment"],"picked":"Finesse","floor":41},{"not_picked":["Dash+1","Underhanded Strike"],"picked":"Deflect+1","floor":45},{"not_picked":["Calculated Gamble","Outmaneuver+1"],"picked":"Escape Plan","floor":46},{"not_picked":["Underhanded Strike+1","Dagger Throw","Blade Dance+1"],"picked":"SKIP","floor":47},{"not_picked":["Dagger Throw","Prepared","Dagger Spray+1"],"picked":"SKIP","floor":48},{"not_picked":["Sucker Punch","Crippling Poison+1","Cloak And Dagger+1"],"picked":"SKIP","floor":54}],"player_experience":1271531,"relics_obtained":[{"floor":6,"key":"Regal Pillow"},{"floor":8,"key":"PreservedInsect"},{"floor":9,"key":"Vajra"},{"floor":25,"key":"Strawberry"},{"floor":31,"key":"MawBank"},{"floor":43,"key":"Bronze Scales"},{"floor":46,"key":"Oddly Smooth Stone"},{"floor":54,"key":"Shuriken"}],"event_choices":[{"cards_removed":["Strike_G"],"damage_healed":0,"gold_gain":0,"player_choice":"Card Removal","damage_taken":7,"max_hp_gain":0,"max_hp_loss":0,"event_name":"Golden Wing","floor":4,"gold_loss":0},{"damage_healed":0,"gold_gain":0,"player_choice":"Entered Light","damage_taken":14,"max_hp_gain":0,"max_hp_loss":0,"event_name":"Shining Light","floor":5,"gold_loss":0,"cards_upgraded":["Strike_G","Noxious Fumes"]},{"damage_healed":0,"gold_gain":0,"player_choice":"Fled","damage_taken":12,"max_hp_gain":0,"max_hp_loss":0,"event_name":"Scrap Ooze","floor":10,"gold_loss":0},{"damage_healed":0,"gold_gain":0,"player_choice":"Ignored","damage_taken":0,"max_hp_gain":0,"max_hp_loss":0,"event_name":"Beggar","floor":21,"gold_loss":0},{"damage_healed":0,"gold_gain":0,"player_choice":"Shed Blood","damage_taken":19,"max_hp_gain":5,"max_hp_loss":0,"event_name":"Forgotten Altar","floor":29,"gold_loss":0},{"damage_healed":0,"gold_gain":0,"cards_transformed":["Defend_G"],"player_choice":"Transformed","damage_taken":0,"max_hp_gain":0,"max_hp_loss":0,"event_name":"Transmorgrifier","floor":30,"gold_loss":0,"cards_obtained":["Footwork"]},{"damage_healed":0,"gold_gain":0,"player_choice":"Memory 1","damage_taken":0,"max_hp_gain":0,"max_hp_loss":0,"event_name":"SensoryStone","floor":41,"gold_loss":0},{"damage_healed":0,"gold_gain":0,"player_choice":"Trade","damage_taken":0,"relics_obtained":["FaceOfCleric"],"max_hp_gain":0,"max_hp_loss":0,"event_name":"FaceTrader","floor":44,"gold_loss":0}],"is_beta":false,"boss_relics":[{"not_picked":["Eternal Feather","White Beast Statue"],"picked":"Sozu"},{"not_picked":["Runic Pyramid","Calling Bell"],"picked":"Astrolabe"}],"items_purged_floors":[20,39],"is_endless":false,"potions_floor_spawned":[1,8,12,14,16,18,24,25,33,35,37,47,48],"killed_by":"The Heart","ascension_level":0}