{"path_per_floor":["M","M","M","$","M","R","$","R","T","E","?","R","E","M","R","B",null,"M","T","M","M","$","R","E","M","T","E","R","?","R","M","R"],"character_chosen":"DEFECT","items_purchased":["Redo","Bag of Preparation"],"gold_per_floor":[115,125,141,19,32,32,32,32,110,139,139,139,165,185,185,290,290,307,307,326,339,87,87,115,134,134,169,169,94,94,108,108,108],"floor_reached":33,"campfire_rested":0,"playtime":1973,"item_purchase_floors":[4,22],"current_hp_per_floor":[75,74,67,67,36,36,36,36,36,29,29,29,13,13,13,3,82,68,68,61,61,61,61,44,54,54,64,64,64,64,74,74,0],"items_purged":["Strike_B","Strike_B"],"gold":108,"score":352,"play_id":"a9b7e663-b65c-495c-82cf-7cbf25d58c5a","local_time":"20180604085031","is_prod":false,"is_daily":false,"chose_seed":false,"is_ascension_mode":true,"campfire_upgraded":8,"win_rate":0,"timestamp":1528098631,"campfire_choices":[{"data":"Dualcast","floor":6,"key":"SMITH"},{"data":"Redo","floor":8,"key":"SMITH"},{"data":"Hologram","floor":12,"key":"SMITH"},{"data":"Chill","floor":15,"key":"SMITH"},{"data":"Barrage","floor":23,"key":"SMITH"},{"data":"Loop","floor":28,"key":"SMITH"},{"data":"Glacier","floor":30,"key":"SMITH"},{"data":"Reboot","floor":32,"key":"SMITH"}],"path_taken":["M","M","M","$","M","R","$","R","T","E","?","R","E","M","R","BOSS","M","?","M","M","$","R","E","M","T","E","R","?","R","M","R","BOSS"],"build_version":"2018-05-31","seed_source_timestamp":66673871582045,"purchased_purges":2,"victory":false,"master_deck":["Strike_B","Defend_B","Defend_B","Defend_B","Defend_B","Zap+1","Dualcast+1","Hologram+1","Compile Driver","Hologram+1","Redo+1","Glacier+1","Loop+1","Chill+1","Reboot+1","Barrage+1","Barrage+1","Self Repair+1","Conserve Battery+1","Hologram+1"],"max_hp_per_floor":[75,75,75,75,75,75,75,75,75,82,82,82,82,82,82,82,82,82,82,82,82,82,82,82,82,82,82,82,82,82,82,82,82],"relics":["Cracked Core","Tiny Chest","Strawberry","Pantograph","Nuclear Battery","Bag of Marbles","Bag of Preparation","Orichalcum","Cables","Darkstone Periapt"],"card_choices":[{"not_picked":["Turbo","Barrage"],"picked":"Hologram","floor":1},{"not_picked":["Genetic Algorithm","Doom and Gloom"],"picked":"Compile Driver","floor":2},{"not_picked":["Aggregate","Melter"],"picked":"Hologram","floor":3},{"not_picked":["Reprogram","All For One","Conserve Battery"],"picked":"SKIP","floor":5},{"not_picked":["White Noise","Hello World"],"picked":"Glacier","floor":10},{"not_picked":["Rip and Tear","Recycle"],"picked":"Loop","floor":13},{"not_picked":["BootSequence","Coolheaded"],"picked":"Chill","floor":14},{"not_picked":["Electrodynamics","Core Surge"],"picked":"Reboot","floor":16},{"not_picked":["Genetic Algorithm","Turbo"],"picked":"Barrage+1","floor":18},{"not_picked":["Redo","Leap"],"picked":"Barrage","floor":20},{"not_picked":["Rebound","Double Energy"],"picked":"Self Repair+1","floor":21},{"not_picked":["Reinforced Body","Sunder","Reboot"],"picked":"SKIP","floor":24},{"not_picked":["Doom and Gloom","Gash"],"picked":"Conserve Battery+1","floor":25},{"not_picked":["Reinforced Body+1","Ball Lightning","Darkness+1"],"picked":"SKIP","floor":27},{"not_picked":["Coolheaded+1","Storm"],"picked":"Hologram+1","floor":31}],"player_experience":628212,"potions_floor_usage":[10,10,16,27,27],"damage_taken":[{"damage":0,"enemies":"2 Louse","floor":1,"turns":3},{"damage":1,"enemies":"Cultist","floor":2,"turns":3},{"damage":7,"enemies":"Small Slimes","floor":3,"turns":3},{"damage":31,"enemies":"Exordium Thugs","floor":5,"turns":4},{"damage":14,"enemies":"3 Sentries","floor":10,"turns":5},{"damage":16,"enemies":"Lagavulin","floor":13,"turns":5},{"damage":0,"enemies":"2 Fungi Beasts","floor":14,"turns":3},{"damage":35,"enemies":"Slime Boss","floor":16,"turns":9},{"damage":14,"enemies":"3 Byrds","floor":18,"turns":6},{"damage":7,"enemies":"Shell Parasite","floor":20,"turns":3},{"damage":0,"enemies":"Chosen and Byrds","floor":21,"turns":5},{"damage":27,"enemies":"Gremlin Leader","floor":24,"turns":9},{"damage":0,"enemies":"3 Cultists","floor":25,"turns":4},{"damage":0,"enemies":"Slavers","floor":27,"turns":6},{"damage":0,"enemies":"Snake Plant","floor":31,"turns":3},{"damage":87,"enemies":"Champ","floor":33,"turns":19}],"relics_obtained":[{"floor":9,"key":"Tiny Chest"},{"floor":10,"key":"Strawberry"},{"floor":13,"key":"Pantograph"},{"floor":19,"key":"Bag of Marbles"},{"floor":24,"key":"Orichalcum"},{"floor":26,"key":"Cables"},{"floor":27,"key":"Darkstone Periapt"}],"event_choices":[{"event_name":"Accursed Blacksmith","player_choice":"Forge","floor":11,"damage_taken":0},{"event_name":"Beggar","player_choice":"Gave Gold","floor":29,"damage_taken":0}],"boss_relics":[{"not_picked":["Ectoplasm","Runic Pyramid"],"picked":"Nuclear Battery"}],"items_purged_floors":[4,22],"potions_floor_spawned":[3,5,14,18,24,25],"seed_played":"-386148611041301616","killed_by":"Champ","ascension_level":2,"potions_obtained":[{"floor":3,"key":"Explosive Potion"},{"floor":5,"key":"AttackPotion"},{"floor":14,"key":"Swift Potion"},{"floor":18,"key":"Swift Potion"},{"floor":24,"key":"SkillPotion"},{"floor":25,"key":"Fire Potion"}],"is_trial":false}