{"gold_per_floor":[114,124,143,1,1,31,31,46,97,97,130,153,153,165,165,239,239,257,268,268,280,280,280],"floor_reached":23,"playtime":967,"items_purged":[],"score":362,"play_id":"c013a1f2-8c04-4426-b04c-255ad28c1e51","local_time":"20190324175629","is_ascension_mode":true,"campfire_choices":[{"data":"Discovery","floor":7,"key":"SMITH"},{"data":"Body Slam","floor":10,"key":"SMITH"},{"data":"Bash","floor":13,"key":"SMITH"},{"data":"Spot Weakness","floor":15,"key":"SMITH"}],"neow_cost":"NONE","seed_source_timestamp":322150843912876,"circlet_count":0,"master_deck":["AscendersBane","Strike_R","Strike_R","Strike_R","Strike_R","Strike_R","Defend_R+1","Defend_R+1","Defend_R","Defend_R","Bash+1","Pommel Strike","Spot Weakness+1","Body Slam+1","Discovery+1","Evolve","Warcry","Shockwave","Seeing Red","Shrug It Off","Headbutt","Double Tap","Warcry+1","Disarm","Pummel"],"relics":["Burning Blood","Ancient Tea Set","Regal Pillow","Red Skull","War Paint","Gambling Chip","Odd Mushroom","Eternal Feather"],"potions_floor_usage":[6,16],"damage_taken":[{"damage":1,"enemies":"Cultist","floor":1,"turns":3},{"damage":0,"enemies":"Small Slimes","floor":2,"turns":3},{"damage":13,"enemies":"Jaw Worm","floor":3,"turns":4},{"damage":36,"enemies":"Gremlin Nob","floor":6,"turns":4},{"damage":0,"enemies":"Exordium Wildlife","floor":8,"turns":3},{"damage":10,"enemies":"Lagavulin","floor":11,"turns":5},{"damage":4,"enemies":"The Mushroom Lair","floor":12,"turns":3},{"damage":0,"enemies":"Large Slime","floor":14,"turns":4},{"damage":25,"enemies":"The Guardian","floor":16,"turns":7},{"damage":19,"enemies":"Spheric Guardian","floor":18,"turns":4},{"damage":30,"enemies":"3 Byrds","floor":19,"turns":5},{"damage":12,"enemies":"Shelled Parasite and Fungi","floor":21,"turns":5},{"damage":37,"enemies":"Slavers","floor":23,"turns":3}],"seed_played":"-7338259855968931301","potions_obtained":[{"floor":2,"key":"FearPotion"},{"floor":11,"key":"Block Potion"},{"floor":12,"key":"Block Potion"},{"floor":14,"key":"FearPotion"},{"floor":16,"key":"Strength Potion"}],"is_trial":false,"path_per_floor":["M","M","M","$","T","E","R","M","T","R","E","?","R","M","R","B",null,"M","M","?","M","?","E"],"character_chosen":"IRONCLAD","items_purchased":["Discovery","Evolve"],"campfire_rested":0,"item_purchase_floors":[4,4],"current_hp_per_floor":[73,75,68,68,68,38,38,44,44,44,40,42,42,48,48,29,64,51,27,42,36,36,0],"gold":280,"neow_bonus":"RANDOM_COMMON_RELIC","is_prod":false,"is_daily":false,"chose_seed":false,"campfire_upgraded":4,"win_rate":0,"timestamp":1553464589,"path_taken":["M","M","M","$","?","E","R","M","T","R","E","?","R","?","R","BOSS","M","M","?","M","?","E"],"build_version":"2019-01-23","purchased_purges":0,"victory":false,"max_hp_per_floor":[75,75,75,75,75,75,75,75,75,75,75,75,75,75,75,75,75,75,75,75,75,75,75],"card_choices":[{"not_picked":["Cleave","Iron Wave"],"picked":"Pommel Strike","floor":1},{"not_picked":["Disarm","Metallicize"],"picked":"Spot Weakness","floor":2},{"not_picked":["Havoc","Wild Strike"],"picked":"Body Slam","floor":3},{"not_picked":["Dual Wield","Cleave"],"picked":"Warcry","floor":6},{"not_picked":["Twin Strike","Burning Pact"],"picked":"Shockwave","floor":8},{"not_picked":["Clash","Thunderclap"],"picked":"Seeing Red","floor":11},{"not_picked":["Wild Strike","Barricade"],"picked":"Shrug It Off","floor":12},{"not_picked":["Reckless Charge","Fire Breathing"],"picked":"Headbutt","floor":14},{"not_picked":["Bludgeon","Demon Form"],"picked":"Double Tap","floor":16},{"not_picked":["Seeing Red","Wild Strike"],"picked":"Warcry+1","floor":18},{"not_picked":["Twin Strike","Havoc"],"picked":"Disarm","floor":19},{"not_picked":["Clothesline","Perfected Strike"],"picked":"Pummel","floor":21}],"player_experience":327146,"relics_obtained":[{"floor":5,"key":"Regal Pillow"},{"floor":6,"key":"Red Skull"},{"floor":9,"key":"War Paint"},{"floor":11,"key":"Gambling Chip"},{"floor":12,"key":"Odd Mushroom"}],"event_choices":[{"damage_healed":0,"gold_gain":0,"player_choice":"Fought Mushrooms","damage_taken":0,"max_hp_gain":0,"max_hp_loss":0,"event_name":"Mushrooms","floor":12,"gold_loss":0},{"damage_healed":15,"gold_gain":0,"player_choice":"Heal","damage_taken":0,"max_hp_gain":0,"max_hp_loss":0,"event_name":"The Library","floor":20,"gold_loss":0},{"damage_healed":0,"gold_gain":0,"player_choice":"Ignored","damage_taken":0,"max_hp_gain":0,"max_hp_loss":0,"event_name":"Ghosts","floor":22,"gold_loss":0}],"is_beta":false,"boss_relics":[{"not_picked":["Orrery","Astrolabe"],"picked":"Eternal Feather"}],"items_purged_floors":[],"is_endless":false,"potions_floor_spawned":[2,11,12,14,16,21],"killed_by":"Slavers","ascension_level":16}