{"gold_per_floor":[110,29,49,65,84,84,117,117,143,163,182,207,231,231,231,331,331,349,449,463,483,503,503,515,526,526,3,16,16,32,44,44,144,144,158,8,8,24,24,24,49,49,75,90,110,110,135,148,148,148],"floor_reached":51,"playtime":7149,"items_purged":["Strike_B"],"score":700,"play_id":"d4d59111-d5a0-438f-a5ed-061d894a9d11","local_time":"20190703133837","is_ascension_mode":false,"campfire_choices":[{"floor":6,"key":"REST"},{"data":"Echo Form","floor":8,"key":"SMITH"},{"floor":15,"key":"REST"},{"floor":23,"key":"REST"},{"floor":32,"key":"REST"},{"floor":40,"key":"REST"},{"data":"Double Energy","floor":42,"key":"SMITH"},{"floor":49,"key":"REST"}],"neow_cost":"PERCENT_DAMAGE","seed_source_timestamp":1008252542789671,"circlet_count":0,"master_deck":["Defend_B","Defend_B","Defend_B","Defend_B","Zap","Dualcast","Streamline","Echo Form+1","FTL","Genetic Algorithm","White Noise","Go for the Eyes","All For One","Defragment+1","Sweeping Beam","Double Energy+1","Machine Learning","Conserve Battery","Skim","Streamline+1","Undo","Loop","Ball Lightning+1","Compile Driver","Rainbow","FTL","Coolheaded+1","Enlightenment"],"relics":["Cracked Core","Regal Pillow","Smiling Mask","Omamori","Odd Mushroom","Cursed Key","Ornamental Fan","Pantograph","ClockworkSouvenir","Nuclear Battery","Bronze Scales","Bottled Lightning","Oddly Smooth Stone","Boot"],"potions_floor_usage":[10,12,16,24,25,30,33,48,50,50],"damage_taken":[{"damage":0,"enemies":"2 Louse","floor":1,"turns":5},{"damage":1,"enemies":"Cultist","floor":3,"turns":3},{"damage":1,"enemies":"Jaw Worm","floor":4,"turns":4},{"damage":7,"enemies":"Blue Slaver","floor":5,"turns":3},{"damage":8,"enemies":"Lagavulin","floor":7,"turns":7},{"damage":13,"enemies":"Exordium Thugs","floor":10,"turns":4},{"damage":8,"enemies":"Lots of Slimes","floor":11,"turns":3},{"damage":0,"enemies":"3 Sentries","floor":12,"turns":2},{"damage":24,"enemies":"The Mushroom Lair","floor":13,"turns":4},{"damage":25,"enemies":"Slime Boss","floor":16,"turns":8},{"damage":14,"enemies":"Spheric Guardian","floor":18,"turns":4},{"damage":17,"enemies":"Shell Parasite","floor":20,"turns":5},{"damage":5,"enemies":"Centurion and Healer","floor":21,"turns":7},{"damage":7,"enemies":"Snecko","floor":22,"turns":5},{"damage":11,"enemies":"Snake Plant","floor":24,"turns":3},{"damage":6,"enemies":"Cultist and Chosen","floor":25,"turns":6},{"damage":8,"enemies":"Chosen and Byrds","floor":28,"turns":5},{"damage":8,"enemies":"Snake Plant","floor":30,"turns":4},{"damage":14,"enemies":"3 Cultists","floor":31,"turns":5},{"damage":18,"enemies":"Automaton","floor":33,"turns":7},{"damage":5,"enemies":"3 Shapes","floor":35,"turns":5},{"damage":32,"enemies":"3 Darklings","floor":38,"turns":4},{"damage":13,"enemies":"Nemesis","floor":41,"turns":9},{"damage":6,"enemies":"Transient","floor":44,"turns":5},{"damage":4,"enemies":"Maw","floor":45,"turns":6},{"damage":1,"enemies":"Reptomancer","floor":47,"turns":7},{"damage":19,"enemies":"Jaw Worm Horde","floor":48,"turns":5},{"damage":73,"enemies":"Awakened One","floor":50,"turns":15}],"seed_played":"-7592741518889331157","potions_obtained":[{"floor":4,"key":"PowerPotion"},{"floor":5,"key":"Energy Potion"},{"floor":10,"key":"Poison Potion"},{"floor":11,"key":"Block Potion"},{"floor":13,"key":"LiquidBronze"},{"floor":18,"key":"Fire Potion"},{"floor":24,"key":"Weak Potion"},{"floor":35,"key":"Energy Potion"},{"floor":44,"key":"Block Potion"},{"floor":45,"key":"PowerPotion"}],"is_trial":false,"path_per_floor":["M","?","M","M","M","R","E","R","T","M","M","E","?","?","R","B",null,"M","?","M","M","M","R","M","M","T","$","M","$","M","M","R","B",null,"M","$","?","M","?","R","E","R","T","M","M","?","E","M","R","B",null],"character_chosen":"DEFECT","items_purchased":["Pantograph","ClockworkSouvenir","Loop","Bronze Scales"],"campfire_rested":6,"item_purchase_floors":[27,27,27,36],"current_hp_per_floor":[54,54,53,52,45,75,67,67,67,54,46,46,22,22,59,34,75,61,61,44,39,32,69,58,52,52,52,44,44,36,22,59,57,75,70,70,70,38,38,75,62,62,62,56,52,52,51,32,69,2],"gold":148,"neow_bonus":"TRANSFORM_TWO_CARDS","is_prod":false,"is_daily":false,"chose_seed":false,"campfire_upgraded":2,"win_rate":0,"timestamp":1562186317,"path_taken":["M","?","?","M","M","R","E","R","T","M","M","E","?","?","R","BOSS","M","?","M","M","M","R","M","?","T","$","M","$","M","M","R","BOSS","M","$","?","M","?","R","E","R","T","M","?","?","E","M","R","BOSS"],"build_version":"2019-07-01","purchased_purges":1,"victory":true,"max_hp_per_floor":[75,75,75,75,75,75,75,75,75,75,75,75,75,75,75,75,75,75,75,75,75,75,75,75,75,75,75,75,75,75,75,75,75,75,75,75,75,75,75,75,75,75,75,75,75,75,75,75,75,75],"card_choices":[{"not_picked":["Go for the Eyes","Barrage"],"picked":"FTL","floor":1},{"not_picked":["Gash","Coolheaded"],"picked":"Genetic Algorithm","floor":3},{"not_picked":["Stack","Turbo"],"picked":"White Noise","floor":4},{"not_picked":["Tempest","Stack"],"picked":"Go for the Eyes","floor":5},{"not_picked":["Go for the Eyes","Tempest"],"picked":"All For One","floor":7},{"not_picked":["Scrape","Rip and Tear"],"picked":"Defragment","floor":10},{"not_picked":["Turbo","Blizzard","Stack"],"picked":"SKIP","floor":11},{"not_picked":["Gash","Fusion"],"picked":"Sweeping Beam","floor":12},{"not_picked":["Steam","Reprogram"],"picked":"Double Energy","floor":13},{"not_picked":["Multi-Cast","Fission"],"picked":"Machine Learning","floor":16},{"not_picked":["Rebound","Barrage+1"],"picked":"Conserve Battery","floor":18},{"not_picked":["Redo","Steam"],"picked":"Skim","floor":20},{"not_picked":["Sweeping Beam+1","Hello World","Streamline"],"picked":"SKIP","floor":21},{"not_picked":["Storm","Go for the Eyes+1"],"picked":"Streamline+1","floor":22},{"not_picked":["Rip and Tear","Recycle"],"picked":"Undo","floor":24},{"not_picked":["Ball Lightning","Sweeping Beam+1","Auto Shields"],"picked":"SKIP","floor":25},{"not_picked":["Barrage","Redo"],"picked":"Ball Lightning+1","floor":28},{"not_picked":["Hologram","Thunder Strike"],"picked":"Compile Driver","floor":30},{"not_picked":["Scrape","Streamline","Steam"],"picked":"SKIP","floor":31},{"not_picked":["Biased Cognition","Fission"],"picked":"Rainbow","floor":33},{"not_picked":["Compile Driver","Cold Snap+1"],"picked":"FTL","floor":35},{"not_picked":["Glacier","Scrape+1"],"picked":"Coolheaded+1","floor":38},{"not_picked":["White Noise","Undo","Doom and Gloom+1"],"picked":"SKIP","floor":41},{"not_picked":["Hologram+1","Blizzard","Reprogram+1"],"picked":"SKIP","floor":44},{"not_picked":["Turbo","Ball Lightning+1","Barrage+1"],"picked":"SKIP","floor":45},{"not_picked":["Deep Breath","Forethought"],"picked":"Enlightenment","floor":46},{"not_picked":["Gash+1","Compile Driver+1","Cold Snap"],"picked":"SKIP","floor":47},{"not_picked":["Hologram+1","Beam Cell","Go for the Eyes"],"picked":"SKIP","floor":48}],"player_experience":613908,"relics_obtained":[{"floor":7,"key":"Smiling Mask"},{"floor":12,"key":"Omamori"},{"floor":13,"key":"Odd Mushroom"},{"floor":26,"key":"Ornamental Fan"},{"floor":41,"key":"Bottled Lightning"},{"floor":43,"key":"Oddly Smooth Stone"},{"floor":47,"key":"Boot"}],"event_choices":[{"damage_healed":0,"gold_gain":0,"player_choice":"Paid Gold","damage_taken":0,"relics_obtained":["Regal Pillow"],"max_hp_gain":0,"max_hp_loss":0,"event_name":"WeMeetAgain","floor":2,"gold_loss":81},{"damage_healed":0,"gold_gain":0,"player_choice":"Fought Mushrooms","damage_taken":0,"max_hp_gain":0,"max_hp_loss":0,"event_name":"Mushrooms","floor":13,"gold_loss":0},{"damage_healed":0,"gold_gain":0,"player_choice":"Grow","damage_taken":0,"max_hp_gain":0,"max_hp_loss":0,"event_name":"Living Wall","floor":14,"gold_loss":0,"cards_upgraded":["Defragment"]},{"damage_healed":0,"gold_gain":100,"player_choice":"Pray","damage_taken":0,"max_hp_gain":0,"max_hp_loss":0,"event_name":"Golden Shrine","floor":19,"gold_loss":0},{"damage_healed":0,"gold_gain":0,"player_choice":"Ignored","damage_taken":0,"max_hp_gain":0,"max_hp_loss":0,"event_name":"Mysterious Sphere","floor":37,"gold_loss":0},{"cards_removed":["Strike_B"],"damage_healed":0,"gold_gain":0,"player_choice":"Offered Basic","damage_taken":0,"max_hp_gain":0,"max_hp_loss":0,"event_name":"Bonfire Elementals","floor":39,"gold_loss":0},{"damage_healed":0,"gold_gain":0,"player_choice":"Memory 1","damage_taken":0,"max_hp_gain":0,"max_hp_loss":0,"event_name":"SensoryStone","floor":46,"gold_loss":0}],"is_beta":false,"boss_relics":[{"not_picked":["Velvet Choker","Inserter"],"picked":"Cursed Key"},{"not_picked":["Runic Pyramid","Runic Dome"],"picked":"Nuclear Battery"}],"items_purged_floors":[27],"is_endless":false,"potions_floor_spawned":[4,5,10,11,13,18,20,22,24,35,44,45],"ascension_level":0}