{"gold_per_floor":[119,43,43,57,73,73,103,117,117,117,149,149,159,171,171,249,249,259,279,279],"floor_reached":20,"playtime":601,"items_purged":[],"score":390,"play_id":"23c5d529-b694-4426-9423-73ceeb76ee9f","local_time":"20190401213300","is_ascension_mode":true,"campfire_choices":[{"data":"Fiend Fire","floor":6,"key":"SMITH"},{"data":"Whirlwind","floor":10,"key":"SMITH"},{"floor":15,"key":"REST"}],"neow_cost":"NONE","seed_source_timestamp":1026709547217129,"circlet_count":0,"master_deck":["AscendersBane","Strike_R","Strike_R","Strike_R","Strike_R","Strike_R","Defend_R","Defend_R","Defend_R","Defend_R","Bash","Fiend Fire+1","Inflame+1","Carnage","Pain","Whirlwind+1","True Grit","Anger","Pommel Strike","Demon Form","Heavy Blade+1","Pommel Strike+1","Fiend Fire+1","Seeing Red","Wild Strike+1"],"relics":["Burning Blood","WarpedTongs","Unceasing Top","The Courier","Molten Egg 2","Black Star"],"potions_floor_usage":[13,18],"damage_taken":[{"damage":1,"enemies":"Cultist","floor":1,"turns":3},{"damage":9,"enemies":"2 Louse","floor":4,"turns":3},{"damage":0,"enemies":"Small Slimes","floor":5,"turns":2},{"damage":33,"enemies":"Lagavulin","floor":7,"turns":5},{"damage":5,"enemies":"2 Fungi Beasts","floor":8,"turns":3},{"damage":29,"enemies":"Gremlin Nob","floor":11,"turns":4},{"damage":0,"enemies":"Exordium Thugs","floor":13,"turns":2},{"damage":0,"enemies":"Large Slime","floor":14,"turns":3},{"damage":9,"enemies":"Slime Boss","floor":16,"turns":6},{"damage":14,"enemies":"Spheric Guardian","floor":18,"turns":3},{"damage":42,"enemies":"2 Thieves","floor":19,"turns":4},{"damage":36,"enemies":"Centurion and Healer","floor":20,"turns":3}],"seed_played":"4177508882751559376","potions_obtained":[{"floor":1,"key":"FairyPotion"},{"floor":5,"key":"Explosive Potion"},{"floor":8,"key":"Dexterity Potion"},{"floor":14,"key":"AttackPotion"}],"is_trial":false,"path_per_floor":["M","$","?","M","M","R","E","M","T","R","E","?","M","M","R","B",null,"M","M","M"],"character_chosen":"IRONCLAD","items_purchased":["Carnage"],"campfire_rested":1,"item_purchase_floors":[2],"current_hp_per_floor":[73,73,73,70,75,75,48,49,49,49,26,26,32,38,60,57,71,63,27,0],"gold":279,"neow_bonus":"ONE_RANDOM_RARE_CARD","is_prod":false,"is_daily":false,"chose_seed":false,"campfire_upgraded":2,"win_rate":0,"timestamp":1554168780,"path_taken":["M","$","?","M","?","R","E","M","T","R","E","?","M","M","R","BOSS","M","M","?"],"build_version":"2019-01-23","purchased_purges":0,"victory":false,"max_hp_per_floor":[75,75,75,75,75,75,75,75,75,75,75,75,75,75,75,75,75,75,75,75],"card_choices":[{"not_picked":["Anger","Bloodletting"],"picked":"Inflame","floor":1},{"not_picked":["Pommel Strike","Twin Strike"],"picked":"Whirlwind","floor":4},{"not_picked":["Sever Soul","Headbutt"],"picked":"True Grit","floor":5},{"not_picked":["Evolve","Thunderclap"],"picked":"Anger","floor":7},{"not_picked":["Twin Strike","Rage"],"picked":"Pommel Strike","floor":8},{"not_picked":["Clothesline","Bloodletting"],"picked":"Demon Form","floor":11},{"not_picked":["Pommel Strike+1","Armaments"],"picked":"Heavy Blade+1","floor":13},{"not_picked":["Cleave+1","Hemokinesis+1"],"picked":"Pommel Strike+1","floor":14},{"not_picked":["Double Tap","Immolate+1"],"picked":"Fiend Fire+1","floor":16},{"not_picked":["Clash+1","Sever Soul+1"],"picked":"Seeing Red","floor":18},{"not_picked":["Pommel Strike+1","Combust"],"picked":"Wild Strike+1","floor":19}],"player_experience":350437,"relics_obtained":[{"floor":7,"key":"Unceasing Top"},{"floor":9,"key":"The Courier"},{"floor":11,"key":"Molten Egg 2"}],"event_choices":[{"damage_healed":0,"gold_gain":0,"player_choice":"Rummage","damage_taken":0,"relics_obtained":["WarpedTongs"],"max_hp_gain":0,"max_hp_loss":0,"event_name":"Accursed Blacksmith","floor":3,"gold_loss":0,"cards_obtained":["Pain"]},{"damage_healed":0,"gold_gain":0,"player_choice":"Upgraded","damage_taken":0,"max_hp_gain":0,"max_hp_loss":0,"event_name":"Upgrade Shrine","floor":12,"gold_loss":0,"cards_upgraded":["Inflame"]}],"is_beta":false,"boss_relics":[{"not_picked":["Astrolabe","Calling Bell"],"picked":"Black Star"}],"items_purged_floors":[],"is_endless":false,"potions_floor_spawned":[1,5,8,14],"killed_by":"Centurion and Healer","ascension_level":17}