{"path_per_floor":["M","M","?","?","M","R","M","E","T","$","M","R","M","M","R","B",null,"M","M","?","?","$","E","M","R","T"],"character_chosen":"THE_SILENT","items_purchased":["Finesse","Terror","Pen Nib"],"gold_per_floor":[116,128,78,78,94,94,104,130,179,10,26,26,44,62,62,162,162,172,184,109,159,11,40,50,50,50],"floor_reached":27,"campfire_rested":0,"playtime":1854,"current_hp_per_floor":[69,69,69,51,50,50,48,44,51,51,45,45,45,45,45,45,77,62,72,72,72,72,37,2,2,2],"items_purged":[],"gold":50,"play_id":"933679ea-80b4-4e46-b0ba-b2af73c94ef4","is_prod":false,"is_daily":false,"campfire_rituals":0,"campfire_upgraded":4,"is_hardmode":false,"path_taken":["M","M","?","?","M","R","M","E","T","$","M","R","M","M","R","BOSS","M","M","?","?","$","E","M","R","T","M"],"build_version":"2018-01-04-PROD1","purchased_purges":0,"victory":false,"master_deck":["Defend_G","Defend_G","Defend_G","Defend_G","Strike_G","Strike_G","Strike_G","Strike_G","Survivor","Neutralize","Dagger Throw","Flechettes","Quick Slash","Choke","Prepared","Finesse","Terror","Calculated Gamble","Quick Slash","Backflip","Wraith Form","All Out Attack","Distraction","Flying Knee","Adrenaline"],"max_hp_per_floor":[70,70,70,70,70,70,70,70,77,77,77,77,77,77,77,77,77,77,77,77,77,77,77,77,77,77],"relics":["Runic Pyramid","Ninja Scroll","Ornamental Fan","Strawberry","Black Star","Pen Nib","Smiling Mask","Toolbox","Frozen Egg"],"campfire_meditates":0,"card_choices":[{"not_picked":["Crippling Poison","Leg Sweep"],"picked":"Dagger Throw"},{"not_picked":["Blade Dance","Deflect"],"picked":"Flechettes"},{"not_picked":["Catalyst","Dagger Spray"],"picked":"Quick Slash"},{"not_picked":["Flying Knee","PiercingWail"],"picked":"Choke"},{"not_picked":["All Out Attack","Poisoned Stab"],"picked":"Prepared"},{"not_picked":["Flying Knee","Deadly Poison"],"picked":"Calculated Gamble"},{"not_picked":["Outmaneuver","Poisoned Stab"],"picked":"Quick Slash"},{"not_picked":["Burst","Distraction"],"picked":"Backflip"},{"not_picked":["Phantasmal Killer","Night Terror"],"picked":"Wraith Form"},{"not_picked":["Predator","Dagger Spray"],"picked":"All Out Attack"},{"not_picked":["Dagger Throw","Outmaneuver"],"picked":"Distraction"},{"not_picked":["Outmaneuver","Acrobatics"],"picked":"Flying Knee"},{"not_picked":["Acrobatics","Slice"],"picked":"Adrenaline"}],"player_experience":81546,"potions_floor_usage":[16,19,27],"damage_taken":[{"damage":1,"enemies":"Small Slimes","floor":1,"turns":4},{"damage":0,"enemies":"Cultist","floor":2,"turns":4},{"damage":1,"enemies":"Jaw Worm","floor":5,"turns":3},{"damage":2,"enemies":"Exordium Wildlife","floor":7,"turns":4},{"damage":4,"enemies":"Gremlin Nob","floor":8,"turns":3},{"damage":6,"enemies":"Large Slime","floor":11,"turns":6},{"damage":0,"enemies":"Looter","floor":13,"turns":2},{"damage":0,"enemies":"3 Louse","floor":14,"turns":3},{"damage":0,"enemies":"Slime Boss","floor":16,"turns":6},{"damage":15,"enemies":"Spheric Guardian","floor":18,"turns":5},{"damage":2,"enemies":"Chosen","floor":19,"turns":5},{"damage":35,"enemies":"Book of Stabbing","floor":23,"turns":5},{"damage":35,"enemies":"Centurion and Healer","floor":24,"turns":7},{"damage":6,"enemies":"Snake Plant","floor":27,"turns":1}],"event_choices":[{"event_name":"The Cleric","player_choice":"Card Removal","floor":3,"damage_taken":0},{"event_name":"Scrap Ooze","player_choice":"success","floor":4,"damage_taken":18},{"event_name":"Beggar","player_choice":"Gave Gold","floor":20,"damage_taken":0},{"event_name":"The Joust","player_choice":"Bet on Murderer","floor":21,"damage_taken":0}],"boss_relics":[{"not_picked":["Sozu","Tiny House"],"picked":"Black Star"}],"potions_floor_spawned":[2,7,8,13,14,16,18],"seed_played":"-8252468818854730686","killed_by":"Snake Plant","is_trial":false}