{"path_per_floor":["M","M","M","M","M","E","R","E","T","M","$","M","R","?","R","B",null,"M","?","?","M"],"character_chosen":"THE_SILENT","items_purchased":["Pear"],"gold_per_floor":[114,134,144,154,167,198,198,228,228,248,7,18,18,0,0,105,105,118,118,118,133],"floor_reached":22,"campfire_rested":0,"playtime":2570,"current_hp_per_floor":[70,68,66,64,46,44,44,30,30,22,32,32,32,32,32,15,80,65,65,65,39],"items_purged":[],"gold":133,"play_id":"a814fb44-ff5d-48d4-89ab-650f0090e4c0","is_prod":false,"is_daily":false,"campfire_rituals":0,"campfire_upgraded":3,"is_hardmode":false,"path_taken":["M","M","?","M","M","E","R","E","T","M","?","M","R","?","R","BOSS","M","?","?","M","?"],"build_version":"2018-01-11-PROD2","purchased_purges":0,"victory":false,"master_deck":["Defend_G","Defend_G","Defend_G","Defend_G","Defend_G","Strike_G","Strike_G","Strike_G","Strike_G","Strike_G","Survivor","Neutralize","Heel Hook","Infinite Blades","Poisoned Stab","PiercingWail","Flying Knee","Distraction","Backstab","Noxious Fumes","Accuracy","Night Terror","Outmaneuver","Footwork","Blur"],"max_hp_per_floor":[70,70,70,70,70,70,70,70,70,70,80,80,80,80,80,80,80,80,80,80,80],"relics":["Ring of the Snake","Frozen Egg","Bag of Marbles","Molten Egg","Pear","Black Star"],"campfire_meditates":0,"card_choices":[{"not_picked":["Escape Plan","Skewer"],"picked":"Heel Hook"},{"not_picked":["Poisoned Stab","Deadly Poison"],"picked":"Infinite Blades"},{"not_picked":["Catalyst","Deadly Poison"],"picked":"Poisoned Stab"},{"not_picked":["Bouncing Flask","Acrobatics"],"picked":"PiercingWail"},{"not_picked":["Glass Knife","Underhanded Strike"],"picked":"Flying Knee"},{"not_picked":["Dash","Terror"],"picked":"Distraction"},{"not_picked":["Cloak And Dagger","Slice"],"picked":"Backstab"},{"not_picked":["Acrobatics","Dagger Spray"],"picked":"Noxious Fumes"},{"not_picked":["Prepared","Sucker Punch"],"picked":"Accuracy"},{"not_picked":["Storm of Steel","Wraith Form"],"picked":"Night Terror"},{"not_picked":["Backflip","Riddle With Holes"],"picked":"Outmaneuver"},{"not_picked":["Cloak And Dagger","Riddle With Holes"],"picked":"Blur"}],"player_experience":112916,"potions_floor_usage":[6,6,8,16,16,21,21,22],"damage_taken":[{"damage":0,"enemies":"Blue Slaver","floor":1,"turns":5},{"damage":2,"enemies":"Small Slimes","floor":2,"turns":3},{"damage":2,"enemies":"2 Louse","floor":3,"turns":3},{"damage":2,"enemies":"2 Fungi Beasts","floor":4,"turns":4},{"damage":18,"enemies":"Large Slime","floor":5,"turns":7},{"damage":2,"enemies":"Lagavulin","floor":6,"turns":5},{"damage":14,"enemies":"Gremlin Nob","floor":8,"turns":4},{"damage":8,"enemies":"Lots of Slimes","floor":10,"turns":4},{"damage":0,"enemies":"2 Fungi Beasts","floor":12,"turns":3},{"damage":32,"enemies":"The Guardian","floor":16,"turns":8},{"damage":15,"enemies":"3 Byrds","floor":18,"turns":5},{"damage":35,"enemies":"2 Thieves","floor":21,"turns":4},{"damage":44,"enemies":"Slaver and Parasite","floor":22,"turns":6}],"event_choices":[{"event_name":"World of Goop","player_choice":"Left","floor":14,"damage_taken":0},{"event_name":"The Lab","player_choice":"Got Potions","floor":19,"damage_taken":0},{"event_name":"The Library","player_choice":"Read","floor":20,"damage_taken":0}],"boss_relics":[{"not_picked":["Velvet Choker","Calling Bell"],"picked":"Black Star"}],"potions_floor_spawned":[1,2,3,10,12],"seed_played":"780910500274779096","killed_by":"Slaver and Parasite","is_trial":false}