{"gold_per_floor":[113,126,144,144,195,195,120,154,181,256,256,297,297,315,315,409,409,428,378,402,402,402,446,446,446,446,458,477,477,492,506,506,506],"floor_reached":33,"playtime":1560,"items_purged":["Strike_R"],"score":550,"play_id":"2d7fd042-8404-4b2a-ba16-83f202750c52","local_time":"20190619234053","is_ascension_mode":true,"campfire_choices":[{"data":"Body Slam","floor":6,"key":"SMITH"},{"data":"Carnage","floor":11,"key":"SMITH"},{"floor":15,"key":"REST"},{"data":"Bash","floor":25,"key":"SMITH"},{"data":"Shrug It Off","floor":29,"key":"SMITH"},{"data":"Flame Barrier","floor":32,"key":"SMITH"}],"neow_cost":"NONE","seed_source_timestamp":502848962301000,"circlet_count":0,"master_deck":["AscendersBane","Strike_R+1","Strike_R+1","Strike_R+1","Strike_R+1","Defend_R+1","Defend_R+1","Defend_R+1","Defend_R+1","Bash+1","Carnage+1","Shockwave","Body Slam+1","Clothesline","Shrug It Off+1","Shrug It Off+1","Feed+1","Cleave","Writhe","Flame Barrier+1","Headbutt+1"],"relics":["Burning Blood","War Paint","Bloody Idol","Juzu Bracelet","Bronze Scales","Ginger","Bag of Marbles","Sozu","Strawberry","Red Skull","Paper Frog"],"potions_floor_usage":[14,16,33,33],"damage_taken":[{"damage":6,"enemies":"2 Louse","floor":1,"turns":4},{"damage":2,"enemies":"Jaw Worm","floor":2,"turns":4},{"damage":17,"enemies":"Small Slimes","floor":3,"turns":3},{"damage":14,"enemies":"Lagavulin","floor":8,"turns":6},{"damage":14,"enemies":"3 Sentries","floor":12,"turns":8},{"damage":18,"enemies":"Gremlin Gang","floor":14,"turns":5},{"damage":33,"enemies":"Hexaghost","floor":16,"turns":9},{"damage":7,"enemies":"3 Byrds","floor":18,"turns":3},{"damage":6,"enemies":"2 Thieves","floor":20,"turns":2},{"damage":34,"enemies":"Gremlin Leader","floor":23,"turns":6},{"damage":4,"enemies":"Centurion and Healer","floor":27,"turns":3},{"damage":15,"enemies":"Sentry and Sphere","floor":28,"turns":7},{"damage":5,"enemies":"Snecko","floor":30,"turns":3},{"damage":8,"enemies":"Centurion and Healer","floor":31,"turns":4},{"damage":87,"enemies":"Collector","floor":33,"turns":12}],"seed_played":"2398676621088268902","potions_obtained":[{"floor":1,"key":"BloodPotion"},{"floor":3,"key":"Ancient Potion"},{"floor":14,"key":"Swift Potion"},{"floor":16,"key":"Energy Potion"}],"is_trial":false,"path_per_floor":["M","M","M","?","?","R","$","E","T","?","R","E","?","M","R","B",null,"M","?","M","?","?","E","?","R","T","M","M","R","M","M","R","B"],"character_chosen":"IRONCLAD","items_purchased":[],"campfire_rested":1,"item_purchase_floors":[],"current_hp_per_floor":[68,72,61,61,61,61,61,53,53,42,42,34,23,17,37,10,54,56,56,60,67,67,39,39,39,39,50,46,46,52,59,59,0],"gold":506,"neow_bonus":"RANDOM_COMMON_RELIC","is_prod":false,"is_daily":false,"chose_seed":false,"campfire_upgraded":5,"win_rate":0,"timestamp":1560984053,"path_taken":["M","M","M","?","?","R","$","E","T","?","R","E","?","M","R","BOSS","M","?","M","?","?","E","?","R","T","M","M","R","M","M","R","BOSS"],"build_version":"2019-01-23","purchased_purges":1,"victory":false,"max_hp_per_floor":[75,75,75,68,68,68,68,68,68,68,68,68,68,68,68,68,68,71,71,75,82,82,82,82,82,82,86,86,86,86,90,90,90],"card_choices":[{"not_picked":["Havoc","Perfected Strike"],"picked":"Carnage","floor":1},{"not_picked":["Carnage","Warcry"],"picked":"Shockwave","floor":2},{"not_picked":["Flex","Twin Strike"],"picked":"Body Slam","floor":3},{"not_picked":["Limit Break","Searing Blow"],"picked":"Clothesline","floor":8},{"not_picked":["Dark Embrace","Seeing Red"],"picked":"Shrug It Off","floor":12},{"not_picked":["Feel No Pain","Warcry"],"picked":"Shrug It Off","floor":14},{"not_picked":["Reaper","Demon Form"],"picked":"Feed","floor":16},{"not_picked":["True Grit","Body Slam"],"picked":"Cleave","floor":18},{"not_picked":["Body Slam","Dual Wield","Corruption"],"picked":"SKIP","floor":20},{"not_picked":["Clothesline","Body Slam","Havoc+1"],"picked":"SKIP","floor":23},{"not_picked":["Cleave","Carnage","Flex"],"picked":"SKIP","floor":27},{"not_picked":["Blood for Blood+1","Heavy Blade","Shrug It Off"],"picked":"SKIP","floor":28},{"not_picked":["Iron Wave","Shrug It Off"],"picked":"Flame Barrier","floor":30},{"not_picked":["Hemokinesis","Twin Strike"],"picked":"Headbutt+1","floor":31}],"player_experience":1302786,"relics_obtained":[{"floor":8,"key":"Juzu Bracelet"},{"floor":9,"key":"Bronze Scales"},{"floor":12,"key":"Ginger"},{"floor":23,"key":"Red Skull"},{"floor":26,"key":"Paper Frog"}],"event_choices":[{"damage_healed":0,"gold_gain":0,"player_choice":"Lose Max HP","damage_taken":0,"relics_obtained":["Golden Idol"],"max_hp_gain":0,"max_hp_loss":7,"event_name":"Golden Idol","floor":4,"gold_loss":0},{"damage_healed":0,"gold_gain":51,"player_choice":"Gained Gold","damage_taken":0,"max_hp_gain":0,"max_hp_loss":0,"event_name":"Golden Wing","floor":5,"gold_loss":0},{"damage_healed":0,"gold_gain":75,"player_choice":"Gather Gold","damage_taken":11,"max_hp_gain":0,"max_hp_loss":0,"event_name":"World of Goop","floor":10,"gold_loss":0},{"damage_healed":0,"gold_gain":0,"player_choice":"Success","damage_taken":11,"relics_obtained":["Bag of Marbles"],"max_hp_gain":0,"max_hp_loss":0,"event_name":"Scrap Ooze","floor":13,"gold_loss":0},{"damage_healed":0,"gold_gain":0,"player_choice":"Upgraded Two","damage_taken":0,"max_hp_gain":0,"max_hp_loss":0,"event_name":"Designer","floor":19,"gold_loss":50,"cards_upgraded":["Shrug It Off","Feed"]},{"damage_healed":0,"gold_gain":0,"player_choice":"Opened","damage_taken":0,"relics_obtained":["Strawberry"],"max_hp_gain":0,"max_hp_loss":0,"event_name":"The Mausoleum","floor":21,"gold_loss":0,"cards_obtained":["Writhe"]},{"damage_healed":0,"gold_gain":0,"player_choice":"Simplicity","damage_taken":0,"max_hp_gain":0,"max_hp_loss":0,"event_name":"Back to Basics","floor":22,"gold_loss":0,"cards_upgraded":["Strike_R","Strike_R","Strike_R","Strike_R","Defend_R","Defend_R"]},{"damage_healed":0,"gold_gain":0,"player_choice":"Gave Idol","damage_taken":0,"relics_obtained":["Bloody Idol"],"max_hp_gain":0,"max_hp_loss":0,"event_name":"Forgotten Altar","floor":24,"relics_lost":["Golden Idol"],"gold_loss":0}],"is_beta":false,"boss_relics":[{"not_picked":["Busted Crown","Runic Cube"],"picked":"Sozu"}],"items_purged_floors":[7],"is_endless":false,"potions_floor_spawned":[1,3,14,16,18,20,27,31],"killed_by":"Collector","ascension_level":20}