{"gold_per_floor":[116,116,116,116,133,158,158,158,158,158,171,197,211,234,234,308,308,321,246,246,246,55,55,80,92,117,130,155,169,202,216,216,287,287,300,400,232,246,80,108,0,0,0,0,0,18,37,52,52,52,52],"floor_reached":51,"playtime":2906,"items_purged":["Decay"],"score":1436,"play_id":"bd6040f7-7d04-4bdc-8e7a-d157a229eb2a","local_time":"20190117212924","is_ascension_mode":true,"campfire_choices":[{"data":"Clothesline","floor":7,"key":"SMITH"},{"data":"Bash","floor":10,"key":"SMITH"},{"data":"Shockwave","floor":15,"key":"SMITH"},{"floor":23,"key":"REST"},{"floor":32,"key":"REST"},{"floor":42,"key":"REST"},{"floor":49,"key":"REST"}],"neow_cost":"NONE","seed_source_timestamp":123320499608089,"circlet_count":0,"master_deck":["AscendersBane","Strike_R+1","Strike_R","Strike_R","Strike_R","Strike_R","Defend_R","Defend_R","Defend_R+1","Defend_R+1","Bash+1","Pommel Strike","Clothesline+1","Carnage","Shockwave+1","Cleave","Reaper","Thunderclap+1","Ghostly Armor","Shrug It Off","Battle Trance","Spot Weakness","Disarm+1"],"relics":["Burning Blood","NeowsBlessing","Letter Opener","Torii","Orichalcum","War Paint","Fusion Hammer","Enchiridion","Regal Pillow","Magic Flower","Red Skull","Smiling Mask","Anchor","Sozu","Ginger","Strawberry","Whetstone","Singing Bowl","Red Mask","Kunai"],"potions_floor_usage":[12,13,16,30,33,40],"damage_taken":[{"damage":0,"enemies":"Cultist","floor":1,"turns":1},{"damage":0,"enemies":"Jaw Worm","floor":5,"turns":1},{"damage":0,"enemies":"Gremlin Nob","floor":6,"turns":1},{"damage":6,"enemies":"2 Louse","floor":11,"turns":3},{"damage":42,"enemies":"3 Sentries","floor":12,"turns":10},{"damage":0,"enemies":"Exordium Thugs","floor":13,"turns":3},{"damage":18,"enemies":"The Guardian","floor":16,"turns":11},{"damage":15,"enemies":"Chosen","floor":18,"turns":5},{"damage":40,"enemies":"Colosseum Slavers","floor":20,"turns":6},{"damage":35,"enemies":"Book of Stabbing","floor":24,"turns":6},{"damage":11,"enemies":"3 Byrds","floor":25,"turns":6},{"damage":40,"enemies":"Shelled Parasite and Fungi","floor":27,"turns":5},{"damage":36,"enemies":"Gremlin Leader","floor":28,"turns":6},{"damage":1,"enemies":"Snecko","floor":29,"turns":3},{"damage":40,"enemies":"Book of Stabbing","floor":30,"turns":7},{"damage":10,"enemies":"Chosen and Byrds","floor":31,"turns":6},{"damage":58,"enemies":"Automaton","floor":33,"turns":8},{"damage":36,"enemies":"3 Shapes","floor":35,"turns":5},{"damage":5,"enemies":"Mind Bloom Boss Battle","floor":36,"turns":5},{"damage":1,"enemies":"Orb Walker","floor":38,"turns":4},{"damage":84,"enemies":"Reptomancer","floor":40,"turns":9},{"damage":2,"enemies":"Writhing Mass","floor":46,"turns":6},{"damage":28,"enemies":"Sphere and 2 Shapes","floor":47,"turns":5},{"damage":19,"enemies":"Jaw Worm Horde","floor":48,"turns":4},{"damage":59,"enemies":"Awakened One","floor":50,"turns":19},{"damage":107,"enemies":"Donu and Deca","floor":51,"turns":7}],"seed_played":"-7518459087061696951","potions_obtained":[{"floor":11,"key":"Poison Potion"},{"floor":12,"key":"Explosive Potion"},{"floor":13,"key":"Block Potion"},{"floor":24,"key":"SpeedPotion"},{"floor":25,"key":"FairyPotion"},{"floor":30,"key":"Swift Potion"},{"floor":31,"key":"Poison Potion"},{"floor":33,"key":"Poison Potion"}],"is_trial":false,"path_per_floor":["M","?","?","?","M","E","R","$","T","R","M","E","M","T","R","B",null,"M","$","?","?","$","R","E","M","T","M","E","M","E","M","R","B",null,"M","?","$","M","$","E","?","R","T","?","?","M","M","M","R","B","B"],"character_chosen":"IRONCLAD","items_purchased":["Regal Pillow","Thunderclap","Strawberry","Whetstone"],"campfire_rested":4,"item_purchase_floors":[22,22,37,39],"current_hp_per_floor":[74,74,74,74,75,75,75,75,75,75,75,39,45,45,45,33,65,62,62,36,15,15,52,29,45,45,40,34,57,41,40,75,51,69,48,75,82,82,82,24,24,64,64,64,64,73,56,56,86,52,0],"gold":52,"neow_bonus":"THREE_ENEMY_KILL","is_prod":false,"is_daily":false,"chose_seed":false,"campfire_upgraded":3,"win_rate":0,"timestamp":1547760564,"path_taken":["M","?","?","?","?","E","R","?","T","R","M","E","M","?","R","BOSS","M","$","?","?","?","R","E","M","T","?","E","M","E","M","R","BOSS","M","?","$","M","$","E","?","R","T","?","?","M","M","M","R","BOSS","BOSS"],"build_version":"2019-01-10","purchased_purges":1,"victory":false,"max_hp_per_floor":[75,75,75,75,75,75,75,75,75,75,75,75,75,75,75,75,75,75,75,75,75,75,75,75,75,75,75,75,75,75,75,75,75,75,75,75,82,82,82,84,84,84,84,84,80,82,84,86,86,86,86],"card_choices":[{"not_picked":["Havoc","Iron Wave"],"picked":"Pommel Strike","floor":1},{"not_picked":["Seeing Red","Body Slam","Armaments"],"picked":"SKIP","floor":5},{"not_picked":["Spot Weakness","Sentinel"],"picked":"Clothesline","floor":6},{"not_picked":["Thunderclap","Anger"],"picked":"Carnage","floor":11},{"not_picked":["Juggernaut","Anger"],"picked":"Shockwave","floor":12},{"not_picked":["Twin Strike","Heavy Blade"],"picked":"Cleave","floor":13},{"not_picked":["Feed","Barricade"],"picked":"Reaper","floor":16},{"not_picked":["Sentinel","True Grit","Combust"],"picked":"SKIP","floor":18},{"not_picked":["Corruption+1","True Grit"],"picked":"Ghostly Armor","floor":24},{"not_picked":["Shockwave","Wild Strike","Sword Boomerang"],"picked":"SKIP","floor":25},{"not_picked":["Blood for Blood","Flex+1","Burning Pact"],"picked":"SKIP","floor":27},{"not_picked":["Blood for Blood","Flex+1","Burning Pact"],"picked":"SKIP","floor":27},{"not_picked":["Iron Wave","Warcry+1"],"picked":"Shrug It Off","floor":28},{"not_picked":["Power Through","Thunderclap","Corruption"],"picked":"SKIP","floor":29},{"not_picked":["Sword Boomerang","Anger"],"picked":"Battle Trance","floor":30},{"not_picked":["Carnage","Clash"],"picked":"Spot Weakness","floor":31},{"not_picked":["Clash","Clothesline+1","Rupture"],"picked":"SKIP","floor":35},{"not_picked":["Infernal Blade","Shrug It Off"],"picked":"Disarm+1","floor":36},{"not_picked":["True Grit","Clash","Wild Strike"],"picked":"SKIP","floor":38},{"not_picked":["Brutality","Flex","Intimidate"],"picked":"Singing Bowl","floor":40},{"not_picked":["Pommel Strike","Bloodletting","Clash"],"picked":"Singing Bowl","floor":46},{"not_picked":["Cleave","Combust+1","Fire Breathing"],"picked":"Singing Bowl","floor":47},{"not_picked":["Spot Weakness+1","Reckless Charge+1","Iron Wave"],"picked":"Singing Bowl","floor":48}],"player_experience":1169631,"relics_obtained":[{"floor":6,"key":"Letter Opener"},{"floor":9,"key":"Torii"},{"floor":12,"key":"Orichalcum"},{"floor":14,"key":"War Paint"},{"floor":21,"key":"Enchiridion"},{"floor":24,"key":"Magic Flower"},{"floor":26,"key":"Red Skull"},{"floor":28,"key":"Smiling Mask"},{"floor":30,"key":"Anchor"},{"floor":36,"key":"Ginger"},{"floor":40,"key":"Singing Bowl"},{"floor":43,"key":"Kunai"}],"event_choices":[{"damage_healed":0,"gold_gain":0,"player_choice":"Leave","damage_taken":0,"max_hp_gain":0,"max_hp_loss":0,"event_name":"The Cleric","floor":2,"gold_loss":0},{"damage_healed":0,"gold_gain":0,"player_choice":"Ignored","damage_taken":0,"max_hp_gain":0,"max_hp_loss":0,"event_name":"Golden Wing","floor":3,"gold_loss":0},{"damage_healed":0,"gold_gain":0,"player_choice":"Cursed","damage_taken":0,"max_hp_gain":0,"max_hp_loss":0,"event_name":"Wheel of Change","floor":4,"gold_loss":0,"cards_obtained":["Decay"]},{"damage_healed":0,"gold_gain":0,"player_choice":"Fight","damage_taken":0,"max_hp_gain":0,"max_hp_loss":0,"event_name":"Colosseum","floor":20,"gold_loss":0},{"damage_healed":0,"gold_gain":0,"player_choice":"Fled From Nobs","damage_taken":0,"max_hp_gain":0,"max_hp_loss":0,"event_name":"Colosseum","floor":20,"gold_loss":0},{"damage_healed":0,"gold_gain":0,"player_choice":"Obtained Book","damage_taken":21,"max_hp_gain":0,"max_hp_loss":0,"event_name":"Cursed Tome","floor":21,"gold_loss":0},{"damage_healed":0,"gold_gain":0,"player_choice":"Fight","damage_taken":0,"max_hp_gain":0,"max_hp_loss":0,"event_name":"MindBloom","floor":36,"gold_loss":0},{"damage_healed":0,"gold_gain":0,"player_choice":"Paid","damage_taken":0,"relics_obtained":["Red Mask"],"max_hp_gain":0,"max_hp_loss":0,"event_name":"Tomb of Lord Red Mask","floor":41,"gold_loss":108},{"damage_healed":0,"gold_gain":0,"player_choice":"Ignored","damage_taken":0,"max_hp_gain":0,"max_hp_loss":0,"event_name":"Mysterious Sphere","floor":44,"gold_loss":0},{"damage_healed":0,"gold_gain":0,"player_choice":"Max HP","damage_taken":0,"max_hp_gain":0,"max_hp_loss":4,"event_name":"Winding Halls","floor":45,"gold_loss":0}],"is_beta":false,"boss_relics":[{"not_picked":["Astrolabe","Pandora\u0027s Box"],"picked":"Fusion Hammer"},{"not_picked":["Velvet Choker","Mark of Pain"],"picked":"Sozu"}],"items_purged_floors":[19],"is_endless":false,"potions_floor_spawned":[11,12,13,24,25,30,31,33,35,38,46,47],"killed_by":"Donu and Deca","ascension_level":20}