{"gold_per_floor":[363,376,108,128,153,153,182,201,201,201,212,212,278,289,289,289],"floor_reached":16,"playtime":1257,"items_purged":["Decay"],"score":107,"play_id":"1e1cd1f1-92f4-47d5-b30c-ff26ada312e1","local_time":"20190612034729","is_ascension_mode":true,"campfire_choices":[{"data":"Armaments","floor":6,"key":"SMITH"},{"data":"Pommel Strike","floor":10,"key":"SMITH"},{"data":"Outmaneuver","floor":12,"key":"SMITH"},{"floor":15,"key":"REST"}],"neow_cost":"CURSE","seed_source_timestamp":101331631885607,"circlet_count":0,"master_deck":["Defend_G","Defend_G","Defend_G","Defend_G","Defend_G","Strike_G","Strike_G","Strike_G","Strike_G","Strike_G","Survivor","Neutralize","Outmaneuver+1","Poisoned Stab","Armaments+1","Pommel Strike+1","Quick Slash","Entrench+1","Reaper"],"relics":["Ring of the Snake","PrismaticShard","Strawberry","Toxic Egg 2","Mummified Hand"],"potions_floor_usage":[7,14],"damage_taken":[{"damage":4,"enemies":"Cultist","floor":1,"turns":4},{"damage":12,"enemies":"Small Slimes","floor":2,"turns":6},{"damage":1,"enemies":"Jaw Worm","floor":4,"turns":4},{"damage":13,"enemies":"3 Sentries","floor":7,"turns":12},{"damage":5,"enemies":"Looter","floor":8,"turns":3},{"damage":4,"enemies":"Exordium Thugs","floor":11,"turns":4},{"damage":4,"enemies":"Gremlin Gang","floor":14,"turns":4},{"damage":72,"enemies":"Slime Boss","floor":16,"turns":12}],"seed_played":"4593624372992530143","potions_obtained":[{"floor":4,"key":"Fire Potion"},{"floor":8,"key":"Energy Potion"},{"floor":11,"key":"GhostInAJar"}],"is_trial":false,"path_per_floor":["M","M","$","M","T","R","E","M","T","R","M","R","?","M","R","B"],"character_chosen":"THE_SILENT","items_purchased":["PrismaticShard"],"campfire_rested":1,"item_purchase_floors":[3],"current_hp_per_floor":[66,54,54,53,60,60,47,42,42,42,38,38,38,34,57,0],"gold":289,"neow_bonus":"TWO_FIFTY_GOLD","is_prod":false,"is_daily":false,"chose_seed":false,"campfire_upgraded":3,"win_rate":0,"timestamp":1560336449,"path_taken":["M","?","$","?","?","R","E","M","T","R","M","R","?","?","R","BOSS"],"build_version":"2019-01-23","purchased_purges":1,"victory":false,"max_hp_per_floor":[70,70,70,70,77,77,77,77,77,77,77,77,77,77,77,77],"card_choices":[{"not_picked":["PiercingWail","Noxious Fumes"],"picked":"Outmaneuver","floor":1},{"not_picked":["Calculated Gamble","Noxious Fumes"],"picked":"Poisoned Stab","floor":2},{"not_picked":["Bloodletting","Flying Knee"],"picked":"Armaments","floor":4},{"not_picked":["Body Slam","Twin Strike"],"picked":"Pommel Strike","floor":7},{"not_picked":["Sword Boomerang","Static Discharge"],"picked":"Quick Slash","floor":8},{"not_picked":["Capacitor","Turbo+1"],"picked":"Entrench+1","floor":11},{"not_picked":["Leap+1","Sword Boomerang"],"picked":"Reaper","floor":14}],"player_experience":180294,"relics_obtained":[{"floor":5,"key":"Strawberry"},{"floor":7,"key":"Toxic Egg 2"},{"floor":9,"key":"Mummified Hand"}],"event_choices":[{"damage_healed":0,"gold_gain":66,"player_choice":"Gained Gold","damage_taken":0,"max_hp_gain":0,"max_hp_loss":0,"event_name":"Golden Wing","floor":13,"gold_loss":0}],"is_beta":false,"boss_relics":[],"items_purged_floors":[3],"is_endless":false,"potions_floor_spawned":[4,8,11],"killed_by":"Slime Boss","ascension_level":1}