{"gold_per_floor":[114,31,31,44,60,74,74,74,74,74,90,90,117,192,192,269,269,281,281,18,18,29,29,64,64,64,88,110,133,161,173,185,197],"floor_reached":33,"playtime":1252,"items_purged":[],"score":609,"play_id":"cd031b82-4ca8-4dde-988c-8c9836266135","local_time":"20190117192555","is_ascension_mode":true,"campfire_choices":[{"data":"Carnage","floor":7,"key":"SMITH"},{"data":"Metallicize","floor":10,"key":"SMITH"},{"floor":12,"key":"REST"},{"floor":15,"key":"REST"},{"floor":23,"key":"REST"},{"data":"Disarm","floor":25,"key":"SMITH"},{"data":"Bash","floor":32,"key":"SMITH"}],"neow_cost":"NONE","seed_source_timestamp":117565414793008,"circlet_count":0,"master_deck":["AscendersBane","Defend_R+1","Defend_R+1","Defend_R+1","Defend_R+1","Bash+1","Cleave+1","Metallicize+1","Carnage+1","Disarm+1","Cleave+1","Immolate+1","Havoc+1","Bite+1","Bite+1","Bite+1","Bite+1","Bite+1","Flame Barrier+1","Shrug It Off+1","Infernal Blade+1","Battle Trance+1","Clothesline+1"],"relics":["Burning Blood","Pen Nib","Molten Egg 2","Blue Candle","Toxic Egg 2","Philosopher\u0027s Stone","Enchiridion","Ornamental Fan","The Courier","MawBank"],"potions_floor_usage":[16,22,29,30,33],"damage_taken":[{"damage":1,"enemies":"Cultist","floor":1,"turns":3},{"damage":7,"enemies":"Small Slimes","floor":4,"turns":3},{"damage":9,"enemies":"Jaw Worm","floor":5,"turns":4},{"damage":11,"enemies":"Looter","floor":6,"turns":2},{"damage":15,"enemies":"3 Louse","floor":11,"turns":3},{"damage":13,"enemies":"3 Sentries","floor":13,"turns":8},{"damage":17,"enemies":"Slime Boss","floor":16,"turns":9},{"damage":29,"enemies":"Chosen","floor":18,"turns":4},{"damage":19,"enemies":"Shell Parasite","floor":22,"turns":3},{"damage":0,"enemies":"Gremlin Leader","floor":24,"turns":5},{"damage":0,"enemies":"3 Cultists","floor":27,"turns":3},{"damage":13,"enemies":"Snake Plant","floor":28,"turns":3},{"damage":15,"enemies":"Centurion and Healer","floor":29,"turns":5},{"damage":0,"enemies":"Chosen and Byrds","floor":30,"turns":4},{"damage":75,"enemies":"Automaton","floor":33,"turns":8}],"seed_played":"-7257644696796075637","potions_obtained":[{"floor":13,"key":"SteroidPotion"},{"floor":16,"key":"FearPotion"},{"floor":22,"key":"Swift Potion"},{"floor":27,"key":"SpeedPotion"},{"floor":28,"key":"PowerPotion"},{"floor":29,"key":"Swift Potion"},{"floor":30,"key":"Fire Potion"}],"is_trial":false,"path_per_floor":["M","$","?","M","M","M","R","?","T","R","M","R","E","?","R","B",null,"M","?","$","?","M","R","E","R","T","M","M","M","M","?","R","B"],"character_chosen":"IRONCLAD","items_purchased":["Metallicize","Ornamental Fan"],"campfire_rested":3,"item_purchase_floors":[2,20],"current_hp_per_floor":[73,73,73,72,69,64,64,53,53,53,44,66,59,48,70,59,71,48,27,27,27,26,41,52,52,52,52,51,52,52,52,52,0],"gold":197,"neow_bonus":"RANDOM_COMMON_RELIC","is_prod":false,"is_daily":false,"chose_seed":false,"campfire_upgraded":4,"win_rate":0,"timestamp":1547753155,"path_taken":["M","?","?","M","?","M","R","?","T","R","M","R","E","?","R","BOSS","M","?","$","?","M","R","E","R","T","M","M","M","M","?","R","BOSS"],"build_version":"2019-01-10","purchased_purges":0,"victory":false,"max_hp_per_floor":[75,75,75,75,75,75,75,75,75,75,75,75,75,75,75,75,75,75,75,75,52,52,52,52,52,52,52,52,52,52,52,52,52],"card_choices":[{"not_picked":["Flex","Blood for Blood"],"picked":"Cleave","floor":1},{"not_picked":["Perfected Strike","Wild Strike","Flex"],"picked":"SKIP","floor":4},{"not_picked":["Dropkick","Rampage"],"picked":"Carnage","floor":5},{"not_picked":["Armaments","Bloodletting","Dual Wield"],"picked":"SKIP","floor":6},{"not_picked":["Fiend Fire+1","Intimidate"],"picked":"Disarm","floor":11},{"not_picked":["Feel No Pain","Sentinel"],"picked":"Cleave+1","floor":13},{"not_picked":["Berserk","Offering+1"],"picked":"Immolate+1","floor":16},{"not_picked":["Headbutt+1","Combust"],"picked":"Havoc+1","floor":18},{"not_picked":["Infernal Blade+1","Intimidate+1"],"picked":"Flame Barrier+1","floor":22},{"not_picked":["Armaments+1","Clothesline+1"],"picked":"Shrug It Off+1","floor":24},{"not_picked":["Reckless Charge+1","Seeing Red+1","Havoc+1"],"picked":"SKIP","floor":27},{"not_picked":["Combust","Warcry+1"],"picked":"Infernal Blade+1","floor":28},{"not_picked":["Reckless Charge+1","Sword Boomerang+1"],"picked":"Battle Trance+1","floor":29},{"not_picked":["Cleave+1","Body Slam+1"],"picked":"Clothesline+1","floor":30}],"player_experience":1163991,"relics_obtained":[{"floor":9,"key":"Blue Candle"},{"floor":13,"key":"Toxic Egg 2"},{"floor":19,"key":"Enchiridion"},{"floor":24,"key":"The Courier"},{"floor":26,"key":"MawBank"}],"event_choices":[{"damage_healed":0,"gold_gain":0,"player_choice":"Upgraded","damage_taken":0,"max_hp_gain":0,"max_hp_loss":0,"event_name":"Upgrade Shrine","floor":3,"gold_loss":0,"cards_upgraded":["Cleave"]},{"damage_healed":0,"gold_gain":0,"player_choice":"Success","damage_taken":11,"relics_obtained":["Molten Egg 2"],"max_hp_gain":0,"max_hp_loss":0,"event_name":"Scrap Ooze","floor":8,"gold_loss":0},{"damage_healed":0,"gold_gain":75,"player_choice":"Gather Gold","damage_taken":11,"max_hp_gain":0,"max_hp_loss":0,"event_name":"World of Goop","floor":14,"gold_loss":0},{"damage_healed":0,"gold_gain":0,"player_choice":"Obtained Book","damage_taken":21,"max_hp_gain":0,"max_hp_loss":0,"event_name":"Cursed Tome","floor":19,"gold_loss":0},{"damage_healed":0,"gold_gain":0,"player_choice":"Became a vampire","damage_taken":0,"max_hp_gain":0,"max_hp_loss":23,"event_name":"Vampires","floor":21,"gold_loss":0,"cards_obtained":["Bite","Bite","Bite","Bite","Bite"]},{"damage_healed":0,"gold_gain":0,"player_choice":"Simplicity","damage_taken":0,"max_hp_gain":0,"max_hp_loss":0,"event_name":"Back to Basics","floor":31,"gold_loss":0,"cards_upgraded":["Defend_R","Defend_R","Defend_R","Defend_R"]}],"is_beta":false,"boss_relics":[{"not_picked":["Orrery","Lizard Tail"],"picked":"Philosopher\u0027s Stone"}],"items_purged_floors":[],"is_endless":false,"potions_floor_spawned":[13,16,22,27,28,29,30],"killed_by":"Automaton","ascension_level":20}