{"gold_per_floor":[119,119,132,97,112,112,139,150,176,176,141,141,174,105,105,105],"floor_reached":16,"playtime":1110,"items_purged":[],"score":118,"play_id":"3f5296f9-5218-40c3-aa73-1201ca2e0c7f","local_time":"20190619003858","is_ascension_mode":true,"campfire_choices":[{"data":"Adrenaline","floor":6,"key":"SMITH"},{"data":"Calculated Gamble","floor":10,"key":"SMITH"},{"data":"Tactician","floor":12,"key":"SMITH"},{"data":"Backstab","floor":15,"key":"SMITH"}],"neow_cost":"CURSE","seed_source_timestamp":559291518087080,"circlet_count":0,"master_deck":["Defend_G","Defend_G","Defend_G","Defend_G","Defend_G","Strike_G","Strike_G","Strike_G","Strike_G","Strike_G","Survivor","Neutralize","Adrenaline+1","Calculated Gamble+1","Bouncing Flask","Footwork","Tactician+1","Backstab+1","Dagger Spray","Backflip","Footwork"],"relics":["Ring of the Snake","Spirit Poop","Orichalcum","Lantern","Boot"],"potions_floor_usage":[13],"damage_taken":[{"damage":0,"enemies":"2 Louse","floor":1,"turns":2},{"damage":0,"enemies":"Cultist","floor":3,"turns":5},{"damage":1,"enemies":"Jaw Worm","floor":5,"turns":4},{"damage":15,"enemies":"Lagavulin","floor":7,"turns":7},{"damage":4,"enemies":"Looter","floor":8,"turns":3},{"damage":6,"enemies":"3 Sentries","floor":13,"turns":5},{"damage":61,"enemies":"Slime Boss","floor":16,"turns":13}],"seed_played":"-8408066935713907424","potions_obtained":[{"floor":7,"key":"Block Potion"}],"is_trial":false,"path_per_floor":["M","?","M","$","M","R","E","M","T","R","?","R","E","$","R","B"],"character_chosen":"THE_SILENT","items_purchased":["Footwork","Footwork"],"campfire_rested":0,"item_purchase_floors":[4,14],"current_hp_per_floor":[70,70,70,70,69,69,54,50,50,50,67,67,61,61,61,0],"gold":105,"neow_bonus":"THREE_RARE_CARDS","is_prod":false,"is_daily":false,"chose_seed":false,"campfire_upgraded":4,"win_rate":0,"timestamp":1560929938,"path_taken":["M","?","M","$","?","R","E","M","T","R","?","R","E","$","R","BOSS"],"build_version":"2019-01-23","purchased_purges":0,"victory":false,"max_hp_per_floor":[70,70,70,70,70,70,70,70,70,70,70,70,70,70,70,70],"card_choices":[{"not_picked":["Wraith Form v2","Grand Finale"],"picked":"Adrenaline","floor":0},{"not_picked":["Deflect","Expertise"],"picked":"Calculated Gamble","floor":1},{"not_picked":["Deadly Poison","Slice"],"picked":"Bouncing Flask","floor":3},{"not_picked":["Poisoned Stab","Distraction"],"picked":"Tactician","floor":5},{"not_picked":["Deadly Poison","Prepared"],"picked":"Backstab","floor":7},{"not_picked":["Eviscerate","Prepared"],"picked":"Dagger Spray","floor":8},{"not_picked":["Poisoned Stab","Cloak And Dagger"],"picked":"Backflip","floor":13}],"player_experience":312345,"relics_obtained":[{"floor":7,"key":"Orichalcum"},{"floor":9,"key":"Lantern"},{"floor":13,"key":"Boot"}],"event_choices":[{"cards_removed":["Doubt"],"damage_healed":0,"gold_gain":0,"player_choice":"Offered Curse","damage_taken":0,"relics_obtained":["Spirit Poop"],"max_hp_gain":0,"max_hp_loss":0,"event_name":"Bonfire Elementals","floor":2,"gold_loss":0},{"damage_healed":17,"gold_gain":0,"player_choice":"Healed","damage_taken":0,"max_hp_gain":0,"max_hp_loss":0,"event_name":"The Cleric","floor":11,"gold_loss":35}],"is_beta":false,"boss_relics":[],"items_purged_floors":[],"is_endless":false,"potions_floor_spawned":[7],"killed_by":"Slime Boss","ascension_level":2}