{"gold_per_floor":[119,142,162,14,34,67,67,67,67,4,4,19,40,80,80,206,206,230,251,267,267,290,290,290,290,337,337,377,402,445,476,476,599,599,612,562,586,600,618,618,642,642,642,667,681,681,25,49,49,49],"floor_reached":50,"playtime":1889,"items_purged":["Strike_R","Defend_R","Defend_R"],"score":683,"play_id":"a56de0e3-1aba-4bfc-9c7c-b6dd276007ec","local_time":"20180815194650","is_ascension_mode":true,"campfire_choices":[{"floor":7,"key":"REST"},{"floor":11,"key":"REST"},{"data":"Offering","floor":15,"key":"SMITH"},{"floor":23,"key":"REST"},{"floor":25,"key":"REST"},{"data":"Double Tap","floor":27,"key":"SMITH"},{"floor":32,"key":"REST"},{"floor":40,"key":"REST"},{"data":"RitualDagger","floor":42,"key":"SMITH"},{"floor":46,"key":"REST"},{"floor":49,"key":"REST"}],"neow_cost":"NONE","seed_source_timestamp":770076538961811,"circlet_count":0,"master_deck":["Strike_R","Strike_R","Strike_R","Strike_R","Defend_R","Defend_R","Bash+1","Clash","Spot Weakness","Offering+1","Flex","Double Tap+1","Flex","RitualDagger+1","Thunderclap+1","Bludgeon","Pummel+1","Heavy Blade+1","Dark Shackles"],"relics":["Burning Blood","Red Skull","Vajra","Incense Burner","Golden Idol","MawBank","Kunai","Sozu","Pear","Anchor","Art of War","Red Mask","Smiling Mask","Runic Cube","Question Card","Nunchaku","Medical Kit"],"potions_floor_usage":[6,16,22],"damage_taken":[{"damage":6,"enemies":"Cultist","floor":1,"turns":4},{"damage":18,"enemies":"Jaw Worm","floor":3,"turns":5},{"damage":3,"enemies":"2 Louse","floor":5,"turns":2},{"damage":53,"enemies":"3 Sentries","floor":6,"turns":10},{"damage":13,"enemies":"Red Slaver","floor":12,"turns":4},{"damage":1,"enemies":"Blue Slaver","floor":13,"turns":3},{"damage":22,"enemies":"Gremlin Nob","floor":14,"turns":3},{"damage":46,"enemies":"Hexaghost","floor":16,"turns":8},{"damage":1,"enemies":"Spheric Guardian","floor":18,"turns":3},{"damage":34,"enemies":"2 Thieves","floor":19,"turns":3},{"damage":18,"enemies":"Centurion and Healer","floor":20,"turns":4},{"damage":4,"enemies":"Chosen and Byrds","floor":22,"turns":3},{"damage":44,"enemies":"Book of Stabbing","floor":28,"turns":4},{"damage":6,"enemies":"Snake Plant","floor":29,"turns":1},{"damage":16,"floor":30,"turns":3},{"damage":1,"enemies":"Gremlin Leader","floor":31,"turns":2},{"damage":56,"enemies":"Champ","floor":33,"turns":7},{"damage":6,"enemies":"Flame Bruiser 1 Orb","floor":35,"turns":3},{"damage":37,"enemies":"3 Darklings","floor":37,"turns":3},{"damage":17,"enemies":"4 Shapes","floor":38,"turns":4},{"damage":1,"enemies":"Maw","floor":39,"turns":4},{"damage":1,"enemies":"3 Darklings","floor":41,"turns":3},{"damage":62,"enemies":"Flame Bruiser 2 Orb","floor":44,"turns":3},{"damage":6,"enemies":"Maw","floor":45,"turns":5},{"damage":16,"enemies":"4 Shapes","floor":48,"turns":4},{"damage":97,"enemies":"Awakened One","floor":50,"turns":7}],"seed_played":"1297380601064917897","potions_obtained":[{"floor":3,"key":"Block Potion"},{"floor":12,"key":"Regen Potion"},{"floor":13,"key":"FairyPotion"},{"floor":16,"key":"Ancient Potion"}],"is_trial":false,"path_per_floor":["M","T","M","$","M","E","R","?","T","$","R","M","M","E","R","B",null,"M","M","M","?","M","R","T","R","T","R","E","M","?","E","R","B",null,"M","$","M","M","M","R","M","R","T","M","M","R","$","M","R"],"character_chosen":"IRONCLAD","items_purchased":["Vajra","Nunchaku","Medical Kit","Dark Shackles"],"campfire_rested":8,"item_purchase_floors":[4,47,47,47],"current_hp_per_floor":[80,80,68,68,71,24,48,28,28,28,52,45,50,34,34,9,62,67,39,27,21,23,47,57,84,84,84,46,46,36,41,68,18,72,72,72,41,30,35,62,67,67,67,11,11,38,38,28,55,0],"gold":49,"neow_bonus":"UPGRADE_CARD","is_prod":false,"is_daily":false,"chose_seed":false,"campfire_upgraded":3,"win_rate":0,"timestamp":1534387610,"path_taken":["M","?","M","$","M","E","R","?","T","?","R","M","M","E","R","BOSS","M","M","M","?","M","R","?","R","T","R","E","M","?","E","R","BOSS","M","$","M","M","?","R","M","R","T","?","M","R","?","M","R","BOSS"],"build_version":"2018-08-09","purchased_purges":3,"victory":false,"max_hp_per_floor":[80,80,80,80,80,80,80,80,80,80,80,80,80,80,80,80,80,80,80,80,80,80,80,90,90,90,90,90,90,90,90,90,90,90,90,90,90,90,90,90,90,90,90,90,90,90,90,90,90,90],"card_choices":[{"not_picked":["True Grit","Flame Barrier","Sever Soul"],"picked":"SKIP","floor":1},{"not_picked":["Armaments","Rage","Perfected Strike"],"picked":"SKIP","floor":3},{"not_picked":["Perfected Strike","Burning Pact"],"picked":"Clash","floor":5},{"not_picked":["Dropkick","True Grit"],"picked":"Spot Weakness","floor":6},{"not_picked":["Iron Wave","Havoc","Warcry"],"picked":"SKIP","floor":12},{"not_picked":["Reckless Charge","Body Slam"],"picked":"Offering","floor":13},{"not_picked":["Bloodletting","Heavy Blade"],"picked":"Flex","floor":14},{"not_picked":["Reaper","Berserk"],"picked":"Double Tap","floor":16},{"not_picked":["Corruption","Havoc","Intimidate"],"picked":"SKIP","floor":18},{"not_picked":["Fire Breathing","Wild Strike","Rage"],"picked":"SKIP","floor":19},{"not_picked":["Clash","Anger"],"picked":"Flex","floor":20},{"not_picked":["Cleave","Intimidate"],"picked":"Thunderclap+1","floor":22},{"not_picked":["Cleave","Blood for Blood"],"picked":"Bludgeon","floor":28},{"not_picked":["Armaments","Sever Soul","Shrug It Off"],"picked":"SKIP","floor":29},{"not_picked":["Armaments","Blood for Blood+1","True Grit"],"picked":"SKIP","floor":31},{"not_picked":["Spot Weakness+1","Clothesline+1","Headbutt+1"],"picked":"SKIP","floor":35},{"not_picked":["True Grit","Dropkick"],"picked":"Pummel+1","floor":37},{"not_picked":["True Grit+1","Burning Pact+1"],"picked":"Heavy Blade+1","floor":38},{"not_picked":["Whirlwind","Armaments+1","Headbutt"],"picked":"SKIP","floor":39},{"not_picked":["Metallicize+1","Sword Boomerang","Heavy Blade+1"],"picked":"SKIP","floor":41},{"not_picked":["Thunderclap+1","Rupture+1","Wild Strike+1","Clothesline"],"picked":"SKIP","floor":44},{"not_picked":["Warcry+1","Iron Wave","Juggernaut","Blood for Blood"],"picked":"SKIP","floor":45},{"not_picked":["Iron Wave","Pommel Strike","Thunderclap+1","Sentinel"],"picked":"SKIP","floor":48}],"player_experience":142467,"relics_obtained":[{"floor":2,"key":"Red Skull"},{"floor":6,"key":"Incense Burner"},{"floor":9,"key":"MawBank"},{"floor":14,"key":"Kunai"},{"floor":24,"key":"Pear"},{"floor":26,"key":"Anchor"},{"floor":28,"key":"Art of War"},{"floor":30,"key":"Red Mask"},{"floor":31,"key":"Smiling Mask"},{"floor":43,"key":"Question Card"}],"event_choices":[{"event_name":"Golden Idol","player_choice":"Take Damage","floor":8,"damage_taken":0},{"event_name":"Nest","player_choice":"Joined the Cult","floor":21,"damage_taken":0},{"event_name":"Masked Bandits","player_choice":"Fought Bandits","floor":30,"damage_taken":0}],"is_beta":false,"boss_relics":[{"not_picked":["Lizard Tail","Astrolabe"],"picked":"Sozu"},{"not_picked":["Snecko Eye","Fusion Hammer"],"picked":"Runic Cube"}],"items_purged_floors":[10,36,47],"is_endless":false,"potions_floor_spawned":[3,12,13,16,19,20,22,30,31,33,37,39,44,48],"killed_by":"Awakened One","ascension_level":5}