{"gold_per_floor":[114,114,114,129,129,160,160,140,140,176,176,216,216,247,247,338,338,359,359,374,417,417,417,460,460,487,412,412,412,427,452,452,548,548,568,316,331,344,175,215,215,215,238,238,14,14,38,163,163,163,163],"floor_reached":52,"playtime":2669,"items_purged":["Strike_B+1"],"score":1915,"play_id":"992753ba-c697-4d25-b069-fcc401d9d1d5","local_time":"20190612230908","is_ascension_mode":true,"campfire_choices":[{"floor":11,"key":"REST"},{"data":"Zap","floor":13,"key":"SMITH"},{"data":"Dualcast","floor":15,"key":"SMITH"},{"floor":23,"key":"REST"},{"data":"Sweeping Beam","floor":25,"key":"SMITH"},{"data":"Cold Snap","floor":28,"key":"SMITH"},{"floor":32,"key":"REST"},{"floor":41,"key":"REST"},{"data":"Loop","floor":46,"key":"SMITH"},{"floor":49,"key":"REST"}],"neow_cost":"NONE","seed_source_timestamp":469096319051600,"circlet_count":0,"master_deck":["AscendersBane","Strike_B+1","Strike_B+1","Defend_B+1","Defend_B+1","Defend_B+1","Defend_B+1","Zap+1","Dualcast+1","Melter","Ball Lightning","Auto Shields","Cold Snap+1","Ball Lightning","Sweeping Beam+1","Seek","Conserve Battery","Ball Lightning+1","Consume+1","Rip and Tear+1","Thunder Strike","Loop+1","Coolheaded","Bandage Up","Hologram+1","Coolheaded"],"special_seed":0,"relics":["Cracked Core","Bag of Preparation","Golden Idol","Mango","Nunchaku","Kunai","Ancient Tea Set","Regal Pillow","Happy Flower","Runic Pyramid","Red Mask","Lantern","Matryoshka","Pen Nib","Centennial Puzzle","MutagenicStrength","Runic Dome","Bag of Marbles","Smiling Mask","DataDisk","Strawberry","ClockworkSouvenir","Dead Branch"],"potions_floor_usage":[10,12,14,16,30,38,50,50],"damage_taken":[{"damage":0.0,"enemies":"2 Louse","floor":1.0,"turns":2.0},{"damage":7.0,"enemies":"Small Slimes","floor":4.0,"turns":3.0},{"damage":25,"enemies":"Lagavulin","floor":6,"turns":6},{"damage":0,"enemies":"Gremlin Nob","floor":10,"turns":3},{"damage":4,"enemies":"3 Sentries","floor":12,"turns":5},{"damage":0,"enemies":"Gremlin Nob","floor":14,"turns":3},{"damage":35,"enemies":"Slime Boss","floor":16,"turns":9},{"damage":22,"enemies":"2 Thieves","floor":18,"turns":3},{"damage":8,"enemies":"Shell Parasite","floor":20,"turns":4},{"damage":22,"enemies":"Masked Bandits","floor":21,"turns":5},{"damage":2,"enemies":"Gremlin Leader","floor":24,"turns":6},{"damage":9,"enemies":"Shelled Parasite and Fungi","floor":30,"turns":3},{"damage":0,"enemies":"Cultist and Chosen","floor":31,"turns":4},{"damage":34,"enemies":"Automaton","floor":33,"turns":9},{"damage":0,"enemies":"Orb Walker","floor":35,"turns":2},{"damage":16,"enemies":"3 Darklings","floor":37,"turns":3},{"damage":8,"enemies":"Maw","floor":38,"turns":5},{"damage":56,"enemies":"Giant Head","floor":40,"turns":7},{"damage":0,"enemies":"Sphere and 2 Shapes","floor":47,"turns":3},{"damage":0,"enemies":"Mind Bloom Boss Battle","floor":48,"turns":5},{"damage":28,"enemies":"Time Eater","floor":50,"turns":4},{"damage":43,"enemies":"Awakened One","floor":51,"turns":14}],"seed_played":"-2616940537838782022","potions_obtained":[{"floor":6,"key":"FocusPotion"},{"floor":8,"key":"Swift Potion"},{"floor":10,"key":"SteroidPotion"},{"floor":14,"key":"Dexterity Potion"},{"floor":24,"key":"SpeedPotion"},{"floor":30,"key":"Swift Potion"},{"floor":31,"key":"Weak Potion"},{"floor":35,"key":"FairyPotion"},{"floor":40,"key":"FocusPotion"},{"floor":47,"key":"PowerPotion"}],"is_trial":false,"path_per_floor":["M","?","?","M","?","E","T","?","T","E","R","E","R","E","R","B",null,"M","?","M","?","?","R","E","R","T","?","R","?","M","M","R","B",null,"M","$","M","M","$","E","R","?","T","?","$","R","M","?","R","B","B",null],"character_chosen":"DEFECT","items_purchased":["Bag of Marbles","Loop","Bandage Up","ClockworkSouvenir"],"campfire_rested":5,"item_purchase_floors":[36,36,39,45],"current_hp_per_floor":[64,43,38,31,31,20,20,20,20,20,43,39,39,39,39,4,60,38,38,30,8,8,46,44,44,44,44,44,44,35,35,73,39,68,68,68,52,44,44,7,45,45,52,52,52,52,52,56,85,61,22],"gold":163,"neow_bonus":"THREE_CARDS","is_prod":false,"is_daily":false,"chose_seed":false,"campfire_upgraded":5,"win_rate":0,"timestamp":1560377348,"path_taken":["M","?","?","M","?","E","?","?","T","E","R","E","R","E","R","BOSS","M","?","M","?","?","R","E","R","T","?","R","?","M","?","R","BOSS","M","$","M","M","$","E","R","?","T","?","?","R","M","?","R","BOSS","BOSS"],"build_version":"2019-01-23","purchased_purges":1,"victory":true,"max_hp_per_floor":[71,71,71,71,64,78,78,78,78,78,78,78,78,78,78,78,78,78,78,78,78,78,78,78,78,78,78,78,78,78,78,78,78,78,78,78,78,78,78,78,78,78,85,85,85,85,85,85,85,85,85],"card_choices":[{"not_picked":["Rebound","Conserve Battery"],"picked":"Melter","floor":0.0},{"not_picked":["Go for the Eyes","Sweeping Beam"],"picked":"Ball Lightning","floor":1.0},{"not_picked":["Melter","Blizzard"],"picked":"Auto Shields","floor":4},{"not_picked":["Melter","Barrage","Undo"],"picked":"SKIP","floor":6},{"not_picked":["Leap","Sweeping Beam"],"picked":"Cold Snap","floor":10},{"not_picked":["Blizzard","Fission"],"picked":"Ball Lightning","floor":12},{"not_picked":["Reprogram","Compile Driver"],"picked":"Sweeping Beam","floor":14},{"not_picked":["Creative AI","Fission"],"picked":"Seek","floor":16},{"not_picked":["Ball Lightning","Rebound+1"],"picked":"Conserve Battery","floor":18},{"not_picked":["Storm","Conserve Battery","Fission"],"picked":"SKIP","floor":20},{"not_picked":["Rip and Tear","Rebound"],"picked":"Ball Lightning+1","floor":21},{"not_picked":["Cold Snap","Machine Learning"],"picked":"Consume+1","floor":24},{"not_picked":["Sunder","Blizzard","Compile Driver"],"picked":"SKIP","floor":30},{"not_picked":["Auto Shields","Compile Driver"],"picked":"Rip and Tear+1","floor":31},{"not_picked":["Biased Cognition","Multi-Cast"],"picked":"Thunder Strike","floor":33},{"not_picked":["Scrape+1","Lockon","Conserve Battery"],"picked":"SKIP","floor":35},{"not_picked":["Gash","Ball Lightning","Redo"],"picked":"SKIP","floor":37},{"not_picked":["Hologram+1","Barrage"],"picked":"Coolheaded","floor":38},{"not_picked":["Reboot","Beam Cell+1"],"picked":"Hologram+1","floor":40},{"not_picked":["Steam","Self Repair"],"picked":"Coolheaded","floor":47}],"player_experience":1289223,"relics_obtained":[{"floor":6,"key":"Mango"},{"floor":7,"key":"Nunchaku"},{"floor":9,"key":"Kunai"},{"floor":10,"key":"Ancient Tea Set"},{"floor":12,"key":"Regal Pillow"},{"floor":14,"key":"Happy Flower"},{"floor":21,"key":"Red Mask"},{"floor":24,"key":"Matryoshka"},{"floor":26,"key":"Pen Nib"},{"floor":26,"key":"Centennial Puzzle"},{"floor":40,"key":"Smiling Mask"},{"floor":43,"key":"DataDisk"},{"floor":43,"key":"Strawberry"},{"floor":48,"key":"Dead Branch"}],"event_choices":[{"damage_healed":0.0,"max_hp_gain":0.0,"max_hp_loss":0.0,"gold_gain":0.0,"event_name":"Shining Light","player_choice":"Entered Light","floor":2.0,"gold_loss":0.0,"damage_taken":21.0,"cards_upgraded":["Strike_B","Strike_B"]},{"damage_healed":0.0,"max_hp_gain":0.0,"max_hp_loss":0.0,"gold_gain":0.0,"event_name":"Scrap Ooze","player_choice":"Success","floor":3.0,"gold_loss":0.0,"damage_taken":5.0,"relics_obtained":["Bag of Preparation"]},{"damage_healed":0,"gold_gain":0,"player_choice":"Lose Max HP","damage_taken":0,"relics_obtained":["Golden Idol"],"max_hp_gain":0,"max_hp_loss":7,"event_name":"Golden Idol","floor":5,"gold_loss":0},{"damage_healed":0,"gold_gain":0,"player_choice":"Bought 1 Potion","damage_taken":0,"max_hp_gain":0,"max_hp_loss":0,"event_name":"The Woman in Blue","floor":8,"gold_loss":0},{"damage_healed":0,"gold_gain":0,"player_choice":"Simplicity","damage_taken":0,"max_hp_gain":0,"max_hp_loss":0,"event_name":"Back to Basics","floor":19,"gold_loss":0,"cards_upgraded":["Strike_B","Strike_B","Defend_B","Defend_B","Defend_B","Defend_B"]},{"damage_healed":0,"gold_gain":0,"player_choice":"Fought Bandits","damage_taken":0,"max_hp_gain":0,"max_hp_loss":0,"event_name":"Masked Bandits","floor":21,"gold_loss":0},{"damage_healed":0,"gold_gain":0,"player_choice":"Stole Relic","damage_taken":0,"relics_obtained":["Lantern"],"max_hp_gain":0,"max_hp_loss":0,"event_name":"Addict","floor":22,"gold_loss":0,"cards_obtained":["Shame"]},{"cards_removed":["Shame"],"damage_healed":0,"gold_gain":0,"player_choice":"Gave Gold","damage_taken":0,"max_hp_gain":0,"max_hp_loss":0,"event_name":"Beggar","floor":27,"gold_loss":75},{"damage_healed":0,"gold_gain":0,"player_choice":"Inject Mutagens","damage_taken":0,"relics_obtained":["MutagenicStrength"],"max_hp_gain":0,"max_hp_loss":0,"event_name":"Drug Dealer","floor":29,"gold_loss":0},{"damage_healed":0,"gold_gain":0,"player_choice":"Ignored","damage_taken":0,"max_hp_gain":0,"max_hp_loss":0,"event_name":"Mysterious Sphere","floor":42,"gold_loss":0},{"cards_removed":["Strike_B"],"damage_healed":0,"gold_gain":0,"player_choice":"Removed Attack","damage_taken":0,"max_hp_gain":0,"max_hp_loss":0,"event_name":"Falling","floor":44,"gold_loss":0},{"damage_healed":0,"gold_gain":0,"player_choice":"Fight","damage_taken":0,"max_hp_gain":0,"max_hp_loss":0,"event_name":"MindBloom","floor":48,"gold_loss":0}],"is_beta":false,"boss_relics":[{"not_picked":["Black Star","Ectoplasm"],"picked":"Runic Pyramid"},{"not_picked":["Orrery","Nuclear Battery"],"picked":"Runic Dome"}],"items_purged_floors":[39],"is_endless":false,"potions_floor_spawned":[6,10,14,24,30,31,35,40,47,48],"ascension_level":20}