{"path_per_floor":["M","$","M","M","M","R","?","R","T","R","E","R","M","E","R","B",null,"M","M","M","?","M","R","E","?","T","R","M","M","R","M","R"],"character_chosen":"DEFECT","items_purchased":["Redo"],"gold_per_floor":[109,59,78,89,105,105,55,55,79,79,104,104,115,140,140,240,240,254,266,278,203,213,213,243,243,321,321,335,351,351,368,368,368],"floor_reached":33,"campfire_rested":0,"playtime":1661,"item_purchase_floors":[2],"current_hp_per_floor":[75,75,75,75,75,75,75,75,75,75,63,63,63,53,53,38,75,70,59,52,52,54,54,56,42,42,42,41,41,41,44,44,0],"items_purged":[],"gold":368,"score":304,"play_id":"c97f6b83-b277-40eb-8a10-206f36894fef","local_time":"20180602173005","is_prod":false,"is_daily":false,"chose_seed":false,"is_ascension_mode":false,"campfire_upgraded":9,"win_rate":0,"timestamp":1527957005,"campfire_choices":[{"data":"Zap","floor":6,"key":"SMITH"},{"data":"Redo","floor":8,"key":"SMITH"},{"data":"Dualcast","floor":10,"key":"SMITH"},{"data":"Go for the Eyes","floor":12,"key":"SMITH"},{"data":"Melter","floor":15,"key":"SMITH"},{"data":"Melter","floor":23,"key":"SMITH"},{"data":"Self Repair","floor":27,"key":"SMITH"},{"data":"Ball Lightning","floor":30,"key":"SMITH"},{"data":"Defend_B","floor":32,"key":"SMITH"}],"path_taken":["M","$","M","M","M","R","?","R","T","R","E","R","M","E","R","BOSS","M","M","M","?","M","R","E","?","T","R","M","M","R","M","R","BOSS"],"build_version":"2018-05-31","seed_source_timestamp":180568986338883,"purchased_purges":0,"victory":false,"master_deck":["Strike_B","Defend_B+1","Defend_B","Defend_B","Defend_B","Zap+1","Dualcast+1","Go for the Eyes+1","Redo+1","Streamline","Rip and Tear+1","Reinforced Body","Melter+1","Melter+1","Self Repair+1","Echo Form","Scrape+1","Redo+1","Skim+1","Writhe","Ball Lightning+1"],"max_hp_per_floor":[75,75,75,75,75,75,75,75,75,75,75,75,75,75,75,75,75,75,75,75,75,75,75,75,80,80,80,80,80,80,80,80,80],"relics":["Cracked Core","Whetstone","Boot","Bird Faced Urn","Cursed Key","Ancient Tea Set","Bottled Lightning"],"card_choices":[{"not_picked":["Reinforced Body","Reprogram"],"picked":"Go for the Eyes","floor":1},{"not_picked":["Leap","Chill"],"picked":"Streamline","floor":3},{"not_picked":["Seek","Beam Cell"],"picked":"Rip and Tear","floor":4},{"not_picked":["Darkness","Conserve Battery"],"picked":"Reinforced Body","floor":5},{"not_picked":["Coolheaded","Tempest"],"picked":"Melter","floor":11},{"not_picked":["Sweeping Beam","Stack"],"picked":"Melter","floor":13},{"not_picked":["BootSequence","Auto Shields"],"picked":"Self Repair","floor":14},{"not_picked":["Core Surge","Machine Learning"],"picked":"Echo Form","floor":16},{"not_picked":["Conserve Battery+1","Sweeping Beam"],"picked":"Scrape+1","floor":18},{"not_picked":["Conserve Battery+1","Turbo+1"],"picked":"Redo+1","floor":19},{"not_picked":["Stack+1","Reprogram","Compile Driver"],"picked":"SKIP","floor":20},{"not_picked":["Sweeping Beam","Hologram","Rip and Tear"],"picked":"SKIP","floor":22},{"not_picked":["Meteor Strike","Go for the Eyes+1"],"picked":"Skim+1","floor":24},{"not_picked":["Hologram","Reprogram"],"picked":"Ball Lightning","floor":28},{"not_picked":["Auto Shields","Steam","Hello World"],"picked":"SKIP","floor":29},{"not_picked":["Barrage+1","Streamline","Reprogram"],"picked":"SKIP","floor":31}],"player_experience":602231,"potions_floor_usage":[5,16,19,28,28,33,33],"damage_taken":[{"damage":0,"enemies":"Small Slimes","floor":1,"turns":3},{"damage":0,"enemies":"2 Louse","floor":3,"turns":2},{"damage":0,"enemies":"Jaw Worm","floor":4,"turns":3},{"damage":0,"enemies":"Large Slime","floor":5,"turns":3},{"damage":12,"enemies":"3 Sentries","floor":11,"turns":5},{"damage":0,"enemies":"Exordium Wildlife","floor":13,"turns":2},{"damage":10,"enemies":"Gremlin Nob","floor":14,"turns":3},{"damage":24,"enemies":"Hexaghost","floor":16,"turns":9},{"damage":12,"enemies":"3 Byrds","floor":18,"turns":4},{"damage":13,"enemies":"Shell Parasite","floor":19,"turns":5},{"damage":27,"enemies":"Centurion and Healer","floor":20,"turns":4},{"damage":7,"enemies":"Snecko","floor":22,"turns":5},{"damage":0,"enemies":"Gremlin Leader","floor":24,"turns":5},{"damage":15,"enemies":"Cultist and Chosen","floor":28,"turns":5},{"damage":12,"enemies":"Snake Plant","floor":29,"turns":3},{"damage":9,"enemies":"Centurion and Healer","floor":31,"turns":5},{"damage":79,"enemies":"Collector","floor":33,"turns":7}],"relics_obtained":[{"floor":9,"key":"Whetstone"},{"floor":11,"key":"Boot"},{"floor":14,"key":"Bird Faced Urn"},{"floor":24,"key":"Ancient Tea Set"},{"floor":26,"key":"Bottled Lightning"}],"event_choices":[{"event_name":"The Cleric","player_choice":"Card Removal","floor":7,"damage_taken":0},{"event_name":"Beggar","player_choice":"Gave Gold","floor":21,"damage_taken":0},{"event_name":"Forgotten Altar","player_choice":"Shed Blood","floor":25,"damage_taken":0}],"boss_relics":[{"not_picked":["Pandora\u0027s Box","Runic Pyramid"],"picked":"Cursed Key"}],"items_purged_floors":[],"potions_floor_spawned":[1,3,16,19,22,24,29],"seed_played":"-2452826137299200919","killed_by":"Collector","ascension_level":0,"potions_obtained":[{"floor":1,"key":"GamblersBrew"},{"floor":3,"key":"AttackPotion"},{"floor":16,"key":"Ancient Potion"},{"floor":19,"key":"Swift Potion"},{"floor":22,"key":"Explosive Potion"},{"floor":24,"key":"PowerPotion"},{"floor":29,"key":"Strength Potion"}],"is_trial":false}