{"gold_per_floor":[116,196,196,211,211,237,247,247,247,247,299,299,326,339,339,412,412,426,426,44,44,60,60,95,95,142,154,166,188,215,152,164,247,259,282,76,76,76,94,94,94],"floor_reached":41,"playtime":2689,"items_purged":["Strike_G"],"score":861,"play_id":"2c4ff885-685f-4d8e-923a-1ab14a3f7171","local_time":"20190627235954","is_ascension_mode":true,"campfire_choices":[{"data":"Cloak And Dagger","floor":8.0,"key":"SMITH"},{"floor":10.0,"key":"DIG"},{"floor":12.0,"key":"DIG"},{"floor":15.0,"key":"DIG"},{"floor":23,"key":"REST"},{"floor":25,"key":"REST"},{"floor":27,"key":"REST"},{"data":"Cloak And Dagger","floor":32,"key":"SMITH"},{"floor":40,"key":"RECALL"}],"neow_cost":"NONE","seed_source_timestamp":461507537941972,"circlet_count":0,"master_deck":["AscendersBane","Defend_G","Defend_G","Defend_G","Defend_G","Defend_G","Strike_G","Strike_G","Strike_G","Survivor","Neutralize+1","Dash","Deadly Poison","Cloak And Dagger+1","PiercingWail+1","Poisoned Stab","Malaise+1","Noxious Fumes","Cloak And Dagger+1","Endless Agony","Slice","Backflip","Night Terror","Panacea","Apotheosis","Flash of Steel"],"special_seed":0,"relics":["Ring of the Snake","NeowsBlessing","Kunai","Shovel","StoneCalendar","Pantograph","Happy Flower","Mango","Singing Bowl","Vajra","Sozu","War Paint","Incense Burner","MawBank","Runic Pyramid","Medical Kit"],"potions_floor_usage":[16,16,24],"damage_taken":[{"damage":0.0,"enemies":"2 Louse","floor":1.0,"turns":1.0},{"damage":0.0,"enemies":"Jaw Worm","floor":4.0,"turns":1.0},{"damage":0.0,"enemies":"Gremlin Nob","floor":6.0,"turns":1.0},{"damage":0.0,"enemies":"Cultist","floor":7.0,"turns":4.0},{"damage":11.0,"enemies":"Lagavulin","floor":13.0,"turns":7.0},{"damage":0.0,"enemies":"2 Fungi Beasts","floor":14.0,"turns":4.0},{"damage":4,"enemies":"Hexaghost","floor":16,"turns":8},{"damage":5,"enemies":"3 Byrds","floor":18,"turns":6},{"damage":22,"enemies":"Spheric Guardian","floor":22,"turns":5},{"damage":56,"enemies":"Slavers","floor":24,"turns":7},{"damage":2,"enemies":"Snecko","floor":29,"turns":7},{"damage":7,"enemies":"3 Cultists","floor":30,"turns":6},{"damage":23,"enemies":"Collector","floor":33,"turns":11},{"damage":5,"enemies":"3 Shapes","floor":35,"turns":7},{"damage":5,"enemies":"3 Darklings","floor":39,"turns":5},{"damage":78,"enemies":"Reptomancer","floor":41,"turns":4}],"seed_played":"5082417031834914646","potions_obtained":[{"floor":4.0,"key":"GhostInAJar"},{"floor":6.0,"key":"EssenceOfSteel"},{"floor":7.0,"key":"LiquidBronze"},{"floor":16,"key":"Dexterity Potion"}],"is_trial":false,"path_per_floor":["M","?","T","M","?","E","M","R","T","R","T","R","E","M","R","B",null,"M","?","$","?","M","R","E","R","T","R","?","M","M","?","R","B",null,"M","$","?","?","M","R","E"],"character_chosen":"THE_SILENT","items_purchased":["Noxious Fumes","Cloak And Dagger","War Paint","Medical Kit"],"campfire_rested":3,"item_purchase_floors":[20,20,20,36],"current_hp_per_floor":[59,59,59,59,59,59,59,59,59,59,59,73,64,64,64,78,81,78,54,54,54,32,58,2,28,28,54,54,54,49,49,49,51,83,80,80,70,70,67,67,0],"gold":94,"neow_bonus":"THREE_ENEMY_KILL","is_prod":false,"is_daily":false,"chose_seed":false,"campfire_upgraded":2,"win_rate":0,"timestamp":1561694394,"path_taken":["M","?","?","?","?","E","M","R","T","R","?","R","E","M","R","BOSS","M","?","$","?","M","R","E","R","T","R","?","?","M","?","R","BOSS","M","$","?","?","M","R","E"],"build_version":"2019-01-23","purchased_purges":1,"victory":false,"max_hp_per_floor":[66,66,66,66,66,66,66,66,66,66,66,80,82,82,82,82,82,84,89,89,89,89,89,89,89,89,89,89,91,93,93,93,93,93,95,95,95,90,92,92,92],"card_choices":[{"not_picked":["Deadly Poison","Sucker Punch"],"picked":"Dash","floor":1.0},{"not_picked":["Choke","Tactician"],"picked":"Deadly Poison","floor":4.0},{"not_picked":["Crippling Poison","Die Die Die"],"picked":"Cloak And Dagger","floor":6.0},{"not_picked":["Distraction","Dodge and Roll"],"picked":"PiercingWail","floor":7.0},{"not_picked":["Quick Slash","Reflex","Concentrate"],"picked":"Singing Bowl","floor":13.0},{"not_picked":["Outmaneuver","Prepared"],"picked":"Poisoned Stab","floor":14.0},{"not_picked":["Doppelganger","Unload"],"picked":"Malaise","floor":16},{"not_picked":["Deflect","Underhanded Strike","Prepared"],"picked":"Singing Bowl","floor":18},{"not_picked":["Concentrate","Backflip"],"picked":"Slice","floor":22},{"not_picked":["Outmaneuver","Caltrops"],"picked":"Backflip","floor":24},{"not_picked":["Eviscerate","Cloak And Dagger","Quick Slash"],"picked":"Singing Bowl","floor":29},{"not_picked":["Eviscerate","Expertise","Dagger Throw"],"picked":"Singing Bowl","floor":30},{"not_picked":["Die Die Die","Storm of Steel"],"picked":"Night Terror","floor":33},{"not_picked":["Reflex","Slice","Dodge and Roll"],"picked":"Singing Bowl","floor":35},{"not_picked":["Mind Blast","Jack Of All Trades"],"picked":"Panacea","floor":37},{"not_picked":["Trip","HandOfGreed"],"picked":"Apotheosis","floor":37},{"not_picked":["Transmutation","Forethought"],"picked":"Flash of Steel","floor":37},{"not_picked":["Underhanded Strike","Leg Sweep+1","Setup"],"picked":"Singing Bowl","floor":39}],"player_experience":2347034,"relics_obtained":[{"floor":3.0,"key":"Kunai"},{"floor":6.0,"key":"Shovel"},{"floor":9.0,"key":"StoneCalendar"},{"floor":10.0,"key":"Pantograph"},{"floor":11.0,"key":"Happy Flower"},{"floor":12.0,"key":"Mango"},{"floor":13.0,"key":"Singing Bowl"},{"floor":15.0,"key":"Vajra"},{"floor":24,"key":"Incense Burner"},{"floor":26,"key":"MawBank"}],"event_choices":[{"damage_healed":0.0,"max_hp_gain":0.0,"max_hp_loss":0.0,"gold_gain":80.0,"event_name":"Golden Wing","player_choice":"Gained Gold","floor":2.0,"gold_loss":0.0,"damage_taken":0.0},{"damage_healed":0.0,"max_hp_gain":0.0,"max_hp_loss":0.0,"gold_gain":0.0,"event_name":"Living Wall","player_choice":"Grow","floor":5.0,"gold_loss":0.0,"damage_taken":0.0,"cards_upgraded":["Neutralize"]},{"damage_healed":0,"gold_gain":0,"player_choice":"Shed Blood","damage_taken":29,"max_hp_gain":5,"max_hp_loss":0,"event_name":"Forgotten Altar","floor":19,"gold_loss":0},{"damage_healed":0,"gold_gain":0,"player_choice":"Read","damage_taken":0,"max_hp_gain":0,"max_hp_loss":0,"event_name":"The Library","floor":21,"gold_loss":0,"cards_obtained":["Endless Agony"]},{"damage_healed":0,"gold_gain":0,"player_choice":"Got Potions","damage_taken":0,"max_hp_gain":0,"max_hp_loss":0,"event_name":"Lab","floor":28,"gold_loss":0},{"cards_removed":["Strike_G"],"damage_healed":0,"gold_gain":0,"player_choice":"Gave Gold","damage_taken":0,"max_hp_gain":0,"max_hp_loss":0,"event_name":"Beggar","floor":31,"gold_loss":75},{"damage_healed":0,"gold_gain":0,"player_choice":"Memory 3","damage_taken":10,"max_hp_gain":0,"max_hp_loss":0,"event_name":"SensoryStone","floor":37,"gold_loss":0},{"damage_healed":0,"gold_gain":0,"player_choice":"Max HP","damage_taken":0,"max_hp_gain":0,"max_hp_loss":5,"event_name":"Winding Halls","floor":38,"gold_loss":0}],"is_beta":false,"boss_relics":[{"not_picked":["Busted Crown","Fusion Hammer"],"picked":"Sozu"},{"not_picked":["Runic Dome","Orrery"],"picked":"Runic Pyramid"}],"items_purged_floors":[20],"is_endless":false,"potions_floor_spawned":[4,6,7,16,30,33,39],"killed_by":"Reptomancer","ascension_level":18}