{"path_per_floor":["M","M","M","?","M","R","M","?","T","R","M","R","M","M","R","B",null,"M","$","M","?","$","M","R","M","T","E","R","M","M","M","R","B",null,"M","$","M","M","M","R","E","R","T","?","?","?","M","$","R","B"],"character_chosen":"THE_SILENT","items_purchased":["Apotheosis","Flash of Steel","Poisoned Stab","Lantern","Ornamental Fan"],"gold_per_floor":[110,125,135,135,153,153,164,164,164,164,180,180,205,229,229,350,350,368,20,38,38,38,53,53,68,94,125,125,142,161,179,179,284,284,303,156,174,194,207,207,237,237,237,237,237,287,304,42,42,42],"floor_reached":51,"campfire_rested":1,"playtime":5036,"current_hp_per_floor":[69,67,67,67,57,57,55,55,55,55,53,53,53,53,53,35,67,56,56,50,50,50,50,50,51,56,43,43,21,34,21,21,19,67,60,60,65,55,44,44,37,37,37,37,53,41,26,26,46,1],"items_purged":[],"gold":42,"play_id":"93880f26-9d87-410d-92e1-35f3796d3f06","is_prod":false,"is_daily":false,"campfire_rituals":0,"campfire_upgraded":9,"is_hardmode":false,"path_taken":["M","M","M","?","?","R","M","?","T","R","?","R","M","M","R","BOSS","M","?","M","?","$","?","R","M","T","E","R","?","M","?","R","BOSS","M","$","M","M","M","R","E","R","T","?","?","?","M","$","R","BOSS"],"build_version":"2018-01-04-PROD1","purchased_purges":0,"victory":true,"master_deck":["Defend_G","Defend_G","Defend_G","Defend_G","Strike_G","Strike_G","Strike_G","Strike_G","Strike_G","Survivor","Neutralize","Backstab","Noxious Fumes","Quick Slash","Dodge and Roll","Prepared","Bane","A Thousand Cuts","Poisoned Stab","After Image","Escape Plan","Apotheosis","Flash of Steel","Poisoned Stab","Footwork","Backflip","Noxious Fumes","Flying Knee","Prepared","Well Laid Plans","Acrobatics","Adrenaline","Backflip","Poisoned Stab","PiercingWail","A Thousand Cuts","Deflect","Writhe","Deadly Poison","Dash"],"max_hp_per_floor":[70,70,70,70,70,70,70,67,67,67,67,67,67,67,67,67,67,67,67,67,67,67,67,67,67,67,67,67,67,67,67,67,67,67,67,67,67,67,67,67,67,67,67,67,67,67,67,67,67,67],"relics":["Ring of the Snake","Bag of Preparation","Bloody Idol","Frozen Eye","The Specimen","Anchor","Toolbox","Lizard Tail","Lantern","Gambling Chip","Whetstone","Ginger","Ornamental Fan"],"campfire_meditates":0,"card_choices":[{"not_picked":["Flying Knee","Blur"],"picked":"Backstab"},{"not_picked":["PiercingWail","Masterful Stab"],"picked":"Noxious Fumes"},{"not_picked":["Night Terror","Acrobatics"],"picked":"Quick Slash"},{"not_picked":["PiercingWail","Choke"],"picked":"Dodge and Roll"},{"not_picked":["Dodge and Roll","Blade Dance"],"picked":"Prepared"},{"not_picked":["Deflect","Flying Knee"],"picked":"Bane"},{"not_picked":["Outmaneuver","Dagger Spray"],"picked":"A Thousand Cuts"},{"not_picked":["Distraction","Sucker Punch"],"picked":"Poisoned Stab"},{"not_picked":["Night Terror","Adrenaline"],"picked":"After Image"},{"not_picked":["Eviscerate","Blade Dance"],"picked":"Escape Plan"},{"not_picked":["Deflect","Quick Slash"],"picked":"Footwork"},{"not_picked":["Dodge and Roll","Flechettes"],"picked":"Backflip"},{"not_picked":["Dagger Spray","Skewer"],"picked":"Noxious Fumes"},{"not_picked":["Die Die Die","Poisoned Stab"],"picked":"Flying Knee"},{"not_picked":["Slice","Sucker Punch"],"picked":"Prepared"},{"not_picked":["Glass Knife","Flying Knee"],"picked":"Well Laid Plans"},{"not_picked":["Dagger Spray","Sucker Punch"],"picked":"Acrobatics"},{"not_picked":["Venomology","Night Terror"],"picked":"Adrenaline"},{"not_picked":["Outmaneuver","Infinite Blades"],"picked":"Backflip"},{"not_picked":["Masterful Stab","Well Laid Plans"],"picked":"Poisoned Stab"},{"not_picked":["Slice","Deflect"],"picked":"PiercingWail"},{"not_picked":["Outmaneuver","Blur"],"picked":"A Thousand Cuts"},{"not_picked":["Heel Hook","Dagger Spray"],"picked":"Deflect"},{"not_picked":["PiercingWail","Slice"],"picked":"Deadly Poison"},{"not_picked":["Infinite Blades","Poisoned Stab"],"picked":"Dash"}],"player_experience":76510,"potions_floor_usage":[16,20,25,30,33,33,33,38,50,50],"damage_taken":[{"damage":1,"enemies":"Small Slimes","floor":1,"turns":4},{"damage":2,"enemies":"Blue Slaver","floor":2,"turns":5},{"damage":0,"enemies":"Cultist","floor":3,"turns":4},{"damage":10,"enemies":"3 Louse","floor":5,"turns":3},{"damage":2,"enemies":"Looter","floor":7,"turns":4},{"damage":2,"enemies":"Lots of Slimes","floor":11,"turns":5},{"damage":0,"enemies":"Large Slime","floor":13,"turns":5},{"damage":0,"enemies":"3 Louse","floor":14,"turns":3},{"damage":18,"enemies":"Slime Boss","floor":16,"turns":8},{"damage":11,"enemies":"Chosen","floor":18,"turns":5},{"damage":6,"enemies":"2 Thieves","floor":20,"turns":4},{"damage":5,"enemies":"3 Cultists","floor":23,"turns":5},{"damage":4,"enemies":"Snake Plant","floor":25,"turns":6},{"damage":18,"enemies":"Gremlin Leader","floor":27,"turns":6},{"damage":27,"enemies":"Centurion and Healer","floor":29,"turns":5},{"damage":7,"enemies":"Snecko","floor":30,"turns":6},{"damage":22,"enemies":"Chosen and Byrds","floor":31,"turns":5},{"damage":22,"enemies":"Collector","floor":33,"turns":8},{"damage":12,"enemies":"3 Darklings","floor":35,"turns":5},{"damage":0,"enemies":"3 Shapes","floor":37,"turns":5},{"damage":15,"enemies":"Maw","floor":38,"turns":7},{"damage":16,"enemies":"Sphere and 2 Shapes","floor":39,"turns":5},{"damage":12,"enemies":"Nemesis","floor":41,"turns":10},{"damage":17,"enemies":"Mysterious Sphere","floor":46,"turns":5},{"damage":20,"enemies":"4 Shapes","floor":47,"turns":3},{"damage":80,"enemies":"Time Eater","floor":50,"turns":14}],"event_choices":[{"event_name":"Upgrade Shrine","player_choice":"Upgraded","floor":4,"damage_taken":0},{"event_name":"Golden Idol","player_choice":"Lose Max HP","floor":8,"damage_taken":0},{"event_name":"Forgotten Altar","player_choice":"Gave Idol","floor":21,"damage_taken":0},{"event_name":"Purifier","player_choice":"One Purge","floor":44,"damage_taken":0},{"event_name":"Winding Halls","player_choice":"Writhe","floor":45,"damage_taken":0},{"event_name":"Mysterious Sphere","player_choice":"Fight","floor":46,"damage_taken":0}],"boss_relics":[{"not_picked":["Tiny House","Snecko Eye"],"picked":"The Specimen"},{"not_picked":["Runic Dome","Calling Bell"],"picked":"Lizard Tail"}],"potions_floor_spawned":[3,5,11,13,16,18,20,29,30,37,41,47],"seed_played":"-7318074577196769345","is_trial":false}