{"gold_per_floor":[114,128,203,222,222,253,49,49,49,74,92,118,138,158,158,158],"floor_reached":16,"playtime":695,"items_purged":["Strike_R"],"score":226,"play_id":"689a0ce0-1637-4194-8a59-592761aa5d67","local_time":"20190402211423","is_ascension_mode":true,"campfire_choices":[{"floor":8,"key":"REST"},{"floor":15,"key":"REST"}],"neow_cost":"NONE","seed_source_timestamp":1111899961649033,"circlet_count":0,"master_deck":["AscendersBane","Strike_R","Strike_R","Strike_R","Strike_R","Defend_R","Defend_R","Defend_R","Defend_R","Bash","Rage","Sever Soul","Armaments","Metallicize","Corruption","Uppercut","Reaper","Feel No Pain","Flame Barrier","Seeing Red"],"relics":["Burning Blood","Calipers","Torii","Potion Belt","Omamori"],"potions_floor_usage":[6,16,16],"damage_taken":[{"damage":2,"enemies":"Cultist","floor":1,"turns":4},{"damage":8,"enemies":"Small Slimes","floor":2,"turns":5},{"damage":14,"enemies":"Jaw Worm","floor":4,"turns":5},{"damage":40,"enemies":"Lagavulin","floor":6,"turns":6},{"damage":16,"enemies":"Gremlin Nob","floor":10,"turns":5},{"damage":10,"enemies":"Blue Slaver","floor":11,"turns":4},{"damage":29,"enemies":"Lagavulin","floor":12,"turns":7},{"damage":14,"enemies":"Large Slime","floor":13,"turns":8},{"damage":12,"enemies":"Exordium Wildlife","floor":14,"turns":5},{"damage":93,"enemies":"The Guardian","floor":16,"turns":14}],"seed_played":"732790047376721004","potions_obtained":[{"floor":2,"key":"Strength Potion"},{"floor":10,"key":"EssenceOfSteel"},{"floor":12,"key":"Regen Potion"}],"is_trial":false,"path_per_floor":["M","M","?","M","?","E","$","R","T","E","M","E","M","M","R","B"],"character_chosen":"IRONCLAD","items_purchased":["Corruption","Uppercut"],"campfire_rested":2,"item_purchase_floors":[7,7],"current_hp_per_floor":[79,77,66,58,82,48,48,72,72,62,58,35,35,37,61,0],"gold":158,"neow_bonus":"TEN_PERCENT_HP_BONUS","is_prod":false,"is_daily":false,"chose_seed":false,"campfire_upgraded":0,"win_rate":0,"timestamp":1554254063,"path_taken":["M","?","?","M","?","E","?","R","T","E","M","E","M","M","R","BOSS"],"build_version":"2019-01-23","purchased_purges":1,"victory":false,"max_hp_per_floor":[82,82,82,82,82,82,82,82,82,82,82,82,82,82,82,82],"card_choices":[{"not_picked":["Heavy Blade","Wild Strike"],"picked":"Rage","floor":1},{"not_picked":["Clash","Entrench"],"picked":"Sever Soul","floor":2},{"not_picked":["Berserk","Flex"],"picked":"Armaments","floor":4},{"not_picked":["Anger","Disarm"],"picked":"Metallicize","floor":6},{"not_picked":["Blood for Blood","Headbutt","Searing Blow"],"picked":"SKIP","floor":10},{"not_picked":["Corruption","Perfected Strike"],"picked":"Reaper","floor":11},{"not_picked":["Flex","Dark Embrace"],"picked":"Feel No Pain","floor":12},{"not_picked":["Uppercut","Metallicize"],"picked":"Flame Barrier","floor":13},{"not_picked":["Headbutt","Warcry"],"picked":"Seeing Red","floor":14}],"player_experience":351500,"relics_obtained":[{"floor":6,"key":"Calipers"},{"floor":9,"key":"Torii"},{"floor":10,"key":"Potion Belt"},{"floor":12,"key":"Omamori"}],"event_choices":[{"damage_healed":0,"gold_gain":75,"player_choice":"Gather Gold","damage_taken":11,"max_hp_gain":0,"max_hp_loss":0,"event_name":"World of Goop","floor":3,"gold_loss":0},{"damage_healed":27,"gold_gain":0,"player_choice":"Banana","damage_taken":0,"max_hp_gain":0,"max_hp_loss":0,"event_name":"Big Fish","floor":5,"gold_loss":0}],"is_beta":false,"boss_relics":[],"items_purged_floors":[7],"is_endless":false,"potions_floor_spawned":[2,10,12],"killed_by":"The Guardian","ascension_level":17}