{"gold_per_floor":[119,135,60,70,80,108,124,124,149,179,179,206,206,220,220,313,313,332,332,15,35,35,60,60,74,98,110,110,127,127,153,153,153],"floor_reached":33,"playtime":1559,"items_purged":["Strike_R","Defend_R"],"score":614,"play_id":"53de8731-0a8f-4e9b-b0e0-3b78aed5345c","local_time":"20190526093238","is_ascension_mode":true,"campfire_choices":[{"floor":8,"key":"REST"},{"floor":15,"key":"REST"},{"floor":24,"key":"REST"},{"floor":32,"key":"REST"}],"neow_cost":"NONE","seed_source_timestamp":747188180303478,"circlet_count":0,"master_deck":["AscendersBane","Strike_R+1","Strike_R+1","Strike_R+1","Strike_R+1","Defend_R+1","Defend_R+1","Defend_R+1","Bash","Carnage","Metallicize","Spot Weakness","Clothesline","Thunderclap","Feel No Pain","Whirlwind","Armaments+1","Offering","Uppercut","Metallicize","Battle Trance+1","Spot Weakness","Twin Strike","Fiend Fire"],"special_seed":0,"relics":["Burning Blood","Orichalcum","Red Skull","Centennial Puzzle","Lantern","Bloody Idol","Sozu","Membership Card","Self Forming Clay","PreservedInsect","Enchiridion","Letter Opener"],"potions_floor_usage":[16,33],"damage_taken":[{"damage":18.0,"enemies":"Jaw Worm","floor":1.0,"turns":6.0},{"damage":1,"enemies":"Small Slimes","floor":2,"turns":3},{"damage":3,"enemies":"Cultist","floor":4,"turns":4},{"damage":8,"enemies":"2 Fungi Beasts","floor":5,"turns":4},{"damage":34,"enemies":"3 Sentries","floor":6,"turns":10},{"damage":8,"enemies":"Large Slime","floor":7,"turns":6},{"damage":22,"enemies":"Lagavulin","floor":10,"turns":7},{"damage":13,"enemies":"3 Sentries","floor":12,"turns":6},{"damage":2,"enemies":"Looter","floor":14,"turns":2},{"damage":50,"enemies":"Slime Boss","floor":16,"turns":10},{"damage":24,"enemies":"Spheric Guardian","floor":18,"turns":4},{"damage":6,"enemies":"Chosen","floor":21,"turns":5},{"damage":22,"enemies":"Gremlin Leader","floor":23,"turns":5},{"damage":9,"enemies":"Centurion and Healer","floor":25,"turns":4},{"damage":14,"enemies":"Snake Plant","floor":27,"turns":4},{"damage":8,"enemies":"Sentry and Sphere","floor":29,"turns":4},{"damage":14,"enemies":"Book of Stabbing","floor":31,"turns":3},{"damage":75,"enemies":"Champ","floor":33,"turns":12}],"seed_played":"-3813882664604554540","potions_obtained":[{"floor":1.0,"key":"SteroidPotion"},{"floor":2,"key":"Fire Potion"},{"floor":16,"key":"Weak Potion"}],"is_trial":false,"path_per_floor":["M","M","$","M","M","E","M","R","T","E","?","E","?","M","R","B",null,"M","?","$","M","?","E","R","M","T","M","?","M","?","E","R","B"],"character_chosen":"IRONCLAD","items_purchased":["Membership Card","Metallicize"],"campfire_rested":4,"item_purchase_floors":[20,20],"current_hp_per_floor":[63,68,68,71,69,41,39,63,63,47,74,67,39,43,67,23,67,49,49,49,54,54,43,67,69,74,71,50,53,53,50,74,0],"gold":153,"neow_bonus":"TEN_PERCENT_HP_BONUS","is_prod":false,"is_daily":false,"chose_seed":false,"campfire_upgraded":0,"win_rate":0,"timestamp":1558877558,"path_taken":["M","M","$","M","M","E","M","R","T","E","?","E","?","M","R","BOSS","M","?","$","M","?","E","R","M","T","?","?","M","?","E","R","BOSS"],"build_version":"2019-01-23","purchased_purges":2,"victory":false,"max_hp_per_floor":[82,82,82,82,82,82,82,82,82,82,82,82,82,82,82,82,82,82,82,82,82,82,82,82,82,82,82,82,82,82,82,82,82],"card_choices":[{"not_picked":["Metallicize","Evolve"],"picked":"Carnage","floor":1.0},{"not_picked":["Pommel Strike","Dropkick"],"picked":"Metallicize","floor":2},{"not_picked":["Headbutt","Shrug It Off"],"picked":"Spot Weakness","floor":4},{"not_picked":["Wild Strike","Perfected Strike"],"picked":"Clothesline","floor":5},{"not_picked":["Fire Breathing","Sever Soul"],"picked":"Thunderclap","floor":6},{"not_picked":["Fire Breathing","Dropkick"],"picked":"Feel No Pain","floor":7},{"not_picked":["Barricade","Flex"],"picked":"Whirlwind","floor":10},{"not_picked":["Body Slam","Heavy Blade","Wild Strike"],"picked":"SKIP","floor":12},{"not_picked":["Body Slam","Clothesline"],"picked":"Armaments","floor":14},{"not_picked":["Double Tap","Berserk"],"picked":"Offering","floor":16},{"not_picked":["Fire Breathing","Headbutt"],"picked":"Uppercut","floor":18},{"not_picked":["Evolve+1","Havoc"],"picked":"Battle Trance+1","floor":21},{"not_picked":["Perfected Strike","Burning Pact"],"picked":"Spot Weakness","floor":23},{"not_picked":["Cleave","Anger"],"picked":"Twin Strike","floor":25},{"not_picked":["Cleave","Thunderclap","Body Slam+1"],"picked":"SKIP","floor":27},{"not_picked":["Juggernaut","Havoc","True Grit"],"picked":"SKIP","floor":29},{"not_picked":["Perfected Strike","Thunderclap"],"picked":"Fiend Fire","floor":31}],"player_experience":389161,"relics_obtained":[{"floor":6,"key":"Orichalcum"},{"floor":9,"key":"Red Skull"},{"floor":10,"key":"Centennial Puzzle"},{"floor":12,"key":"Lantern"},{"floor":23,"key":"Self Forming Clay"},{"floor":26,"key":"PreservedInsect"},{"floor":28,"key":"Enchiridion"},{"floor":31,"key":"Letter Opener"}],"event_choices":[{"damage_healed":27,"gold_gain":0,"player_choice":"Banana","damage_taken":0,"max_hp_gain":0,"max_hp_loss":0,"event_name":"Big Fish","floor":11,"gold_loss":0},{"damage_healed":0,"gold_gain":0,"player_choice":"Take Damage","damage_taken":28,"relics_obtained":["Golden Idol"],"max_hp_gain":0,"max_hp_loss":0,"event_name":"Golden Idol","floor":13,"gold_loss":0},{"damage_healed":0,"gold_gain":0,"player_choice":"Gave Idol","damage_taken":0,"relics_obtained":["Bloody Idol"],"max_hp_gain":0,"max_hp_loss":0,"event_name":"Forgotten Altar","floor":19,"relics_lost":["Golden Idol"],"gold_loss":0},{"damage_healed":0,"gold_gain":0,"player_choice":"Upgraded","damage_taken":0,"max_hp_gain":0,"max_hp_loss":0,"event_name":"Upgrade Shrine","floor":22,"gold_loss":0,"cards_upgraded":["Armaments"]},{"damage_healed":0,"gold_gain":0,"player_choice":"Obtained Book","damage_taken":21,"max_hp_gain":0,"max_hp_loss":0,"event_name":"Cursed Tome","floor":28,"gold_loss":0},{"damage_healed":0,"gold_gain":0,"player_choice":"Simplicity","damage_taken":0,"max_hp_gain":0,"max_hp_loss":0,"event_name":"Back to Basics","floor":30,"gold_loss":0,"cards_upgraded":["Strike_R","Strike_R","Strike_R","Strike_R","Defend_R","Defend_R","Defend_R"]}],"is_beta":false,"boss_relics":[{"not_picked":["Empty Cage","Fusion Hammer"],"picked":"Sozu"}],"items_purged_floors":[3,20],"is_endless":false,"potions_floor_spawned":[1,2,7,12,16,27,29],"killed_by":"Champ","ascension_level":20}