{"gold_per_floor":[118,118,118,128,128,128,156,156,156,170,170,185,185,205,205,303,303,318,306,323,323,423,423,440,459,459,50,68,68,68,88,88,88],"floor_reached":33,"playtime":3714,"items_purged":[],"score":247,"play_id":"d88240ce-26de-4c84-97db-cd2f4cd22297","local_time":"20190627043130","is_ascension_mode":false,"campfire_choices":[{"floor":6,"key":"REST"},{"floor":8,"key":"REST"},{"data":"Anger","floor":13,"key":"SMITH"},{"data":"Clothesline","floor":15,"key":"SMITH"},{"floor":23,"key":"REST"},{"floor":30,"key":"REST"},{"floor":32,"key":"REST"}],"neow_cost":"NONE","seed_source_timestamp":1067047260717144,"circlet_count":0,"master_deck":["Strike_R","Strike_R+1","Strike_R","Defend_R+1","Defend_R","Defend_R","Bash","Clothesline+1","Shrug It Off","Iron Wave","Anger+1","Feel No Pain","Thunderclap","Warcry","Barricade","Burning Pact+1","Cleave+1","Impervious+1","Flex","Armaments","Twin Strike+1","Rampage","Heavy Blade","Twin Strike","Anger","Rage","Twin Strike","Limit Break"],"relics":["Burning Blood","Lantern","Bronze Scales","Letter Opener","Odd Mushroom","Astrolabe","MutagenicStrength","Meat on the Bone","Calipers","Happy Flower","Champion Belt"],"potions_floor_usage":[22,22,31,33],"damage_taken":[{"damage":3,"enemies":"Jaw Worm","floor":1,"turns":4},{"damage":5,"enemies":"Small Slimes","floor":4,"turns":5},{"damage":37,"enemies":"Lagavulin","floor":7,"turns":9},{"damage":0,"enemies":"2 Louse","floor":10,"turns":2},{"damage":1,"enemies":"Blue Slaver","floor":12,"turns":4},{"damage":10,"enemies":"The Mushroom Lair","floor":14,"turns":4},{"damage":35,"enemies":"Slime Boss","floor":16,"turns":14},{"damage":19,"enemies":"Shell Parasite","floor":18,"turns":7},{"damage":26,"enemies":"2 Thieves","floor":19,"turns":4},{"damage":22,"enemies":"Shelled Parasite and Fungi","floor":20,"turns":7},{"damage":14,"enemies":"Colosseum Slavers","floor":22,"turns":4},{"damage":25,"enemies":"Colosseum Nobs","floor":22,"turns":4},{"damage":9,"enemies":"Chosen and Byrds","floor":24,"turns":8},{"damage":37,"enemies":"Centurion and Healer","floor":25,"turns":8},{"damage":12,"enemies":"3 Cultists","floor":28,"turns":6},{"damage":18,"enemies":"Snake Plant","floor":31,"turns":5},{"damage":77,"enemies":"Automaton","floor":33,"turns":8}],"seed_played":"-2142763659512557298","potions_obtained":[{"floor":10,"key":"Swift Potion"},{"floor":14,"key":"Explosive Potion"},{"floor":16,"key":"Explosive Potion"},{"floor":20,"key":"BloodPotion"},{"floor":22,"key":"LiquidBronze"},{"floor":25,"key":"BloodPotion"},{"floor":28,"key":"Block Potion"}],"is_trial":false,"path_per_floor":["M","?","$","M","?","R","E","R","T","M","$","M","R","?","R","B",null,"M","M","M","?","?","R","M","M","T","$","M","$","R","M","R","B"],"character_chosen":"IRONCLAD","items_purchased":["Anger","Rage","Champion Belt"],"campfire_rested":5,"item_purchase_floors":[27,27,27],"current_hp_per_floor":[80,64,64,65,58,80,49,73,73,79,79,80,80,76,76,47,80,67,47,31,31,12,36,45,26,26,26,32,32,56,52,76,0],"gold":88,"neow_bonus":"THREE_CARDS","is_prod":false,"is_daily":false,"chose_seed":false,"campfire_upgraded":2,"win_rate":0.0,"timestamp":1561581090,"path_taken":["M","?","$","M","?","R","E","R","T","M","?","M","R","?","R","BOSS","M","M","M","?","?","R","M","M","T","$","M","$","R","M","R","BOSS"],"build_version":"2019-01-23","purchased_purges":0,"victory":false,"max_hp_per_floor":[80,80,80,80,80,80,80,80,80,80,80,80,80,80,80,80,80,80,80,80,80,80,80,80,80,80,80,80,80,80,80,80,80],"card_choices":[{"not_picked":["Second Wind","Warcry"],"picked":"Clothesline","floor":0},{"not_picked":["Flex","Clash"],"picked":"Shrug It Off","floor":1},{"not_picked":["Warcry","Corruption"],"picked":"Iron Wave","floor":4},{"not_picked":["Shrug It Off","Uppercut"],"picked":"Anger","floor":7},{"not_picked":["Warcry","True Grit"],"picked":"Feel No Pain","floor":10},{"not_picked":["Dropkick","True Grit"],"picked":"Thunderclap","floor":12},{"not_picked":["Clash","Perfected Strike"],"picked":"Warcry","floor":14},{"not_picked":["Berserk","Offering"],"picked":"Barricade","floor":16},{"not_picked":["Rupture","Hemokinesis"],"picked":"Flex","floor":18},{"not_picked":["Entrench","Battle Trance"],"picked":"Armaments","floor":19},{"not_picked":["Warcry+1","Pommel Strike"],"picked":"Twin Strike+1","floor":20},{"not_picked":["Carnage","Shrug It Off"],"picked":"Rampage","floor":22},{"not_picked":["Sever Soul","Shrug It Off"],"picked":"Heavy Blade","floor":24},{"not_picked":["Warcry","Fire Breathing"],"picked":"Twin Strike","floor":25},{"not_picked":["Clash+1","True Grit+1"],"picked":"Twin Strike","floor":28},{"not_picked":["Disarm+1","True Grit"],"picked":"Limit Break","floor":31}],"player_experience":5484,"relics_obtained":[{"floor":7,"key":"Bronze Scales"},{"floor":9,"key":"Letter Opener"},{"floor":14,"key":"Odd Mushroom"},{"floor":22,"key":"Meat on the Bone"},{"floor":22,"key":"Calipers"},{"floor":26,"key":"Happy Flower"}],"event_choices":[{"damage_healed":0,"gold_gain":0,"player_choice":"Entered Light","damage_taken":16,"max_hp_gain":0,"max_hp_loss":0,"event_name":"Shining Light","floor":2,"gold_loss":0,"cards_upgraded":["Defend_R","Strike_R"]},{"damage_healed":0,"gold_gain":0,"player_choice":"Success","damage_taken":7,"relics_obtained":["Lantern"],"max_hp_gain":0,"max_hp_loss":0,"event_name":"Scrap Ooze","floor":5,"gold_loss":0},{"damage_healed":0,"gold_gain":0,"player_choice":"Fought Mushrooms","damage_taken":0,"max_hp_gain":0,"max_hp_loss":0,"event_name":"Mushrooms","floor":14,"gold_loss":0},{"damage_healed":0,"gold_gain":0,"player_choice":"Inject Mutagens","damage_taken":0,"relics_obtained":["MutagenicStrength"],"max_hp_gain":0,"max_hp_loss":0,"event_name":"Drug Dealer","floor":21,"gold_loss":0},{"damage_healed":0,"gold_gain":0,"player_choice":"Fight","damage_taken":0,"max_hp_gain":0,"max_hp_loss":0,"event_name":"Colosseum","floor":22,"gold_loss":0},{"damage_healed":0,"gold_gain":0,"player_choice":"Fought Nobs","damage_taken":0,"max_hp_gain":0,"max_hp_loss":0,"event_name":"Colosseum","floor":22,"gold_loss":0}],"is_beta":false,"boss_relics":[{"not_picked":["Eternal Feather","Runic Cube"],"picked":"Astrolabe"}],"items_purged_floors":[],"is_endless":false,"potions_floor_spawned":[10,14,16,20,22,25,28],"killed_by":"Automaton","ascension_level":0}