{"gold_per_floor":[112,112,187,187,202,202,221,251,304,318,318,374,392,410,410,489,489,504,424],"floor_reached":19,"playtime":729,"items_purged":[],"score":358,"play_id":"6c5c6552-3553-443d-ab5b-905c801a2a12","local_time":"20190128210521","is_ascension_mode":true,"campfire_choices":[{"floor":6,"key":"REST"},{"floor":11,"key":"REST"},{"floor":15,"key":"REST"}],"neow_cost":"NONE","seed_source_timestamp":405528197714500,"circlet_count":0,"master_deck":["AscendersBane","Strike_B","Strike_B","Strike_B+1","Strike_B+1","Defend_B","Defend_B","Defend_B","Defend_B","Zap","Dualcast","Ball Lightning","Steam","Ball Lightning","Rainbow","Glacier","Go for the Eyes","FTL","Echo Form","Glacier"],"relics":["Cracked Core","Smiling Mask","Bag of Marbles","Tiny Chest","Snecko Eye"],"potions_floor_usage":[16,16],"damage_taken":[{"damage":10,"enemies":"Small Slimes","floor":1,"turns":3},{"damage":0,"enemies":"Jaw Worm","floor":5,"turns":2},{"damage":6,"enemies":"Cultist","floor":7,"turns":3},{"damage":23,"enemies":"3 Sentries","floor":8,"turns":5},{"damage":4,"enemies":"2 Fungi Beasts","floor":10,"turns":3},{"damage":17,"enemies":"Lagavulin","floor":12,"turns":6},{"damage":1,"enemies":"3 Louse","floor":13,"turns":4},{"damage":10,"enemies":"Exordium Wildlife","floor":14,"turns":3},{"damage":22,"enemies":"The Guardian","floor":16,"turns":9},{"damage":21,"enemies":"3 Byrds","floor":18,"turns":7},{"damage":33,"enemies":"2 Thieves","floor":19,"turns":2}],"seed_played":"-4255850825550816344","potions_obtained":[{"floor":12,"key":"Swift Potion"},{"floor":13,"key":"Dexterity Potion"},{"floor":18,"key":"Energy Potion"}],"is_trial":false,"path_per_floor":["M","?","?","?","M","R","M","E","T","M","R","E","M","M","R","B",null,"M","M"],"character_chosen":"DEFECT","items_purchased":[],"campfire_rested":3,"item_purchase_floors":[],"current_hp_per_floor":[54,54,43,22,22,43,37,14,14,10,31,14,13,3,24,2,54,33,0],"gold":424,"neow_bonus":"THREE_CARDS","is_prod":false,"is_daily":false,"chose_seed":false,"campfire_upgraded":0,"win_rate":0,"timestamp":1548709521,"path_taken":["M","?","?","?","?","R","M","E","T","M","R","E","M","?","R","BOSS","M","M"],"build_version":"2019-01-23","purchased_purges":0,"victory":false,"max_hp_per_floor":[71,71,71,71,71,71,71,71,71,71,71,71,71,71,71,71,71,71,71],"card_choices":[{"not_picked":["Turbo","Consume"],"picked":"Ball Lightning","floor":0},{"not_picked":["Stack","Gash"],"picked":"Steam","floor":1},{"not_picked":["Force Field","Beam Cell"],"picked":"Ball Lightning","floor":5},{"not_picked":["Rebound","Streamline"],"picked":"Rainbow","floor":7},{"not_picked":["Fusion","Rebound"],"picked":"Glacier","floor":8},{"not_picked":["Doom and Gloom","Aggregate","Hologram"],"picked":"SKIP","floor":10},{"not_picked":["Aggregate","Turbo","Stack"],"picked":"SKIP","floor":12},{"not_picked":["Chill","Turbo"],"picked":"Go for the Eyes","floor":13},{"not_picked":["Reprogram","Double Energy"],"picked":"FTL","floor":14},{"not_picked":["Biased Cognition","Reboot"],"picked":"Echo Form","floor":16},{"not_picked":["Ball Lightning","Gash"],"picked":"Glacier","floor":18}],"player_experience":1252653,"relics_obtained":[{"floor":8,"key":"Smiling Mask"},{"floor":9,"key":"Bag of Marbles"},{"floor":12,"key":"Tiny Chest"}],"event_choices":[{"damage_healed":0,"gold_gain":0,"player_choice":"Ignored","damage_taken":0,"max_hp_gain":0,"max_hp_loss":0,"event_name":"Golden Wing","floor":2,"gold_loss":0},{"damage_healed":0,"gold_gain":75,"player_choice":"Gather Gold","damage_taken":11,"max_hp_gain":0,"max_hp_loss":0,"event_name":"World of Goop","floor":3,"gold_loss":0},{"damage_healed":0,"gold_gain":0,"player_choice":"Entered Light","damage_taken":21,"max_hp_gain":0,"max_hp_loss":0,"event_name":"Shining Light","floor":4,"gold_loss":0,"cards_upgraded":["Strike_B","Strike_B"]}],"is_beta":false,"boss_relics":[{"not_picked":["Runic Pyramid","Nuclear Battery"],"picked":"Snecko Eye"}],"items_purged_floors":[],"is_endless":false,"potions_floor_spawned":[12,13,14,18],"killed_by":"2 Thieves","ascension_level":20}