{"gold_per_floor":[364,376,32,32,32,66,66,81,81,40,59,74,86],"floor_reached":13,"playtime":1308,"items_purged":[],"score":104,"play_id":"0d2c315a-9625-4cbf-b6b4-cd35233c7e41","local_time":"20181225135105","is_ascension_mode":true,"campfire_choices":[{"data":"Buffer","floor":7,"key":"SMITH"}],"neow_cost":"PERCENT_DAMAGE","seed_source_timestamp":54738355419572,"circlet_count":0,"master_deck":["Strike_B","Strike_B","Strike_B","Strike_B","Defend_B","Defend_B","Defend_B","Defend_B","Zap","Dualcast","Conserve Battery","Gash","Seek","Hello World","Genetic Algorithm","Buffer+1","Gash","Defragment","Seek","Heatsinks"],"relics":["Cracked Core","Membership Card","Torii","Question Card"],"potions_floor_usage":[13,13],"damage_taken":[{"damage":2,"enemies":"Jaw Worm","floor":1,"turns":3},{"damage":0,"enemies":"Cultist","floor":2,"turns":3},{"damage":23,"enemies":"3 Sentries","floor":6,"turns":8},{"damage":1,"enemies":"Small Slimes","floor":8,"turns":4},{"damage":6,"enemies":"Blue Slaver","floor":11,"turns":4},{"damage":1,"enemies":"2 Fungi Beasts","floor":12,"turns":4},{"damage":12,"enemies":"Exordium Thugs","floor":13,"turns":4}],"seed_played":"1928188837023752338","potions_obtained":[{"floor":2,"key":"Swift Potion"},{"floor":4,"key":"Strength Potion"},{"floor":4,"key":"SmokeBomb"},{"floor":11,"key":"AttackPotion"}],"is_trial":false,"path_per_floor":["M","M","$","?","$","E","R","M","T","$","M","M","M"],"character_chosen":"DEFECT","items_purchased":["Membership Card","Seek","Hello World","Genetic Algorithm","Defragment"],"campfire_rested":0,"item_purchase_floors":[3,3,3,3,10],"current_hp_per_floor":[52,52,52,52,52,29,29,28,28,28,22,21,9],"gold":86,"neow_bonus":"TWO_FIFTY_GOLD","is_prod":false,"is_daily":false,"chose_seed":false,"campfire_upgraded":1,"win_rate":0,"timestamp":1545774665,"path_taken":["M","M","$","?","$","E","R","M","T","$","?","M","M"],"build_version":"2018-12-20","purchased_purges":0,"victory":false,"max_hp_per_floor":[75,75,75,75,75,75,75,75,75,75,75,75,75],"card_choices":[{"not_picked":["Lockon","Sunder"],"picked":"Conserve Battery","floor":1},{"not_picked":["Beam Cell","Cold Snap"],"picked":"Gash","floor":2},{"not_picked":["Barrage","Stack"],"picked":"Buffer","floor":6},{"not_picked":["Cold Snap","Beam Cell"],"picked":"Gash","floor":8},{"not_picked":["Beam Cell","Rebound","Streamline"],"picked":"Seek","floor":11},{"not_picked":["Streamline","Conserve Battery","Chill"],"picked":"Heatsinks","floor":12}],"player_experience":100821,"relics_obtained":[{"floor":6,"key":"Torii"},{"floor":9,"key":"Question Card"}],"event_choices":[{"damage_healed":0,"gold_gain":0,"player_choice":"Got Potions","damage_taken":0,"max_hp_gain":0,"max_hp_loss":0,"event_name":"Lab","floor":4,"gold_loss":0}],"is_beta":false,"boss_relics":[],"items_purged_floors":[],"is_endless":false,"potions_floor_spawned":[2,11],"killed_by":"Exordium Thugs","ascension_level":4}