{"gold_per_floor":[113,113,131,141,158,190,190,208,208,133,147,180,192,211,211,284,284,295,295,154,154,164,164,198,214,238,238,258,270,370,389,389,389],"floor_reached":33,"playtime":1441,"items_purged":["Pain","Writhe"],"score":566,"play_id":"46e8700d-7c93-4b56-b408-653c8296828a","local_time":"20190509180729","is_ascension_mode":true,"campfire_choices":[{"floor":7,"key":"REST"},{"data":"Bash","floor":15,"key":"SMITH"},{"floor":23,"key":"REST"},{"floor":27,"key":"REST"},{"floor":32,"key":"REST"}],"neow_cost":"NONE","seed_source_timestamp":2306212874454518,"circlet_count":0,"master_deck":["AscendersBane","Strike_R","Strike_R","Strike_R","Strike_R","Strike_R","Defend_R","Defend_R","Defend_R","Defend_R","Bash+1","Whirlwind","True Grit","Shrug It Off","Battle Trance","Fiend Fire","Pommel Strike","Headbutt+1","Double Tap","Brutality","Clothesline+1","Flame Barrier","RitualDagger+1","True Grit+1","Shrug It Off","Uppercut","Immolate","Intimidate+1","Inflame"],"relics":["Burning Blood","WarpedTongs","Bronze Scales","Sundial","Blue Candle","Fusion Hammer","Question Card","Ancient Tea Set","Whetstone","Bird Faced Urn","Dodecahedron"],"potions_floor_usage":[30,33,33],"damage_taken":[{"damage":20,"enemies":"2 Louse","floor":1,"turns":4},{"damage":6,"enemies":"Cultist","floor":3,"turns":4},{"damage":12,"enemies":"Jaw Worm","floor":4,"turns":4},{"damage":11,"enemies":"Blue Slaver","floor":5,"turns":5},{"damage":45,"enemies":"Lagavulin","floor":6,"turns":10},{"damage":1,"enemies":"Exordium Wildlife","floor":8,"turns":2},{"damage":4,"enemies":"3 Louse","floor":11,"turns":3},{"damage":8,"enemies":"Gremlin Nob","floor":12,"turns":3},{"damage":0,"enemies":"Large Slime","floor":13,"turns":4},{"damage":0,"enemies":"Lots of Slimes","floor":14,"turns":1},{"damage":21,"enemies":"The Guardian","floor":16,"turns":10},{"damage":24,"enemies":"2 Thieves","floor":18,"turns":3},{"damage":4,"enemies":"Chosen","floor":22,"turns":4},{"damage":30,"enemies":"Book of Stabbing","floor":24,"turns":5},{"damage":1,"enemies":"Snecko","floor":25,"turns":3},{"damage":10,"enemies":"Chosen and Byrds","floor":28,"turns":4},{"damage":7,"enemies":"3 Cultists","floor":29,"turns":2},{"damage":21,"enemies":"Colosseum Slavers","floor":30,"turns":3},{"damage":20,"enemies":"Colosseum Nobs","floor":30,"turns":3},{"damage":32,"enemies":"Snake Plant","floor":31,"turns":3},{"damage":65,"enemies":"Collector","floor":33,"turns":8}],"seed_played":"3244621828773266910","potions_obtained":[{"floor":1,"key":"Dexterity Potion"},{"floor":5,"key":"BloodPotion"},{"floor":14,"key":"Regen Potion"},{"floor":30,"key":"Ancient Potion"}],"is_trial":false,"path_per_floor":["M","?","M","M","M","E","R","M","T","$","M","E","M","M","R","B",null,"M","?","$","?","M","R","E","M","T","R","M","M","?","M","R","B"],"character_chosen":"IRONCLAD","items_purchased":["Flame Barrier"],"campfire_rested":4,"item_purchase_floors":[20],"current_hp_per_floor":[61,61,61,55,50,11,35,40,40,40,42,40,46,52,52,37,71,53,53,53,47,49,73,49,54,54,78,74,73,53,29,53,0],"gold":389,"neow_bonus":"TEN_PERCENT_HP_BONUS","is_prod":false,"is_daily":false,"chose_seed":false,"campfire_upgraded":1,"win_rate":0,"timestamp":1557439649,"path_taken":["M","?","?","M","M","E","R","M","T","$","M","E","M","M","R","BOSS","M","?","$","?","?","R","E","M","T","R","M","M","?","M","R","BOSS"],"build_version":"2019-01-23","purchased_purges":2,"victory":false,"max_hp_per_floor":[82,82,82,82,82,82,82,82,82,82,82,82,82,82,82,82,82,82,82,82,82,82,82,82,82,82,82,82,82,82,82,82,82],"card_choices":[{"not_picked":["Inflame","Evolve"],"picked":"Whirlwind","floor":1},{"not_picked":["Reckless Charge","Thunderclap"],"picked":"True Grit","floor":3},{"not_picked":["Headbutt","Pommel Strike"],"picked":"Shrug It Off","floor":4},{"not_picked":["Seeing Red","Ghostly Armor"],"picked":"Battle Trance","floor":5},{"not_picked":["Twin Strike","Clothesline"],"picked":"Fiend Fire","floor":6},{"not_picked":["Armaments","Cleave","Wild Strike"],"picked":"SKIP","floor":8},{"not_picked":["Combust","Wild Strike"],"picked":"Pommel Strike","floor":11},{"not_picked":["Battle Trance","Heavy Blade","True Grit"],"picked":"SKIP","floor":12},{"not_picked":["Battle Trance","Cleave"],"picked":"Headbutt","floor":13},{"not_picked":["Warcry","Hemokinesis"],"picked":"Double Tap","floor":14},{"not_picked":["Dark Embrace","Berserk"],"picked":"Brutality","floor":16},{"not_picked":["Anger","Body Slam"],"picked":"Clothesline+1","floor":18},{"not_picked":["Anger","Heavy Blade","Body Slam"],"picked":"True Grit+1","floor":22},{"not_picked":["True Grit+1","Warcry","Havoc"],"picked":"Shrug It Off","floor":24},{"not_picked":["Flex","Wild Strike","Warcry"],"picked":"Uppercut","floor":25},{"not_picked":["Pommel Strike","Body Slam","Flex"],"picked":"Immolate","floor":28},{"not_picked":["Warcry","Evolve","Heavy Blade","Reckless Charge"],"picked":"SKIP","floor":29},{"not_picked":["Combust","Headbutt+1","Disarm"],"picked":"Intimidate+1","floor":30},{"not_picked":["Body Slam","Warcry","Rupture"],"picked":"Inflame","floor":31}],"player_experience":379874,"relics_obtained":[{"floor":6,"key":"Bronze Scales"},{"floor":9,"key":"Sundial"},{"floor":12,"key":"Blue Candle"},{"floor":24,"key":"Ancient Tea Set"},{"floor":26,"key":"Whetstone"},{"floor":30,"key":"Bird Faced Urn"},{"floor":30,"key":"Dodecahedron"}],"event_choices":[{"damage_healed":0,"gold_gain":0,"player_choice":"Rummage","damage_taken":0,"relics_obtained":["WarpedTongs"],"max_hp_gain":0,"max_hp_loss":0,"event_name":"Accursed Blacksmith","floor":2,"gold_loss":0,"cards_obtained":["Pain"]},{"damage_healed":0,"gold_gain":0,"player_choice":"Opened","damage_taken":0,"relics_obtained":["Question Card"],"max_hp_gain":0,"max_hp_loss":0,"event_name":"The Mausoleum","floor":19,"gold_loss":0,"cards_obtained":["Writhe"]},{"damage_healed":0,"gold_gain":0,"player_choice":"Joined the Cult","damage_taken":6,"max_hp_gain":0,"max_hp_loss":0,"event_name":"Nest","floor":21,"gold_loss":0,"cards_obtained":["RitualDagger"]},{"damage_healed":0,"gold_gain":0,"player_choice":"Fight","damage_taken":0,"max_hp_gain":0,"max_hp_loss":0,"event_name":"Colosseum","floor":30,"gold_loss":0},{"damage_healed":0,"gold_gain":0,"player_choice":"Fought Nobs","damage_taken":0,"max_hp_gain":0,"max_hp_loss":0,"event_name":"Colosseum","floor":30,"gold_loss":0}],"is_beta":false,"boss_relics":[{"not_picked":["Eternal Feather","Runic Dome"],"picked":"Fusion Hammer"}],"items_purged_floors":[10,20],"is_endless":false,"potions_floor_spawned":[1,5,6,8,11,14,22,24,30,30,31],"killed_by":"Collector","ascension_level":20}