{"gold_per_floor":[116,41,56,156,167,167,184,198,198,198,231,231,258,208,208,310,310,320,339,356,41,61,61,91,91,115,128,128,128,161,181,181,286,286,298,308,318,368,81,111,125,159,159,188,188,198,198,298,298,298],"floor_reached":51,"playtime":3106,"items_purged":["Strike_R","Defend_R"],"score":1181,"play_id":"831215a4-c5f2-4f93-8f41-436aa1ba120b","local_time":"20190704193345","is_ascension_mode":true,"campfire_choices":[{"data":"Shockwave","floor":6,"key":"SMITH"},{"data":"Armaments","floor":10,"key":"SMITH"},{"data":"Battle Trance","floor":12,"key":"SMITH"},{"floor":15,"key":"REST"},{"data":"Fiend Fire","floor":23,"key":"SMITH"},{"data":"Pommel Strike","floor":25,"key":"SMITH"},{"data":"Flex","floor":29,"key":"SMITH"},{"floor":32,"key":"REST"},{"data":"Armaments+1","floor":45,"key":"PURGE"},{"floor":49,"key":"REST"}],"neow_cost":"NONE","seed_source_timestamp":204048868318027,"circlet_count":0,"master_deck":["Strike_R","Strike_R","Defend_R","Bash","Shockwave+1","Pommel Strike+1","Flex+1","Battle Trance+1","Spot Weakness+1","Fiend Fire+1","Ghostly Armor+1","Limit Break+1","Thinking Ahead+1","Seeing Red+1","Offering+1","Shrug It Off+1","Warcry+1","Secret Weapon+1"],"relics":["Black Blood","Toxic Egg 2","Orichalcum","Bottled Lightning","Sozu","Meat on the Bone","Boot","Bag of Preparation","Red Skull","Omamori","Blue Candle","Dream Catcher","Peace Pipe","Gambling Chip"],"potions_floor_usage":[13,13,50,50,50],"damage_taken":[{"damage":6,"enemies":"Cultist","floor":1,"turns":4},{"damage":5,"enemies":"2 Louse","floor":3,"turns":4},{"damage":0,"enemies":"Small Slimes","floor":5,"turns":3},{"damage":32,"enemies":"Exordium Thugs","floor":7,"turns":6},{"damage":4,"enemies":"Red Slaver","floor":8,"turns":5},{"damage":16,"enemies":"Gremlin Nob","floor":11,"turns":3},{"damage":9,"enemies":"Lagavulin","floor":13,"turns":5},{"damage":12,"enemies":"Slime Boss","floor":16,"turns":12},{"damage":9,"enemies":"2 Thieves","floor":18,"turns":4},{"damage":13,"enemies":"Spheric Guardian","floor":19,"turns":4},{"damage":7,"enemies":"3 Cultists","floor":20,"turns":5},{"damage":13,"enemies":"Snake Plant","floor":22,"turns":3},{"damage":16,"enemies":"Book of Stabbing","floor":24,"turns":5},{"damage":2,"enemies":"Chosen and Byrds","floor":27,"turns":4},{"damage":8,"enemies":"Slavers","floor":30,"turns":4},{"damage":0,"enemies":"Centurion and Healer","floor":31,"turns":5},{"damage":13,"enemies":"Champ","floor":33,"turns":9},{"damage":6,"enemies":"3 Darklings","floor":35,"turns":2},{"damage":12,"enemies":"3 Shapes","floor":36,"turns":4},{"damage":17,"enemies":"Jaw Worm Horde","floor":37,"turns":4},{"damage":6,"enemies":"Nemesis","floor":40,"turns":1},{"damage":6,"enemies":"Transient","floor":41,"turns":5},{"damage":6,"enemies":"Giant Head","floor":42,"turns":3},{"damage":18,"enemies":"Reptomancer","floor":44,"turns":4},{"damage":19,"enemies":"Maw","floor":46,"turns":6},{"damage":6,"enemies":"Mind Bloom Boss Battle","floor":48,"turns":2},{"damage":54,"enemies":"Donu and Deca","floor":50,"turns":6}],"seed_played":"3866395083527968098","potions_obtained":[{"floor":1,"key":"Fire Potion"},{"floor":8,"key":"Strength Potion"},{"floor":11,"key":"SteroidPotion"},{"floor":13,"key":"Swift Potion"},{"floor":16,"key":"Regen Potion"}],"is_trial":false,"path_per_floor":["M","$","M","?","M","R","M","M","T","R","E","R","E","?","R","B",null,"M","M","M","$","M","R","E","R","T","M","?","R","E","M","R","B",null,"M","M","M","T","$","E","M","E","T","E","R","M","?","?","R","B",null],"character_chosen":"IRONCLAD","items_purchased":["Limit Break+1","Thinking Ahead+1","Secret Weapon+1"],"campfire_rested":3,"item_purchase_floors":[21,21,39],"current_hp_per_floor":[72,72,73,73,79,79,53,55,55,55,45,45,42,42,66,60,75,72,65,64,64,57,57,47,47,47,51,51,51,49,55,79,72,78,80,78,71,71,71,75,79,80,80,72,72,63,63,67,80,62],"gold":298,"neow_bonus":"REMOVE_CARD","is_prod":false,"is_daily":false,"chose_seed":false,"campfire_upgraded":6,"win_rate":0,"timestamp":1562261625,"path_taken":["M","?","M","?","M","R","?","M","T","R","E","R","E","?","R","BOSS","M","M","M","$","M","R","E","R","T","M","?","R","E","M","R","BOSS","M","M","M","?","$","E","M","E","T","E","R","?","?","?","R","BOSS"],"build_version":"2019-07-01","purchased_purges":2,"victory":true,"max_hp_per_floor":[80,80,80,80,80,80,80,80,80,80,80,80,80,80,80,80,80,80,80,80,80,80,80,80,80,80,80,80,80,80,80,80,80,80,80,80,80,80,80,80,80,80,80,80,80,80,80,80,80,80],"card_choices":[{"not_picked":["Inflame","Clash"],"picked":"Shockwave","floor":1},{"not_picked":["Clothesline","True Grit"],"picked":"Pommel Strike","floor":3},{"not_picked":["Inflame","Headbutt"],"picked":"Flex","floor":5},{"not_picked":["Reckless Charge","Dual Wield"],"picked":"Battle Trance","floor":7},{"not_picked":["Body Slam","Uppercut"],"picked":"Armaments","floor":8},{"not_picked":["Metallicize","Fire Breathing"],"picked":"Spot Weakness+1","floor":11},{"not_picked":["Thunderclap","Dual Wield+1","Fiend Fire"],"picked":"SKIP","floor":13},{"not_picked":["Thunderclap","Dual Wield+1"],"picked":"Fiend Fire","floor":13},{"not_picked":["Perfected Strike","Thunderclap+1","Spot Weakness+1"],"picked":"SKIP","floor":18},{"not_picked":["Carnage","Cleave+1","Twin Strike"],"picked":"SKIP","floor":19},{"not_picked":["Thunderclap","Twin Strike"],"picked":"Ghostly Armor+1","floor":20},{"not_picked":["Bludgeon","True Grit+1","Twin Strike"],"picked":"SKIP","floor":22},{"not_picked":["Disarm+1","Spot Weakness+1","Fiend Fire"],"picked":"SKIP","floor":24},{"not_picked":["Uppercut","Sever Soul+1"],"picked":"Seeing Red+1","floor":27},{"not_picked":["True Grit+1","Power Through+1","Twin Strike+1"],"picked":"SKIP","floor":30},{"not_picked":["Headbutt","Uppercut+1","Clothesline+1"],"picked":"SKIP","floor":31},{"not_picked":["Fiend Fire","Barricade"],"picked":"Offering+1","floor":33},{"not_picked":["Sword Boomerang","Clothesline"],"picked":"Shrug It Off+1","floor":35},{"not_picked":["Second Wind+1","Metallicize","Thunderclap"],"picked":"SKIP","floor":36},{"not_picked":["Evolve","Body Slam"],"picked":"Warcry+1","floor":37},{"not_picked":["Searing Blow+1","Pommel Strike","Flex+1"],"picked":"SKIP","floor":40},{"not_picked":["Searing Blow+1","Pommel Strike","Flex+1"],"picked":"SKIP","floor":40},{"not_picked":["Havoc+1","Cleave+1","Clash"],"picked":"SKIP","floor":41},{"not_picked":["True Grit+1","Double Tap+1","Heavy Blade+1"],"picked":"SKIP","floor":42},{"not_picked":["Shockwave+1","Perfected Strike","Clash"],"picked":"SKIP","floor":44},{"not_picked":["True Grit+1","Dual Wield+1","Iron Wave+1"],"picked":"SKIP","floor":46}],"player_experience":157022,"relics_obtained":[{"floor":9,"key":"Toxic Egg 2"},{"floor":11,"key":"Orichalcum"},{"floor":13,"key":"Bottled Lightning"},{"floor":24,"key":"Meat on the Bone"},{"floor":26,"key":"Boot"},{"floor":30,"key":"Bag of Preparation"},{"floor":38,"key":"Red Skull"},{"floor":40,"key":"Omamori"},{"floor":42,"key":"Blue Candle"},{"floor":43,"key":"Dream Catcher"},{"floor":44,"key":"Peace Pipe"},{"floor":48,"key":"Gambling Chip"}],"event_choices":[{"damage_healed":0,"gold_gain":100,"player_choice":"Pray","damage_taken":0,"max_hp_gain":0,"max_hp_loss":0,"event_name":"Golden Shrine","floor":4,"gold_loss":0},{"cards_removed":["Strike_R"],"damage_healed":0,"gold_gain":0,"player_choice":"Card Removal","damage_taken":0,"max_hp_gain":0,"max_hp_loss":0,"event_name":"The Cleric","floor":14,"gold_loss":50},{"cards_removed":["Strike_R"],"damage_healed":0,"gold_gain":0,"player_choice":"Offered Basic","damage_taken":0,"max_hp_gain":0,"max_hp_loss":0,"event_name":"Bonfire Elementals","floor":28,"gold_loss":0},{"cards_removed":["Defend_R"],"damage_healed":0,"gold_gain":0,"player_choice":"Removed Skill","damage_taken":0,"max_hp_gain":0,"max_hp_loss":0,"event_name":"Falling","floor":47,"gold_loss":0},{"damage_healed":0,"gold_gain":0,"player_choice":"Fight","damage_taken":0,"max_hp_gain":0,"max_hp_loss":0,"event_name":"MindBloom","floor":48,"gold_loss":0}],"is_beta":false,"boss_relics":[{"not_picked":["Empty Cage","Velvet Choker"],"picked":"Sozu"},{"not_picked":["Lizard Tail","Mark of Pain"],"picked":"Black Blood"}],"items_purged_floors":[2,39],"is_endless":false,"potions_floor_spawned":[1,8,11,13,16,18,24,30,31,36,37,42,46],"ascension_level":6}