{"gold_per_floor":[114,114,114,128,128,128,158,213,236,236,254,25,35,49,49,127,127,140,190,200,213,233,233,250,175,175,190,190,210,235,235,235,235],"floor_reached":33,"playtime":1520,"items_purged":[],"score":563,"play_id":"a1cccf77-9f0b-40c7-8068-71ebb9fd770f","local_time":"20190117203004","is_ascension_mode":true,"campfire_choices":[{"data":"Whirlwind","floor":6,"key":"SMITH"},{"data":"Shrug It Off","floor":15,"key":"SMITH"},{"floor":23,"key":"REST"},{"floor":28,"key":"REST"},{"floor":32,"key":"REST"}],"neow_cost":"NONE","seed_source_timestamp":121146803968601,"circlet_count":0,"master_deck":["AscendersBane","Defend_R+1","Defend_R","Defend_R","Defend_R+1","Bash","Whirlwind+1","Clash","Battle Trance","Thunderclap","Shrug It Off+1","Reaper","Hemokinesis+1","Infernal Blade","Disarm","Inflame","Demon Form","Bite","Bite","Bite","Bite","Bite"],"relics":["Burning Blood","PreservedInsect","CultistMask","War Paint","Ancient Tea Set","Boot","Lee\u0027s Waffle","Fusion Hammer","Bottled Flame","Ornamental Fan"],"potions_floor_usage":[16,22,24,33,33],"damage_taken":[{"damage":5,"enemies":"Small Slimes","floor":1,"turns":3},{"damage":11,"enemies":"Jaw Worm","floor":4,"turns":4},{"damage":15,"enemies":"3 Sentries","floor":7,"turns":3},{"damage":36,"enemies":"Gremlin Nob","floor":8,"turns":4},{"damage":0,"enemies":"Cultist","floor":11,"turns":2},{"damage":11,"enemies":"Large Slime","floor":13,"turns":6},{"damage":6,"enemies":"Looter","floor":14,"turns":3},{"damage":44,"enemies":"The Guardian","floor":16,"turns":14},{"damage":30,"enemies":"Shell Parasite","floor":18,"turns":5},{"damage":35,"enemies":"2 Thieves","floor":20,"turns":3},{"damage":6,"enemies":"3 Cultists","floor":21,"turns":3},{"damage":5,"enemies":"Snecko","floor":22,"turns":4},{"damage":31,"enemies":"Shelled Parasite and Fungi","floor":24,"turns":2},{"damage":24,"enemies":"Snake Plant","floor":27,"turns":5},{"damage":15,"enemies":"Centurion and Healer","floor":29,"turns":7},{"damage":31,"enemies":"Slavers","floor":30,"turns":5},{"damage":74,"enemies":"Collector","floor":33,"turns":5}],"seed_played":"5281475494856295367","potions_obtained":[{"floor":8,"key":"SneckoOil"},{"floor":10,"key":"Fire Potion"},{"floor":10,"key":"SteroidPotion"},{"floor":13,"key":"AttackPotion"},{"floor":21,"key":"Fire Potion"},{"floor":29,"key":"Ancient Potion"},{"floor":30,"key":"Strength Potion"}],"is_trial":false,"path_per_floor":["M","?","?","M","$","R","E","?","T","?","M","$","M","M","R","B",null,"M","?","M","M","M","R","M","?","T","M","R","M","E","?","R","B"],"character_chosen":"IRONCLAD","items_purchased":["Lee\u0027s Waffle"],"campfire_rested":3,"item_purchase_floors":[12],"current_hp_per_floor":[69,69,69,64,64,64,55,25,25,25,31,82,77,77,77,39,71,53,53,36,40,47,71,46,46,46,28,52,61,41,41,57,0],"gold":235,"neow_bonus":"RANDOM_COMMON_RELIC","is_prod":false,"is_daily":false,"chose_seed":false,"campfire_upgraded":2,"win_rate":0,"timestamp":1547757004,"path_taken":["M","?","?","?","$","R","E","?","T","?","?","?","?","M","R","BOSS","M","?","M","M","M","R","M","?","T","M","R","M","E","?","R","BOSS"],"build_version":"2019-01-10","purchased_purges":0,"victory":false,"max_hp_per_floor":[75,75,75,75,75,75,75,75,75,75,75,82,82,82,82,82,82,82,82,82,82,82,82,82,82,82,82,82,82,82,57,57,57],"card_choices":[{"not_picked":["Twin Strike","Clothesline"],"picked":"Whirlwind","floor":1},{"not_picked":["Perfected Strike","Sentinel"],"picked":"Clash","floor":4},{"not_picked":["Flex","Clothesline"],"picked":"Battle Trance","floor":7},{"not_picked":["Flex","Iron Wave"],"picked":"Thunderclap","floor":11},{"not_picked":["Sentinel","Entrench","Whirlwind"],"picked":"SKIP","floor":13},{"not_picked":["Warcry","Bloodletting"],"picked":"Shrug It Off","floor":14},{"not_picked":["Dark Embrace","Immolate"],"picked":"Reaper","floor":16},{"not_picked":["Infernal Blade","Flex+1"],"picked":"Hemokinesis+1","floor":18},{"not_picked":["Rampage","Heavy Blade"],"picked":"Infernal Blade","floor":20},{"not_picked":["Cleave","Shrug It Off"],"picked":"Disarm","floor":21},{"not_picked":["True Grit","Bloodletting"],"picked":"Inflame","floor":22},{"not_picked":["Warcry","Flex"],"picked":"Demon Form","floor":24},{"not_picked":["Armaments","Carnage","Entrench"],"picked":"SKIP","floor":27},{"not_picked":["Body Slam","Infernal Blade","Whirlwind"],"picked":"SKIP","floor":29},{"not_picked":["Body Slam","Infernal Blade","Whirlwind"],"picked":"SKIP","floor":29},{"not_picked":["Spot Weakness","Anger","Sword Boomerang"],"picked":"SKIP","floor":30}],"player_experience":1167537,"relics_obtained":[{"floor":7,"key":"War Paint"},{"floor":8,"key":"Ancient Tea Set"},{"floor":9,"key":"Boot"},{"floor":26,"key":"Bottled Flame"},{"floor":30,"key":"Ornamental Fan"}],"event_choices":[{"damage_healed":0,"gold_gain":0,"player_choice":"Ignored","damage_taken":0,"max_hp_gain":0,"max_hp_loss":0,"event_name":"Golden Wing","floor":2,"gold_loss":0},{"damage_healed":0,"gold_gain":0,"player_choice":"Trade","damage_taken":0,"relics_obtained":["CultistMask"],"max_hp_gain":0,"max_hp_loss":0,"event_name":"FaceTrader","floor":3,"gold_loss":0},{"damage_healed":0,"gold_gain":30,"player_choice":"Searched \u00272\u0027 times","damage_taken":0,"max_hp_gain":0,"max_hp_loss":0,"event_name":"Dead Adventurer","floor":8,"gold_loss":0},{"damage_healed":0,"gold_gain":0,"player_choice":"Got Potions","damage_taken":0,"max_hp_gain":0,"max_hp_loss":0,"event_name":"Lab","floor":10,"gold_loss":0},{"damage_healed":0,"gold_gain":50,"player_choice":"Stole From Cult","damage_taken":0,"max_hp_gain":0,"max_hp_loss":0,"event_name":"Nest","floor":19,"gold_loss":0},{"cards_removed":["Strike_R"],"damage_healed":0,"gold_gain":0,"player_choice":"Gave Gold","damage_taken":0,"max_hp_gain":0,"max_hp_loss":0,"event_name":"Beggar","floor":25,"gold_loss":75},{"damage_healed":0,"gold_gain":0,"player_choice":"Became a vampire","damage_taken":0,"max_hp_gain":0,"max_hp_loss":25,"event_name":"Vampires","floor":31,"gold_loss":0,"cards_obtained":["Bite","Bite","Bite","Bite","Bite"]}],"is_beta":false,"boss_relics":[{"not_picked":["Black Star","Eternal Feather"],"picked":"Fusion Hammer"}],"items_purged_floors":[],"is_endless":false,"potions_floor_spawned":[8,11,13,14,21,29,30],"killed_by":"Collector","ascension_level":20}