{"gold_per_floor":[109,121,121,86,86,86,120,120,120,138,138,53,68,86,86,181,181,201,216,234,234,13,13,26,45,45,59,73,73,87,102,102,102],"floor_reached":33,"playtime":3838,"items_purged":[],"score":506,"play_id":"0e3ab3e5-f308-479a-ab0b-81d49c3f1a57","local_time":"20190127210032","is_ascension_mode":true,"campfire_choices":[{"data":"Zap","floor":6,"key":"SMITH"},{"floor":11,"key":"REST"},{"data":"Dualcast","floor":15,"key":"SMITH"},{"floor":23,"key":"REST"},{"data":"Cold Snap","floor":29,"key":"SMITH"},{"floor":32,"key":"REST"}],"neow_cost":"NONE","seed_source_timestamp":315730151903900,"circlet_count":0,"master_deck":["AscendersBane","Strike_B","Strike_B","Strike_B","Strike_B","Defend_B","Defend_B","Defend_B","Defend_B","Zap+1","Dualcast+1","Dramatic Entrance","Cold Snap+1","Self Repair","Consume+1","Coolheaded+1","Rainbow+1","Ball Lightning+1","Redo+1","Fusion+1","Leap+1","Go for the Eyes+1","Leap+1","Hologram+1","Defragment"],"relics":["Cracked Core","Golden Idol","Meat on the Bone","Toxic Egg 2","Runic Pyramid","DataDisk","Gremlin Horn"],"potions_floor_usage":[19,25,33,33],"damage_taken":[{"damage":2,"enemies":"Jaw Worm","floor":1,"turns":3},{"damage":7,"enemies":"2 Louse","floor":2,"turns":3},{"damage":46,"enemies":"3 Sentries","floor":7,"turns":10},{"damage":7,"enemies":"Small Slimes","floor":10,"turns":3},{"damage":13,"enemies":"Exordium Thugs","floor":13,"turns":4},{"damage":2,"enemies":"Exordium Wildlife","floor":14,"turns":4},{"damage":9,"enemies":"The Guardian","floor":16,"turns":14},{"damage":11,"enemies":"Chosen","floor":18,"turns":4},{"damage":15,"enemies":"Shell Parasite","floor":19,"turns":4},{"damage":30,"enemies":"Snake Plant","floor":20,"turns":4},{"damage":21,"enemies":"Centurion and Healer","floor":24,"turns":7},{"damage":12,"enemies":"Snecko","floor":25,"turns":6},{"damage":19,"enemies":"Snake Plant","floor":27,"turns":5},{"damage":17,"enemies":"Sentry and Sphere","floor":28,"turns":6},{"damage":28,"enemies":"Centurion and Healer","floor":30,"turns":7},{"damage":29,"enemies":"Chosen and Byrds","floor":31,"turns":6},{"damage":86,"enemies":"Champ","floor":33,"turns":10}],"seed_played":"-691449172640153693","potions_obtained":[{"floor":10,"key":"Weak Potion"},{"floor":13,"key":"FearPotion"},{"floor":14,"key":"Regen Potion"},{"floor":20,"key":"Poison Potion"},{"floor":24,"key":"SkillPotion"},{"floor":28,"key":"PowerPotion"}],"is_trial":false,"path_per_floor":["M","M","?","?","?","R","E","?","T","M","R","$","M","M","R","B",null,"M","M","M","?","$","R","M","M","T","M","M","R","M","M","R","B"],"character_chosen":"DEFECT","items_purchased":["Consume+1","DataDisk","Leap+1"],"campfire_rested":3,"item_purchase_floors":[12,22,22],"current_hp_per_floor":[62,55,55,71,47,47,8,8,8,13,34,34,40,45,45,43,64,60,52,41,37,37,58,44,51,51,51,53,53,44,34,55,0],"gold":102,"neow_bonus":"RANDOM_COLORLESS","is_prod":false,"is_daily":false,"chose_seed":false,"campfire_upgraded":3,"win_rate":0,"timestamp":1548622832,"path_taken":["M","M","?","?","?","R","E","?","T","M","R","$","M","M","R","BOSS","M","M","M","?","?","R","M","M","T","M","M","R","?","M","R","BOSS"],"build_version":"2019-01-23","purchased_purges":0,"victory":false,"max_hp_per_floor":[71,71,71,71,71,71,71,71,71,71,71,71,71,71,71,71,71,71,71,71,71,71,71,71,71,71,71,71,71,71,71,71,71],"card_choices":[{"not_picked":["Barrage","Stack"],"picked":"Cold Snap","floor":1},{"not_picked":["Barrage","Stack"],"picked":"Self Repair","floor":2},{"not_picked":["Turbo","Amplify","Darkness"],"picked":"SKIP","floor":7},{"not_picked":["Hello World","Compile Driver","Cold Snap"],"picked":"SKIP","floor":10},{"not_picked":["Hello World","Steam Power+1"],"picked":"Coolheaded+1","floor":13},{"not_picked":["Turbo+1","Sweeping Beam","Fusion+1"],"picked":"SKIP","floor":14},{"not_picked":["Multi-Cast+1","Core Surge"],"picked":"Rainbow+1","floor":16},{"not_picked":["Chill+1","Stack+1"],"picked":"Ball Lightning+1","floor":18},{"not_picked":["Conserve Battery+1","Turbo+1"],"picked":"Redo+1","floor":19},{"not_picked":["Hello World","FTL"],"picked":"Fusion+1","floor":20},{"not_picked":["Blizzard","Rip and Tear","Steam+1"],"picked":"SKIP","floor":24},{"not_picked":["FTL","Steam Power+1"],"picked":"Go for the Eyes+1","floor":25},{"not_picked":["Skim+1","Turbo+1"],"picked":"Leap+1","floor":27},{"not_picked":["Steam Power+1","Recycle+1"],"picked":"Hologram+1","floor":28},{"not_picked":["Fission+1","Lockon"],"picked":"Defragment","floor":30},{"not_picked":["Consume+1","Ball Lightning","Compile Driver"],"picked":"SKIP","floor":31}],"player_experience":1238172,"relics_obtained":[{"floor":7,"key":"Meat on the Bone"},{"floor":9,"key":"Toxic Egg 2"},{"floor":26,"key":"Gremlin Horn"}],"event_choices":[{"damage_healed":0,"gold_gain":0,"player_choice":"Ignored","damage_taken":0,"max_hp_gain":0,"max_hp_loss":0,"event_name":"Liars Game","floor":3,"gold_loss":0},{"damage_healed":17,"gold_gain":0,"player_choice":"Healed","damage_taken":0,"max_hp_gain":0,"max_hp_loss":0,"event_name":"The Cleric","floor":4,"gold_loss":35},{"damage_healed":0,"gold_gain":0,"player_choice":"Take Damage","damage_taken":24,"relics_obtained":["Golden Idol"],"max_hp_gain":0,"max_hp_loss":0,"event_name":"Golden Idol","floor":5,"gold_loss":0},{"damage_healed":0,"gold_gain":0,"player_choice":"Ignored","damage_taken":0,"max_hp_gain":0,"max_hp_loss":0,"event_name":"Shining Light","floor":8,"gold_loss":0},{"damage_healed":0,"gold_gain":0,"player_choice":"Bought 0 Potions","damage_taken":0,"max_hp_gain":0,"max_hp_loss":0,"event_name":"The Woman in Blue","floor":21,"gold_loss":0}],"is_beta":false,"boss_relics":[{"not_picked":["Coffee Dripper","White Beast Statue"],"picked":"Runic Pyramid"}],"items_purged_floors":[],"is_endless":false,"potions_floor_spawned":[10,13,14,20,24,28,30],"killed_by":"Champ","ascension_level":20}