{"path_per_floor":["M","?","?","M","M","M","M","E","T","R","?","M","?","E","R","B",null,"M","?","?","?","M"],"character_chosen":"THE_SILENT","items_purchased":[],"gold_per_floor":[109,109,109,127,139,159,179,209,281,281,281,291,291,316,316,421,421,431,431,431,431,451],"floor_reached":23,"campfire_rested":1,"playtime":2513,"current_hp_per_floor":[70,63,63,63,62,62,52,25,25,25,22,15,15,14,35,6,70,61,61,61,49,33],"items_purged":[],"gold":451,"play_id":"55524787-008a-4392-9eb3-59076d4da214","is_prod":false,"is_daily":false,"campfire_rituals":0,"campfire_upgraded":1,"is_hardmode":false,"path_taken":["M","?","?","M","M","M","M","E","T","R","?","?","?","E","R","BOSS","M","?","?","?","M","E"],"build_version":"2018-01-18-PROD4","purchased_purges":0,"victory":false,"master_deck":["Defend_G","Defend_G","Defend_G","Defend_G","Survivor","Neutralize","Slice","Setup","Quick Slash","Backflip","Quick Slash","Dash","Blur","Bouncing Flask","Slice","After Image","Catalyst","Bite_G","Bite_G","Bite_G","Bite_G","Bite_G","Poisoned Stab"],"max_hp_per_floor":[70,70,70,70,70,70,70,70,70,70,70,70,70,70,70,70,70,70,70,70,49,49],"relics":["Ring of the Snake","Omamori","Centennial Puzzle","Oddly Smooth Stone","Art of War","Eternal Feather"],"campfire_meditates":0,"card_choices":[{"not_picked":["Outmaneuver","Dodge and Roll"],"picked":"Slice"},{"not_picked":["Crippling Poison","Slice"],"picked":"Quick Slash"},{"not_picked":["Quick Slash","Poisoned Stab"],"picked":"Backflip"},{"not_picked":["Dodge and Roll","Poisoned Stab"],"picked":"Quick Slash"},{"not_picked":["Deadly Poison","Caltrops"],"picked":"Dash"},{"not_picked":["Dodge and Roll","Concentrate"],"picked":"Blur"},{"not_picked":["Underhanded Strike","Reflex"],"picked":"Bouncing Flask"},{"not_picked":["Die Die Die","Accuracy"],"picked":"Slice"},{"not_picked":["Unload","Phantasmal Killer"],"picked":"After Image"},{"not_picked":["Masterful Stab","Acrobatics"],"picked":"Catalyst"},{"not_picked":["Cloak And Dagger","PiercingWail"],"picked":"Poisoned Stab"}],"player_experience":268953,"potions_floor_usage":[8,14,23],"damage_taken":[{"damage":0,"enemies":"Small Slimes","floor":1,"turns":4},{"damage":0,"enemies":"Jaw Worm","floor":4,"turns":4},{"damage":1,"enemies":"Blue Slaver","floor":5,"turns":4},{"damage":0,"enemies":"Looter","floor":6,"turns":4},{"damage":10,"enemies":"Red Slaver","floor":7,"turns":5},{"damage":27,"enemies":"Lagavulin","floor":8,"turns":7},{"damage":7,"enemies":"Exordium Thugs","floor":12,"turns":6},{"damage":1,"enemies":"3 Sentries","floor":14,"turns":6},{"damage":29,"enemies":"Hexaghost","floor":16,"turns":10},{"damage":9,"enemies":"Shell Parasite","floor":18,"turns":6},{"damage":23,"enemies":"Spheric Guardian","floor":22,"turns":5},{"damage":45,"enemies":"Gremlin Leader","floor":23,"turns":7}],"event_choices":[{"event_name":"Golden Wing","player_choice":"Card Removal","floor":2,"damage_taken":0},{"event_name":"Transmorgrifier","player_choice":"Transform","floor":3,"damage_taken":0},{"event_name":"Scrap Ooze","player_choice":"success","floor":11,"damage_taken":3},{"event_name":"Liars Game","player_choice":"disagreed","floor":13,"damage_taken":0},{"event_name":"Purifier","player_choice":"One Purge","floor":19,"damage_taken":0},{"event_name":"The Woman in Blue","player_choice":"Bought 0 Potions","floor":20,"damage_taken":0},{"event_name":"Vampires","player_choice":"Became a vampire","floor":21,"damage_taken":0}],"boss_relics":[{"not_picked":["Pandora\u0027s Box","Orrery"],"picked":"Eternal Feather"}],"potions_floor_spawned":[4,6,7,12],"seed_played":"-1589098547761908842","killed_by":"Gremlin Leader","is_trial":false}