{"gold_per_floor":[114,114,69,81,98,131,131,131,131,151,162,491,491,509,509,612,612,625,645,656,656,667,667,687,639,639,314,314,239,252,267,267,372,372,391,356,366,366,376,376,402,412,412,412,412,422,422,435,435,435],"floor_reached":51,"playtime":6480,"items_purged":[],"score":789,"play_id":"dad779d4-7fc2-4ebb-8c36-5849086ac2b3","local_time":"20181225130345","is_ascension_mode":true,"campfire_choices":[{"data":"Coolheaded","floor":8.0,"key":"SMITH"},{"floor":15.0,"key":"REST"},{"data":"Chill","floor":23.0,"key":"SMITH"},{"floor":32,"key":"REST"},{"data":"Defragment","floor":40,"key":"SMITH"},{"floor":47,"key":"REST"},{"floor":49,"key":"REST"}],"neow_cost":"NONE","seed_source_timestamp":0,"circlet_count":0,"master_deck":["Zap","Dualcast","Buffer","Melter","Aggregate","Genetic Algorithm","Hologram","Reinforced Body","Aggregate","Force Field","Cold Snap","Coolheaded+1","Conserve Battery","Conserve Battery","Cold Snap","Undo","Chill+1","Echo Form","Core Surge","Aggregate","Chaos+1","Defragment+1","Compile Driver","Turbo+1","Redo","Loop","Glacier","Heatsinks","Chaos","Ball Lightning","Thunder Strike","Hologram+1","Defragment+1","Darkness","Cold Snap","Static Discharge+1","Aggregate+1","Secret Weapon","Redo+1","Beam Cell+1"],"special_seed":0,"relics":["Pandora\u0027s Box","Letter Opener","WingedGreaves","Regal Pillow","Old Coin","NlothsMask","Nuclear Battery","Membership Card","Lizard Tail","Anchor","Bottled Tornado"],"potions_floor_usage":[33,42,42,45,48,48,50],"damage_taken":[{"damage":21.0,"enemies":"Jaw Worm","floor":1.0,"turns":8.0},{"damage":0.0,"enemies":"2 Louse","floor":4.0,"turns":4.0},{"damage":3.0,"enemies":"Small Slimes","floor":5.0,"turns":3.0},{"damage":9.0,"enemies":"3 Sentries","floor":6.0,"turns":8.0},{"damage":14.0,"enemies":"Exordium Wildlife","floor":10.0,"turns":6.0},{"damage":4.0,"enemies":"3 Louse","floor":11.0,"turns":6.0},{"damage":1.0,"enemies":"Lagavulin","floor":12.0,"turns":11.0},{"damage":0.0,"enemies":"Large Slime","floor":14.0,"turns":7.0},{"damage":57.0,"enemies":"Slime Boss","floor":16.0,"turns":26.0},{"damage":0.0,"enemies":"Chosen","floor":18.0,"turns":7.0},{"damage":38.0,"enemies":"3 Byrds","floor":19.0,"turns":7.0},{"damage":0.0,"enemies":"Cultist and Chosen","floor":20.0,"turns":7.0},{"damage":0.0,"enemies":"Shelled Parasite and Fungi","floor":22.0,"turns":9.0},{"damage":1.0,"enemies":"Centurion and Healer","floor":24.0,"turns":8.0},{"damage":3.0,"enemies":"Sentry and Sphere","floor":30.0,"turns":5.0},{"damage":13.0,"enemies":"Snecko","floor":31.0,"turns":7.0},{"damage":35,"enemies":"Collector","floor":33,"turns":8},{"damage":55,"enemies":"3 Darklings","floor":35,"turns":9},{"damage":4,"enemies":"3 Shapes","floor":37,"turns":5},{"damage":41,"enemies":"Transient","floor":39,"turns":5},{"damage":24,"enemies":"Reptomancer","floor":41,"turns":9},{"damage":0,"enemies":"Sphere and 2 Shapes","floor":42,"turns":5},{"damage":0,"enemies":"Jaw Worm Horde","floor":46,"turns":6},{"damage":18,"enemies":"Transient","floor":48,"turns":5},{"damage":70,"enemies":"Awakened One","floor":50,"turns":13}],"seed_played":"6277172188497143382","potions_obtained":[{"floor":6.0,"key":"Energy Potion"},{"floor":11.0,"key":"SteroidPotion"},{"floor":14.0,"key":"SmokeBomb"},{"floor":19.0,"key":"SpeedPotion"},{"floor":20.0,"key":"Explosive Potion"},{"floor":33,"key":"Ancient Potion"},{"floor":35,"key":"SpeedPotion"},{"floor":42,"key":"Poison Potion"},{"floor":45,"key":"Fruit Juice"},{"floor":45,"key":"FearPotion"},{"floor":45,"key":"FocusPotion"},{"floor":46,"key":"SkillPotion"},{"floor":48,"key":"Poison Potion"}],"is_trial":false,"path_per_floor":["M","?","$","M","M","E","?","R","T","M","M","E","?","M","R","B",null,"M","M","M","$","M","R","M","$","T","$","?","?","M","M","R","B",null,"M","$","M","?","M","R","E","M","T","?","?","M","R","M","R","B",null],"character_chosen":"DEFECT","items_purchased":["Coolheaded","Redo","Loop","Glacier","Membership Card","Defragment"],"campfire_rested":4,"item_purchase_floors":[3,25,27,27,27,36],"current_hp_per_floor":[54,51,51,51,48,39,64,64,64,50,46,45,45,45,75,18,75,75,37,37,37,37,37,36,36,36,36,36,36,33,20,57,22,75,20,20,16,66,25,25,1,1,1,1,6,6,42,24,60,27],"gold":435,"neow_bonus":"BOSS_RELIC","is_prod":false,"is_daily":false,"chose_seed":false,"campfire_upgraded":3,"win_rate":0,"timestamp":1545771825,"path_taken":["M","?","$","M","M","E","?","R","T","M","M","E","?","M","R","BOSS","M","?","M","$","M","R","M","$","T","$","?","?","M","M","R","BOSS","M","$","M","?","M","R","E","M","T","?","?","M","R","M","R","BOSS"],"build_version":"2018-12-20","purchased_purges":0,"victory":true,"max_hp_per_floor":[75,75,75,75,75,75,75,75,75,75,75,75,75,75,75,75,75,75,75,75,75,75,75,75,75,75,75,75,75,75,75,75,75,75,75,75,75,66,66,66,66,66,66,66,71,71,71,71,71,71],"card_choices":[{"not_picked":["Storm","Rebound"],"picked":"Cold Snap","floor":1.0},{"not_picked":["Melter","Go for the Eyes"],"picked":"Conserve Battery","floor":4.0},{"not_picked":["Blizzard","Sunder"],"picked":"Conserve Battery","floor":5.0},{"not_picked":["Go for the Eyes","Ball Lightning"],"picked":"Cold Snap","floor":6.0},{"not_picked":["Go for the Eyes","Conserve Battery"],"picked":"Undo","floor":10.0},{"not_picked":["Auto Shields","Turbo"],"picked":"Chill","floor":11.0},{"not_picked":["FTL","Doom and Gloom"],"picked":"Echo Form","floor":12.0},{"not_picked":["Rip and Tear","Gash"],"picked":"Stack","floor":14.0},{"not_picked":["Echo Form","Buffer"],"picked":"Core Surge","floor":16.0},{"not_picked":["Hologram","Rebound+1"],"picked":"Aggregate","floor":18.0},{"not_picked":["Hologram+1","Melter"],"picked":"Chaos+1","floor":19.0},{"not_picked":["Conserve Battery","Sweeping Beam"],"picked":"Defragment+1","floor":20.0},{"not_picked":["Sunder","Undo"],"picked":"Compile Driver","floor":22.0},{"not_picked":["Ball Lightning","Cold Snap"],"picked":"Turbo+1","floor":24.0},{"not_picked":["Static Discharge+1","Steam Power+1"],"picked":"Chaos","floor":30.0},{"not_picked":["Turbo","Force Field"],"picked":"Ball Lightning","floor":31.0},{"not_picked":["Creative AI","Echo Form"],"picked":"Thunder Strike","floor":33},{"not_picked":["Turbo+1","Barrage+1"],"picked":"Hologram+1","floor":35},{"not_picked":["Scrape","Blizzard"],"picked":"Darkness","floor":37},{"not_picked":["Scrape+1","Gash+1"],"picked":"Cold Snap","floor":39},{"not_picked":["Reprogram","Steam+1"],"picked":"Static Discharge+1","floor":41},{"not_picked":["Genetic Algorithm+1","Undo"],"picked":"Aggregate+1","floor":42},{"not_picked":["Apotheosis","Swift Strike"],"picked":"Secret Weapon","floor":44},{"not_picked":["FTL+1","Gash"],"picked":"Redo+1","floor":46},{"not_picked":["Gash","Turbo"],"picked":"Beam Cell+1","floor":48}],"player_experience":92873,"relics_obtained":[{"floor":6.0,"key":"WingedGreaves"},{"floor":9.0,"key":"Regal Pillow"},{"floor":12.0,"key":"Old Coin"},{"floor":41,"key":"Anchor"},{"floor":43,"key":"Bottled Tornado"}],"event_choices":[{"damage_healed":0.0,"max_hp_gain":0.0,"max_hp_loss":0.0,"gold_gain":0.0,"event_name":"Scrap Ooze","player_choice":"Success","floor":2.0,"gold_loss":0.0,"damage_taken":3.0,"relics_obtained":["Letter Opener"]},{"damage_healed":25.0,"max_hp_gain":0.0,"max_hp_loss":0.0,"gold_gain":0.0,"event_name":"Big Fish","player_choice":"Banana","floor":7.0,"gold_loss":0.0,"damage_taken":0.0},{"damage_healed":0.0,"max_hp_gain":0.0,"max_hp_loss":0.0,"gold_gain":0.0,"event_name":"FaceTrader","player_choice":"Trade","floor":13.0,"gold_loss":0.0,"damage_taken":0.0,"relics_obtained":["NlothsMask"]},{"damage_healed":0.0,"max_hp_gain":0.0,"max_hp_loss":0.0,"gold_gain":0.0,"event_name":"The Library","player_choice":"Read","floor":28.0,"gold_loss":0.0,"damage_taken":0.0,"cards_obtained":["Heatsinks"]},{"cards_removed":["Stack"],"damage_healed":0.0,"max_hp_gain":0.0,"max_hp_loss":0.0,"gold_gain":0.0,"event_name":"Beggar","player_choice":"Gave Gold","floor":29.0,"gold_loss":75.0,"damage_taken":0.0},{"damage_healed":66,"gold_gain":0,"player_choice":"Heal","damage_taken":0,"max_hp_gain":0,"max_hp_loss":9,"event_name":"The Moai Head","floor":38,"gold_loss":0},{"damage_healed":0,"gold_gain":0,"player_choice":"Memory 1","damage_taken":0,"max_hp_gain":0,"max_hp_loss":0,"event_name":"SensoryStone","floor":44,"gold_loss":0},{"damage_healed":0,"gold_gain":0,"player_choice":"Got Potions","damage_taken":0,"max_hp_gain":0,"max_hp_loss":0,"event_name":"Lab","floor":45,"gold_loss":0}],"is_beta":false,"boss_relics":[{"not_picked":["Sozu","Astrolabe"],"picked":"Nuclear Battery"},{"not_picked":["Empty Cage","Velvet Choker"],"picked":"Lizard Tail"}],"items_purged_floors":[],"is_endless":false,"potions_floor_spawned":[6,11,14,19,20,31,33,35,41,42,46,48],"ascension_level":3}