{"gold_per_floor":[114,129,144,25,40,70,85,85,160,190,205,205,220,235,235,335,335,350,68,83,83,98,98,113,113,163,178,178,178,178,278,278,378,378,393,408,423,438,82,82,82,97,97,112,127,157,172,187,187,187],"floor_reached":50,"playtime":4819,"items_purged":[],"score":569,"play_id":"8a3eadca-fe2e-48d9-987b-a7a34e401b66","local_time":"20190515205950","daily_mods":["Allstar","Time Dilation","DeadlyEvents"],"is_ascension_mode":false,"campfire_choices":[{"data":"Dark Embrace","floor":8,"key":"SMITH"},{"data":"Inflame","floor":15,"key":"SMITH"},{"data":"Mind Blast","floor":23,"key":"SMITH"},{"data":"Apotheosis","floor":25,"key":"SMITH"},{"data":"Armaments","floor":29,"key":"SMITH"},{"data":"Enlightenment","floor":32,"key":"SMITH"},{"data":"Double Tap","floor":40,"key":"SMITH"},{"floor":49,"key":"REST"}],"neow_cost":"","seed_source_timestamp":0,"circlet_count":0,"master_deck":["Strike_R+1","Strike_R","Strike_R","Strike_R","Strike_R","Defend_R","Defend_R","Defend_R","Defend_R","Bash","Enlightenment+1","Mind Blast+1","Good Instincts","Madness","Secret Technique","Shrug It Off","Dropkick","Thunderclap+1","Inflame+1","Rage","Iron Wave","Warcry","Dark Embrace+1","Body Slam+1","Flex","Anger+1","Anger+1","Impervious","Apotheosis+1","Discovery","Sword Boomerang+1","Seeing Red","Armaments+1","Writhe","Exhume","Pommel Strike+1","Whirlwind+1","Heavy Blade+1","Sever Soul+1","Double Tap+1","Jack Of All Trades","Purity","PanicButton","Shrug It Off+1","Sword Boomerang+1","Fire Breathing+1","Feel No Pain+1","Twin Strike+1"],"special_seed":18032,"relics":["Burning Blood","Singing Bowl","Molten Egg 2","Potion Belt","Velvet Choker","Orichalcum","MutagenicStrength","Pantograph","Champion Belt","Sundial","White Beast Statue","Toolbox","Whetstone","Frozen Egg 2"],"potions_floor_usage":[7,7,10,16,24,31,33,44,45,45,45,47,47,47,47,48],"damage_taken":[{"damage":0,"enemies":"Cultist","floor":1,"turns":3},{"damage":0,"enemies":"Small Slimes","floor":2,"turns":4},{"damage":0,"enemies":"2 Louse","floor":3,"turns":2},{"damage":8,"enemies":"2 Fungi Beasts","floor":5,"turns":4},{"damage":24,"enemies":"Lagavulin","floor":6,"turns":8},{"damage":1,"enemies":"Large Slime","floor":7,"turns":4},{"damage":14,"enemies":"Gremlin Nob","floor":10,"turns":3},{"damage":0,"enemies":"Looter","floor":11,"turns":2},{"damage":9,"enemies":"Exordium Thugs","floor":13,"turns":5},{"damage":1,"enemies":"Blue Slaver","floor":14,"turns":2},{"damage":0,"enemies":"Slime Boss","floor":16,"turns":6},{"damage":14,"enemies":"Shell Parasite","floor":18,"turns":4},{"damage":0,"enemies":"3 Byrds","floor":20,"turns":2},{"damage":0,"enemies":"Snake Plant","floor":22,"turns":4},{"damage":0,"enemies":"Snecko","floor":24,"turns":3},{"damage":3,"enemies":"Cultist and Chosen","floor":27,"turns":5},{"damage":0,"enemies":"Colosseum Slavers","floor":31,"turns":2},{"damage":1,"enemies":"Colosseum Nobs","floor":31,"turns":3},{"damage":8,"enemies":"Champ","floor":33,"turns":10},{"damage":4,"enemies":"3 Shapes","floor":35,"turns":3},{"damage":1,"enemies":"Orb Walker","floor":36,"turns":2},{"damage":42,"enemies":"Sphere and 2 Shapes","floor":37,"turns":5},{"damage":4,"enemies":"Jaw Worm Horde","floor":38,"turns":3},{"damage":0,"enemies":"Transient","floor":42,"turns":5},{"damage":10,"enemies":"4 Shapes","floor":44,"turns":4},{"damage":38,"enemies":"3 Darklings","floor":45,"turns":4},{"damage":13,"enemies":"Nemesis","floor":46,"turns":3},{"damage":0,"enemies":"Jaw Worm Horde","floor":47,"turns":4},{"damage":11,"enemies":"Transient","floor":48,"turns":5},{"damage":84,"enemies":"Awakened One","floor":50,"turns":9}],"seed_played":"-1426792424504152410","potions_obtained":[{"floor":2,"key":"Fire Potion"},{"floor":3,"key":"BloodPotion"},{"floor":6,"key":"Ancient Potion"},{"floor":7,"key":"AttackPotion"},{"floor":20,"key":"Poison Potion"},{"floor":22,"key":"AttackPotion"},{"floor":27,"key":"PowerPotion"},{"floor":33,"key":"Poison Potion"},{"floor":35,"key":"GamblersBrew"},{"floor":36,"key":"LiquidBronze"},{"floor":37,"key":"Swift Potion"},{"floor":38,"key":"AttackPotion"},{"floor":44,"key":"Weak Potion"},{"floor":45,"key":"Explosive Potion"},{"floor":46,"key":"Poison Potion"},{"floor":47,"key":"Explosive Potion"},{"floor":48,"key":"SpeedPotion"}],"is_trial":false,"path_per_floor":["M","M","M","$","M","E","M","R","T","E","M","?","M","M","R","B",null,"M","$","M","$","M","R","M","R","T","M","?","R","?","?","R","B",null,"M","M","M","M","$","R","?","M","T","M","M","E","M","M","R","B"],"character_chosen":"IRONCLAD","items_purchased":["Inflame","Rage","Apotheosis","Discovery","Double Tap","Toolbox"],"campfire_rested":1,"item_purchase_floors":[4,4,19,19,39,39],"current_hp_per_floor":[80,80,80,80,78,60,73,73,73,65,71,71,68,73,73,79,80,74,74,80,80,82,82,84,84,84,84,84,84,84,86,86,84,86,86,86,50,52,52,52,42,48,48,44,14,7,13,8,34,0],"gold":187,"neow_bonus":"","is_prod":false,"is_daily":true,"chose_seed":false,"campfire_upgraded":7,"win_rate":0,"timestamp":1557979190,"path_taken":["M","M","M","$","M","E","M","R","T","E","M","?","M","M","R","BOSS","M","$","M","$","M","R","M","R","T","M","?","R","?","?","R","BOSS","M","M","M","M","$","R","?","M","T","M","M","E","M","M","R","BOSS"],"build_version":"2019-01-23","purchased_purges":0,"victory":false,"max_hp_per_floor":[80,80,80,80,80,80,80,80,80,80,80,80,80,80,80,80,80,82,82,82,82,82,82,84,84,84,84,84,84,84,86,86,86,86,86,86,86,86,86,86,86,86,86,86,88,88,88,88,88,88],"card_choices":[{"not_picked":["Sword Boomerang","Intimidate"],"picked":"Shrug It Off","floor":1},{"not_picked":["Heavy Blade","Clothesline"],"picked":"Dropkick","floor":2},{"not_picked":["Blood for Blood","Shrug It Off"],"picked":"Thunderclap","floor":3},{"not_picked":["Shrug It Off","Shockwave"],"picked":"Iron Wave","floor":5},{"not_picked":["Heavy Blade","Perfected Strike"],"picked":"Warcry","floor":6},{"not_picked":["Dual Wield","Cleave"],"picked":"Dark Embrace","floor":7},{"not_picked":["Reckless Charge+1","Exhume"],"picked":"Body Slam+1","floor":10},{"not_picked":["Warcry","Sword Boomerang+1"],"picked":"Flex","floor":11},{"not_picked":["Searing Blow+1","Havoc"],"picked":"Anger+1","floor":13},{"not_picked":["Thunderclap+1","Wild Strike+1"],"picked":"Anger+1","floor":14},{"not_picked":["Immolate+1","Feed+1"],"picked":"Impervious","floor":16},{"not_picked":["Headbutt+1","Bloodletting","Blood for Blood+1"],"picked":"Singing Bowl","floor":18},{"not_picked":["Shrug It Off","Twin Strike+1"],"picked":"Sword Boomerang+1","floor":20},{"not_picked":["Bloodletting","Shrug It Off"],"picked":"Seeing Red","floor":22},{"not_picked":["True Grit","Perfected Strike+1","Ghostly Armor"],"picked":"Singing Bowl","floor":24},{"not_picked":["Fire Breathing","Perfected Strike+1"],"picked":"Armaments","floor":27},{"not_picked":["Anger+1","Flex","Warcry"],"picked":"Singing Bowl","floor":31},{"not_picked":["Dark Embrace","Offering"],"picked":"Exhume","floor":33},{"not_picked":["Perfected Strike+1","Disarm"],"picked":"Pommel Strike+1","floor":35},{"not_picked":["Dropkick+1","Twin Strike+1"],"picked":"Whirlwind+1","floor":36},{"not_picked":["Entrench","Wild Strike+1"],"picked":"Heavy Blade+1","floor":37},{"not_picked":["Clothesline+1","Wild Strike+1"],"picked":"Sever Soul+1","floor":38},{"not_picked":["Flash of Steel+1","Good Instincts"],"picked":"Jack Of All Trades","floor":41},{"not_picked":["Impatience","Flash of Steel+1"],"picked":"Purity","floor":41},{"not_picked":["Secret Weapon","Finesse"],"picked":"PanicButton","floor":41},{"not_picked":["Bloodletting+1","True Grit+1"],"picked":"Shrug It Off+1","floor":42},{"not_picked":["Pommel Strike+1","Armaments"],"picked":"Sword Boomerang+1","floor":44},{"not_picked":["Second Wind","Wild Strike+1","Heavy Blade+1"],"picked":"Singing Bowl","floor":45},{"not_picked":["Wild Strike+1","Flame Barrier+1"],"picked":"Fire Breathing","floor":46},{"not_picked":["Disarm","Headbutt+1"],"picked":"Feel No Pain+1","floor":47},{"not_picked":["Seeing Red","Headbutt+1"],"picked":"Twin Strike+1","floor":48}],"player_experience":150098,"relics_obtained":[{"floor":6,"key":"Singing Bowl"},{"floor":9,"key":"Molten Egg 2"},{"floor":10,"key":"Potion Belt"},{"floor":26,"key":"Orichalcum"},{"floor":31,"key":"Champion Belt"},{"floor":31,"key":"Sundial"},{"floor":43,"key":"Whetstone"},{"floor":46,"key":"Frozen Egg 2"}],"event_choices":[{"damage_healed":0,"gold_gain":0,"player_choice":"Leave","damage_taken":0,"max_hp_gain":0,"max_hp_loss":0,"event_name":"The Cleric","floor":12,"gold_loss":0},{"damage_healed":0,"gold_gain":0,"player_choice":"Inject Mutagens","damage_taken":0,"relics_obtained":["MutagenicStrength"],"max_hp_gain":0,"max_hp_loss":0,"event_name":"Drug Dealer","floor":28,"gold_loss":0},{"damage_healed":0,"gold_gain":0,"player_choice":"Opened","damage_taken":0,"relics_obtained":["Pantograph"],"max_hp_gain":0,"max_hp_loss":0,"event_name":"The Mausoleum","floor":30,"gold_loss":0,"cards_obtained":["Writhe"]},{"damage_healed":0,"gold_gain":0,"player_choice":"Fight","damage_taken":0,"max_hp_gain":0,"max_hp_loss":0,"event_name":"Colosseum","floor":31,"gold_loss":0},{"damage_healed":0,"gold_gain":0,"player_choice":"Fought Nobs","damage_taken":0,"max_hp_gain":0,"max_hp_loss":0,"event_name":"Colosseum","floor":31,"gold_loss":0},{"damage_healed":0,"gold_gain":0,"player_choice":"Memory 3","damage_taken":10,"max_hp_gain":0,"max_hp_loss":0,"event_name":"SensoryStone","floor":41,"gold_loss":0}],"is_beta":false,"boss_relics":[{"not_picked":["Tiny House","Cursed Key"],"picked":"Velvet Choker"},{"not_picked":["Pandora\u0027s Box","Black Star"],"picked":"White Beast Statue"}],"items_purged_floors":[],"is_endless":false,"potions_floor_spawned":[2,3,6,7,20,22,27,33,35,36,37,38,42,44,45,46,47,48],"killed_by":"Awakened One","ascension_level":0}