{"gold_per_floor":[114,125,125,144,154,189,189,205,205,205,233,252,263,279,279,355,355,309,359,68,82,98,98,98],"floor_reached":24,"playtime":1172,"items_purged":["Clash"],"score":424,"play_id":"bc60a0ce-b732-47a5-8e8c-5dab7fe9e76b","local_time":"20190620233849","is_ascension_mode":true,"campfire_choices":[{"floor":7,"key":"REST"},{"data":"Armaments","floor":10,"key":"SMITH"},{"data":"Heavy Blade","floor":15,"key":"SMITH"},{"floor":23,"key":"REST"}],"neow_cost":"NONE","seed_source_timestamp":589513868325300,"circlet_count":0,"master_deck":["AscendersBane","Strike_R","Strike_R","Strike_R","Strike_R","Strike_R","Defend_R","Defend_R","Defend_R","Defend_R","Bash+1","Battle Trance","Rage","Inflame","Armaments+1","Iron Wave","Inflame","Reaper","Dropkick","Heavy Blade+1","Reaper","Disarm","Flame Barrier"],"relics":["Burning Blood","Blood Vial","Mummified Hand","Bottled Flame","Shuriken","Runic Pyramid","ClockworkSouvenir"],"potions_floor_usage":[6,14,16,24],"damage_taken":[{"damage":9,"enemies":"Jaw Worm","floor":1,"turns":3},{"damage":1,"enemies":"Cultist","floor":2,"turns":3},{"damage":5,"enemies":"2 Louse","floor":4,"turns":3},{"damage":15,"enemies":"Lots of Slimes","floor":5,"turns":5},{"damage":50,"enemies":"3 Sentries","floor":6,"turns":12},{"damage":2,"enemies":"2 Fungi Beasts","floor":8,"turns":6},{"damage":34,"enemies":"Gremlin Nob","floor":11,"turns":4},{"damage":7,"enemies":"3 Louse","floor":12,"turns":4},{"damage":9,"enemies":"Red Slaver","floor":13,"turns":3},{"damage":12,"enemies":"Exordium Wildlife","floor":14,"turns":4},{"damage":37,"enemies":"Slime Boss","floor":16,"turns":9},{"damage":41,"enemies":"2 Thieves","floor":18,"turns":5},{"damage":29,"enemies":"Shell Parasite","floor":21,"turns":5},{"damage":36,"enemies":"Snecko","floor":22,"turns":7},{"damage":54,"enemies":"Book of Stabbing","floor":24,"turns":4}],"seed_played":"-8257649566937326040","potions_obtained":[{"floor":1,"key":"BloodPotion"},{"floor":5,"key":"LiquidBronze"},{"floor":11,"key":"SkillPotion"},{"floor":12,"key":"Explosive Potion"},{"floor":16,"key":"Swift Potion"},{"floor":22,"key":"GamblersBrew"}],"is_trial":false,"path_per_floor":["M","M","?","M","M","E","R","M","T","R","E","M","M","M","R","B",null,"M","?","$","M","M","R","E"],"character_chosen":"IRONCLAD","items_purchased":["ClockworkSouvenir"],"campfire_rested":2,"item_purchase_floors":[20],"current_hp_per_floor":[65,70,70,73,66,24,46,52,52,52,26,45,53,59,59,48,68,42,42,42,21,11,33,0],"gold":98,"neow_bonus":"UPGRADE_CARD","is_prod":false,"is_daily":false,"chose_seed":false,"campfire_upgraded":2,"win_rate":0,"timestamp":1561070329,"path_taken":["M","M","?","M","M","E","R","M","T","R","E","?","M","M","R","BOSS","M","?","$","?","?","R","E"],"build_version":"2019-01-23","purchased_purges":1,"victory":false,"max_hp_per_floor":[75,75,75,75,75,75,75,75,75,75,75,75,75,75,75,75,75,75,75,75,75,75,75,75],"card_choices":[{"not_picked":["Heavy Blade","Feel No Pain"],"picked":"Battle Trance","floor":1},{"not_picked":["True Grit","Evolve"],"picked":"Rage","floor":2},{"not_picked":["Anger","Sentinel"],"picked":"Inflame","floor":4},{"not_picked":["Flex","Clash"],"picked":"Armaments","floor":5},{"not_picked":["Rampage","Headbutt"],"picked":"Iron Wave","floor":6},{"not_picked":["Bloodletting","Body Slam"],"picked":"Inflame","floor":8},{"not_picked":["Bludgeon","Warcry"],"picked":"Reaper","floor":11},{"not_picked":["Sever Soul","Pummel"],"picked":"Clash","floor":12},{"not_picked":["Ghostly Armor","Shrug It Off"],"picked":"Dropkick","floor":13},{"not_picked":["Anger","True Grit"],"picked":"Heavy Blade","floor":14},{"not_picked":["Demon Form","Fiend Fire"],"picked":"Reaper","floor":16},{"not_picked":["Armaments+1","Havoc","Flex"],"picked":"SKIP","floor":18},{"not_picked":["Fire Breathing","Bloodletting"],"picked":"Disarm","floor":21},{"not_picked":["Havoc","Power Through+1"],"picked":"Flame Barrier","floor":22}],"player_experience":1308324,"relics_obtained":[{"floor":6,"key":"Mummified Hand"},{"floor":9,"key":"Bottled Flame"},{"floor":11,"key":"Shuriken"}],"event_choices":[{"damage_healed":0,"gold_gain":0,"player_choice":"Gave Potion","damage_taken":0,"relics_obtained":["Blood Vial"],"max_hp_gain":0,"max_hp_loss":0,"event_name":"WeMeetAgain","floor":3,"gold_loss":0},{"damage_healed":0,"gold_gain":100,"player_choice":"Bet on Murderer","damage_taken":0,"max_hp_gain":0,"max_hp_loss":0,"event_name":"The Joust","floor":19,"gold_loss":50}],"is_beta":false,"boss_relics":[{"not_picked":["Black Blood","Runic Cube"],"picked":"Runic Pyramid"}],"items_purged_floors":[20],"is_endless":false,"potions_floor_spawned":[1,5,11,12,13,16,22],"killed_by":"Book of Stabbing","ascension_level":20}