{"gold_per_floor":[110,285,305,305,317,344,299,299,324,297,110,133,133,144,144,245,245,258,258],"floor_reached":19,"playtime":7902,"items_purged":[],"score":239,"play_id":"f1cc8ad3-06a8-4cd2-bc7e-96582ab43136","local_time":"20190619025107","is_ascension_mode":true,"campfire_choices":[{"floor":8,"key":"REST"},{"data":"Apotheosis","floor":15,"key":"SMITH"}],"neow_cost":"NONE","seed_source_timestamp":560420285426144,"circlet_count":0,"master_deck":["Defend_G","Defend_G","Defend_G","Defend_G","Defend_G","Strike_G","Strike_G","Strike_G","Strike_G","Strike_G","Survivor","Neutralize","Footwork","Doubt","Outmaneuver","Calculated Gamble","Footwork","Outmaneuver","Endless Agony","Apotheosis+1","Adrenaline","Tools of the Trade","Prepared"],"relics":["Runic Pyramid","Bird Faced Urn","Strawberry","Odd Mushroom","Meat on the Bone","Black Star"],"potions_floor_usage":[6,6,16,19],"damage_taken":[{"damage":2,"enemies":"Jaw Worm","floor":1,"turns":6},{"damage":4,"enemies":"Small Slimes","floor":3,"turns":4},{"damage":0,"enemies":"2 Louse","floor":5,"turns":4},{"damage":51,"enemies":"3 Sentries","floor":6,"turns":29},{"damage":1,"enemies":"Looter","floor":7,"turns":5},{"damage":9,"enemies":"Exordium Thugs","floor":10,"turns":5},{"damage":12,"enemies":"The Mushroom Lair","floor":12,"turns":7},{"damage":0,"enemies":"Large Slime","floor":14,"turns":6},{"damage":0,"enemies":"The Guardian","floor":16,"turns":12},{"damage":5,"enemies":"3 Byrds","floor":18,"turns":8},{"damage":90,"enemies":"Masked Bandits","floor":19,"turns":5}],"seed_played":"5430974838086637793","potions_obtained":[{"floor":1,"key":"GhostInAJar"},{"floor":3,"key":"LiquidBronze"},{"floor":10,"key":"Dexterity Potion"},{"floor":12,"key":"Strength Potion"},{"floor":14,"key":"GamblersBrew"},{"floor":18,"key":"FearPotion"}],"is_trial":false,"path_per_floor":["M","?","M","T","M","E","M","R","T","M","$","?","T","M","R","B",null,"M","?"],"character_chosen":"THE_SILENT","items_purchased":["Apotheosis"],"campfire_rested":1,"item_purchase_floors":[11],"current_hp_per_floor":[68,68,64,64,64,13,16,37,44,39,39,31,31,47,47,51,77,76,0],"gold":258,"neow_bonus":"BOSS_RELIC","is_prod":false,"is_daily":false,"chose_seed":false,"campfire_upgraded":1,"win_rate":0,"timestamp":1560937867,"path_taken":["M","?","M","?","M","E","M","R","T","M","$","?","?","M","R","BOSS","M","?"],"build_version":"2019-01-23","purchased_purges":0,"victory":false,"max_hp_per_floor":[70,70,70,70,70,70,70,70,77,77,77,77,77,77,77,77,77,77,77],"card_choices":[{"not_picked":["Predator","Flying Knee"],"picked":"Footwork","floor":1},{"not_picked":["Quick Slash","Reflex"],"picked":"Outmaneuver","floor":3},{"not_picked":["Skewer","Bane"],"picked":"Calculated Gamble","floor":5},{"not_picked":["Bouncing Flask","Dodge and Roll"],"picked":"Footwork","floor":6},{"not_picked":["Eviscerate","Sucker Punch"],"picked":"Outmaneuver","floor":7},{"not_picked":["Deflect","Masterful Stab"],"picked":"Endless Agony","floor":10},{"not_picked":["Bane","Cloak And Dagger"],"picked":"Adrenaline","floor":12},{"not_picked":["Bane","Distraction","Endless Agony"],"picked":"SKIP","floor":14},{"not_picked":["Storm of Steel","Bullet Time"],"picked":"Tools of the Trade","floor":16},{"not_picked":["Quick Slash+1","Cloak And Dagger"],"picked":"Prepared","floor":18}],"player_experience":313455,"relics_obtained":[{"floor":6,"key":"Bird Faced Urn"},{"floor":9,"key":"Strawberry"},{"floor":12,"key":"Odd Mushroom"},{"floor":13,"key":"Meat on the Bone"}],"event_choices":[{"damage_healed":0,"gold_gain":175,"player_choice":"AGREE","damage_taken":0,"max_hp_gain":0,"max_hp_loss":0,"event_name":"Liars Game","floor":2,"gold_loss":0,"cards_obtained":["Doubt"]},{"damage_healed":0,"gold_gain":0,"player_choice":"Fought Mushrooms","damage_taken":0,"max_hp_gain":0,"max_hp_loss":0,"event_name":"Mushrooms","floor":12,"gold_loss":0},{"damage_healed":0,"gold_gain":0,"player_choice":"Fought Bandits","damage_taken":0,"max_hp_gain":0,"max_hp_loss":0,"event_name":"Masked Bandits","floor":19,"gold_loss":0}],"is_beta":false,"boss_relics":[{"not_picked":["Cursed Key","WristBlade"],"picked":"Black Star"}],"items_purged_floors":[],"is_endless":false,"potions_floor_spawned":[1,3,10,12,14,18],"killed_by":"Masked Bandits","ascension_level":2}