{"gold_per_floor":[114,129,144,144,144,144,34,64,139,139,154,154,104,134,134,234,234,249,264,264,279,294,294,309,309,384,384,399,414,414,489,489,589,589,604,604,619,619,66,81,27,27,27,27,42,57,157,172,172,172],"floor_reached":50,"playtime":2799,"items_purged":["Shame"],"score":654,"play_id":"764cc48a-f232-4de6-bbcc-a0c4a0bc6c91","local_time":"20190705022615","daily_mods":["Cursed Run","Red Cards","Binary"],"is_ascension_mode":false,"campfire_choices":[{"data":"Armaments","floor":6,"key":"SMITH"},{"data":"Noxious Fumes","floor":10,"key":"SMITH"},{"data":"Dash","floor":15,"key":"SMITH"},{"data":"Limit Break","floor":23,"key":"SMITH"},{"data":"Cloak And Dagger","floor":25,"key":"SMITH"},{"data":"Inflame","floor":27,"key":"SMITH"},{"data":"Berserk","floor":32,"key":"SMITH"},{"data":"Infinite Blades","floor":42,"key":"SMITH"},{"data":"Flechettes","floor":44,"key":"SMITH"},{"data":"Normality","floor":49,"key":"PURGE"}],"neow_cost":"","seed_source_timestamp":459915253332035,"circlet_count":0,"master_deck":["Strike_G","Strike_G","Defend_G","Defend_G","Defend_G","Defend_G","Defend_G","Survivor","Neutralize","Bane","Armaments+1","Flying Knee","Disarm","Clumsy","Noxious Fumes+1","Dash+1","Predator","Clumsy","Inflame+1","Parasite","Berserk+1","Injury","Parasite","Limit Break+1","Cloak And Dagger+1","Crippling Poison+1","Writhe","Deadly Poison","Anger+1","Doubt","Burst+1","Calculated Gamble+1","Madness+1","Madness+1","Flechettes+1","Infinite Blades+1","Backflip+1","Noxious Fumes+1","Anger","Blade Dance+1","Parasite"],"special_seed":18081,"relics":["Cursed Key","Darkstone Periapt","Du-Vu Doll","Paper Crane","Happy Flower","Bottled Flame","Thread and Needle","Calling Bell","Vajra","Gremlin Horn","Nunchaku","WarpedTongs","Letter Opener","Toxic Egg 2","Empty Cage","Toolbox","Lantern","Orichalcum","Peace Pipe"],"potions_floor_usage":[16,29,33,45,47,50],"damage_taken":[{"damage":0,"enemies":"Cultist","floor":1,"turns":5},{"damage":0,"enemies":"Jaw Worm","floor":2,"turns":4},{"damage":0,"enemies":"Small Slimes","floor":3,"turns":3},{"damage":0,"enemies":"Lagavulin","floor":8,"turns":6},{"damage":0,"enemies":"2 Fungi Beasts","floor":11,"turns":3},{"damage":11,"enemies":"3 Sentries","floor":14,"turns":6},{"damage":6,"enemies":"The Guardian","floor":16,"turns":8},{"damage":18,"enemies":"2 Thieves","floor":18,"turns":4},{"damage":4,"enemies":"Shell Parasite","floor":19,"turns":5},{"damage":14,"enemies":"Shelled Parasite and Fungi","floor":21,"turns":6},{"damage":17,"enemies":"Cultist and Chosen","floor":22,"turns":7},{"damage":18,"enemies":"Snecko","floor":24,"turns":5},{"damage":2,"enemies":"Centurion and Healer","floor":28,"turns":5},{"damage":0,"enemies":"Snake Plant","floor":29,"turns":2},{"damage":14,"enemies":"Champ","floor":33,"turns":7},{"damage":3,"enemies":"3 Shapes","floor":35,"turns":4},{"damage":23,"enemies":"3 Darklings","floor":37,"turns":5},{"damage":17,"enemies":"Sphere and 2 Shapes","floor":40,"turns":3},{"damage":0,"enemies":"Jaw Worm Horde","floor":45,"turns":3},{"damage":3,"enemies":"Maw","floor":46,"turns":5},{"damage":15,"enemies":"Mind Bloom Boss Battle","floor":47,"turns":4},{"damage":0,"enemies":"Writhing Mass","floor":48,"turns":4},{"damage":75,"enemies":"Time Eater","floor":50,"turns":7}],"seed_played":"-739304103821418602","potions_obtained":[{"floor":8,"key":"Energy Potion"},{"floor":11,"key":"Weak Potion"},{"floor":14,"key":"Weak Potion"},{"floor":19,"key":"EssenceOfSteel"},{"floor":21,"key":"Fire Potion"},{"floor":33,"key":"Explosive Potion"},{"floor":35,"key":"Fire Potion"},{"floor":45,"key":"Swift Potion"},{"floor":48,"key":"Poison Potion"}],"is_trial":false,"path_per_floor":["M","M","M","?","T","R","$","E","T","R","M","?","?","E","R","B",null,"M","M","?","M","M","R","M","R","T","R","M","M","?","T","R","B",null,"M","?","M","?","$","M","$","R","T","R","M","M","?","M","R","B"],"character_chosen":"THE_SILENT","items_purchased":["Noxious Fumes","Dash","Infinite Blades","Backflip+1","Toolbox","Lantern","Anger"],"campfire_rested":0,"item_purchase_floors":[7,7,39,39,39,39,41],"current_hp_per_floor":[70,70,70,70,76,76,76,76,82,82,82,75,75,64,64,64,106,88,84,90,76,59,59,41,41,47,47,45,45,20,26,26,18,135,132,115,92,92,92,75,75,75,81,81,81,78,63,69,69,0],"gold":172,"neow_bonus":"","is_prod":false,"is_daily":true,"chose_seed":false,"campfire_upgraded":9,"win_rate":0,"timestamp":1562261175,"path_taken":["M","M","?","?","?","R","$","E","T","R","M","?","?","E","R","BOSS","M","M","?","?","M","R","M","R","T","R","M","M","?","?","R","BOSS","M","?","M","?","$","M","?","R","T","R","M","M","?","?","R","BOSS"],"build_version":"2019-07-01","purchased_purges":1,"victory":false,"max_hp_per_floor":[70,70,70,70,76,76,76,76,82,82,82,82,82,82,82,88,106,106,106,112,112,112,112,112,112,118,118,118,118,123,129,129,135,135,135,135,135,135,135,135,135,135,141,141,141,141,141,147,147,147],"card_choices":[{"not_picked":["Body Slam"],"picked":"Bane","floor":1},{"not_picked":["PiercingWail"],"picked":"Armaments","floor":2},{"not_picked":["Clothesline"],"picked":"Flying Knee","floor":3},{"not_picked":["Intimidate"],"picked":"Predator","floor":8},{"not_picked":["Sever Soul"],"picked":"Inflame","floor":11},{"not_picked":["Wild Strike","Twin Strike"],"picked":"SKIP","floor":14},{"not_picked":["Malaise"],"picked":"Berserk","floor":16},{"not_picked":["Underhanded Strike","Accuracy"],"picked":"SKIP","floor":18},{"not_picked":["Outmaneuver","Underhanded Strike"],"picked":"SKIP","floor":19},{"not_picked":["Rampage"],"picked":"Limit Break","floor":21},{"not_picked":["Sucker Punch"],"picked":"Cloak And Dagger","floor":22},{"not_picked":["Slice"],"picked":"Crippling Poison+1","floor":24},{"not_picked":["Noxious Fumes+1"],"picked":"Deadly Poison","floor":28},{"not_picked":["Body Slam"],"picked":"Anger+1","floor":29},{"not_picked":["Venomology+1"],"picked":"Burst+1","floor":33},{"not_picked":["Underhanded Strike+1"],"picked":"Calculated Gamble+1","floor":35},{"not_picked":["Dagger Throw"],"picked":"Flechettes","floor":37},{"not_picked":["Eviscerate+1"],"picked":"Noxious Fumes+1","floor":40},{"not_picked":["Flex+1"],"picked":"Blade Dance+1","floor":45},{"not_picked":["Pommel Strike","Reckless Charge"],"picked":"SKIP","floor":46},{"not_picked":["Underhanded Strike+1","Poisoned Stab"],"picked":"SKIP","floor":48}],"player_experience":40679,"relics_obtained":[{"floor":5,"key":"Paper Crane"},{"floor":8,"key":"Happy Flower"},{"floor":9,"key":"Bottled Flame"},{"floor":14,"key":"Thread and Needle"},{"floor":17,"key":"Vajra"},{"floor":17,"key":"Gremlin Horn"},{"floor":17,"key":"Nunchaku"},{"floor":26,"key":"Letter Opener"},{"floor":31,"key":"Toxic Egg 2"},{"floor":43,"key":"Orichalcum"},{"floor":47,"key":"Peace Pipe"}],"event_choices":[{"damage_healed":0,"gold_gain":0,"cards_transformed":["Strike_G"],"player_choice":"Change","damage_taken":0,"max_hp_gain":0,"max_hp_loss":0,"event_name":"Living Wall","floor":4,"gold_loss":0,"cards_obtained":["Disarm"]},{"cards_removed":["Strike_G"],"damage_healed":0,"gold_gain":0,"player_choice":"Card Removal","damage_taken":7,"max_hp_gain":0,"max_hp_loss":0,"event_name":"Golden Wing","floor":12,"gold_loss":0},{"cards_removed":["Strike_G"],"damage_healed":0,"gold_gain":0,"player_choice":"Card Removal","damage_taken":0,"max_hp_gain":0,"max_hp_loss":0,"event_name":"The Cleric","floor":13,"gold_loss":50},{"damage_healed":0,"gold_gain":0,"player_choice":"Rummage","damage_taken":0,"relics_obtained":["WarpedTongs"],"max_hp_gain":0,"max_hp_loss":0,"event_name":"Accursed Blacksmith","floor":20,"gold_loss":0,"cards_obtained":["Pain"]},{"damage_healed":0,"gold_gain":0,"player_choice":"Shed Blood","damage_taken":30,"max_hp_gain":5,"max_hp_loss":0,"event_name":"Forgotten Altar","floor":30,"gold_loss":0},{"damage_healed":0,"gold_gain":0,"player_choice":"Embrace Madness","damage_taken":17,"max_hp_gain":0,"max_hp_loss":0,"event_name":"Winding Halls","floor":36,"gold_loss":0,"cards_obtained":["Madness","Madness"]},{"damage_healed":0,"gold_gain":0,"player_choice":"Ignored","damage_taken":0,"max_hp_gain":0,"max_hp_loss":0,"event_name":"Tomb of Lord Red Mask","floor":38,"gold_loss":0},{"damage_healed":0,"gold_gain":0,"player_choice":"Fight","damage_taken":0,"max_hp_gain":0,"max_hp_loss":0,"event_name":"MindBloom","floor":47,"gold_loss":0}],"is_beta":false,"boss_relics":[{"not_picked":["Eternal Feather","White Beast Statue"],"picked":"Calling Bell"},{"not_picked":["WristBlade","Runic Dome"],"picked":"Empty Cage"}],"items_purged_floors":[39],"is_endless":false,"potions_floor_spawned":[8,11,14,19,21,33,35,45,48],"killed_by":"Time Eater","ascension_level":0}