{"gold_per_floor":[115,134,134,134,150,150,194,194,266,289,302,172,172,206,206,297,297,322,336,336,360,284,284,284,284,284,307,327,42,58,83,83,83],"floor_reached":33,"playtime":1956,"items_purged":["Decay"],"score":518,"play_id":"ed2efe51-7b89-40b6-b604-9fefa390c578","local_time":"20190127224527","is_ascension_mode":true,"campfire_choices":[{"data":"Discovery","floor":6,"key":"SMITH"},{"floor":8,"key":"REST"},{"floor":15,"key":"REST"},{"floor":23,"key":"REST"},{"floor":25,"key":"REST"},{"data":"Zap","floor":32,"key":"SMITH"}],"neow_cost":"PERCENT_DAMAGE","seed_source_timestamp":323906701915400,"circlet_count":0,"master_deck":["AscendersBane","Strike_B","Strike_B","Strike_B","Strike_B","Defend_B","Defend_B","Defend_B","Defend_B","Zap+1","Dualcast","Forethought","Discovery+1","Sweeping Beam","Cold Snap","BootSequence","Echo Form","Sweeping Beam","Capacitor","Self Repair","Leap","Reboot","BootSequence+1","Glacier","Melter","Consume","Rainbow","Melter+1","Go for the Eyes+1"],"relics":["Cracked Core","Golden Idol","Art of War","Darkstone Periapt","Cables","Turnip","Cursed Key","MutagenicStrength","Unceasing Top","Lee\u0027s Waffle"],"potions_floor_usage":[7,16,19,21,28,31],"damage_taken":[{"damage":4,"enemies":"Jaw Worm","floor":1,"turns":5},{"damage":4,"enemies":"Small Slimes","floor":2,"turns":3},{"damage":0,"enemies":"Cultist","floor":5,"turns":3},{"damage":71,"enemies":"Gremlin Nob","floor":7,"turns":5},{"damage":5,"enemies":"Looter","floor":10,"turns":5},{"damage":4,"enemies":"Exordium Wildlife","floor":11,"turns":2},{"damage":8,"enemies":"Lagavulin","floor":14,"turns":9},{"damage":14,"enemies":"Hexaghost","floor":16,"turns":14},{"damage":37,"enemies":"Chosen","floor":18,"turns":7},{"damage":17,"enemies":"Spheric Guardian","floor":19,"turns":8},{"damage":21,"enemies":"Centurion and Healer","floor":21,"turns":11},{"damage":17,"enemies":"Shelled Parasite and Fungi","floor":27,"turns":9},{"damage":11,"enemies":"Snecko","floor":28,"turns":8},{"damage":2,"enemies":"Centurion and Healer","floor":30,"turns":9},{"damage":17,"enemies":"Sentry and Sphere","floor":31,"turns":4},{"damage":65,"enemies":"Automaton","floor":33,"turns":6}],"seed_played":"5403636661924086718","potions_obtained":[{"floor":2,"key":"Block Potion"},{"floor":5,"key":"FairyPotion"},{"floor":10,"key":"SpeedPotion"},{"floor":14,"key":"Dexterity Potion"},{"floor":18,"key":"FocusPotion"},{"floor":21,"key":"SkillPotion"},{"floor":30,"key":"Explosive Potion"}],"is_trial":false,"path_per_floor":["M","M","?","?","M","R","E","R","T","M","M","$","T","E","R","B",null,"M","M","?","M","$","R","?","R","T","M","M","$","M","M","R","B"],"character_chosen":"DEFECT","items_purchased":["Self Repair","Leap","Melter","Lee\u0027s Waffle"],"campfire_rested":4,"item_purchase_floors":[12,12,22,29],"current_hp_per_floor":[42,38,38,38,38,38,6,25,25,20,16,16,16,15,34,27,55,25,22,22,8,8,27,27,46,52,49,52,77,75,58,58,0],"gold":83,"neow_bonus":"RANDOM_COLORLESS_2","is_prod":false,"is_daily":false,"chose_seed":false,"campfire_upgraded":2,"win_rate":0,"timestamp":1548629127,"path_taken":["M","M","?","?","M","R","E","R","T","M","M","?","?","E","R","BOSS","M","M","?","M","$","R","?","R","T","M","M","$","?","M","R","BOSS"],"build_version":"2019-01-23","purchased_purges":1,"victory":false,"max_hp_per_floor":[71,71,64,64,64,64,64,64,64,64,64,64,64,64,64,64,64,64,64,64,64,64,64,64,64,70,70,70,77,77,77,77,77],"card_choices":[{"not_picked":["Stack","Coolheaded"],"picked":"Sweeping Beam","floor":1},{"not_picked":["Redo","Rebound"],"picked":"Cold Snap","floor":2},{"not_picked":["Force Field","Sunder"],"picked":"BootSequence","floor":5},{"not_picked":["Blizzard","Cold Snap"],"picked":"Echo Form","floor":7},{"not_picked":["Doom and Gloom","Gash"],"picked":"Sweeping Beam","floor":10},{"not_picked":["Beam Cell","Aggregate"],"picked":"Capacitor","floor":11},{"not_picked":["Sweeping Beam","Self Repair","Streamline"],"picked":"SKIP","floor":14},{"not_picked":["Biased Cognition","Machine Learning"],"picked":"Reboot","floor":16},{"not_picked":["Streamline+1","Go for the Eyes","Hologram"],"picked":"SKIP","floor":18},{"not_picked":["Rebound+1","Doom and Gloom"],"picked":"BootSequence+1","floor":19},{"not_picked":["Hologram","Heatsinks"],"picked":"Glacier","floor":21},{"not_picked":["Turbo+1","Compile Driver"],"picked":"Consume","floor":27},{"not_picked":["Glacier","Rebound"],"picked":"Rainbow","floor":28},{"not_picked":["Coolheaded","Steam"],"picked":"Melter+1","floor":30},{"not_picked":["Stack","Turbo+1"],"picked":"Go for the Eyes+1","floor":31}],"player_experience":1246252,"relics_obtained":[{"floor":7,"key":"Art of War"},{"floor":9,"key":"Darkstone Periapt"},{"floor":13,"key":"Cables"},{"floor":14,"key":"Turnip"},{"floor":26,"key":"Unceasing Top"}],"event_choices":[{"damage_healed":0,"gold_gain":0,"player_choice":"Lose Max HP","damage_taken":0,"relics_obtained":["Golden Idol"],"max_hp_gain":0,"max_hp_loss":7,"event_name":"Golden Idol","floor":3,"gold_loss":0},{"damage_healed":0,"gold_gain":0,"player_choice":"Ignored","damage_taken":0,"max_hp_gain":0,"max_hp_loss":0,"event_name":"Liars Game","floor":4,"gold_loss":0},{"damage_healed":0,"gold_gain":0,"player_choice":"Inject Mutagens","damage_taken":0,"relics_obtained":["MutagenicStrength"],"max_hp_gain":0,"max_hp_loss":0,"event_name":"Drug Dealer","floor":20,"gold_loss":0},{"damage_healed":0,"gold_gain":0,"player_choice":"Ignored","damage_taken":0,"max_hp_gain":0,"max_hp_loss":0,"event_name":"Vampires","floor":24,"gold_loss":0}],"is_beta":false,"boss_relics":[{"not_picked":["Ectoplasm","Empty Cage"],"picked":"Cursed Key"}],"items_purged_floors":[29],"is_endless":false,"potions_floor_spawned":[2,5,10,14,18,21,30],"killed_by":"Automaton","ascension_level":20}