{"gold_per_floor":[113,128,138,138,155,155,182,182,207,207,224,243,268,193,193,272,272,287,266,266,279,305,369,369,419,496,61,89,89,121,133,133,133],"floor_reached":33,"playtime":1329,"items_purged":["Defend_R","Injury"],"score":583,"play_id":"e5b3f858-3688-4a76-87e3-7b9d9dbdbc94","local_time":"20190114185911","is_ascension_mode":true,"campfire_choices":[{"data":"Shrug It Off","floor":6,"key":"SMITH"},{"data":"Shrug It Off","floor":8,"key":"SMITH"},{"data":"Headbutt","floor":10,"key":"SMITH"},{"data":"Shockwave","floor":15,"key":"SMITH"},{"data":"Pommel Strike","floor":24,"key":"SMITH"},{"floor":32,"key":"REST"}],"neow_cost":"NONE","seed_source_timestamp":314482938870859,"circlet_count":0,"master_deck":["AscendersBane","Strike_R+1","Strike_R","Strike_R","Strike_R","Strike_R","Defend_R+1","Defend_R+1","Bash+1","Shrug It Off+1","Headbutt+1","Shrug It Off+1","Rampage+1","Shockwave+1","Demon Form","Shrug It Off+1","Pommel Strike+1"],"relics":["Burning Blood","Bronze Scales","War Paint","Vajra","Whetstone","Cursed Key","Red Mask","Tiny Chest","Gremlin Horn","Oddly Smooth Stone","Omamori","Smiling Mask","Lantern","Bottled Flame"],"potions_floor_usage":[5,7,13,16,21,22,22,31],"damage_taken":[{"damage":2,"enemies":"Cultist","floor":1,"turns":4},{"damage":8,"enemies":"Small Slimes","floor":2,"turns":4},{"damage":0,"enemies":"Jaw Worm","floor":3,"turns":4},{"damage":11,"enemies":"Lots of Slimes","floor":5,"turns":3},{"damage":32,"enemies":"Gremlin Nob","floor":7,"turns":4},{"damage":0,"enemies":"3 Louse","floor":11,"turns":4},{"damage":11,"enemies":"Looter","floor":12,"turns":2},{"damage":4,"enemies":"Lagavulin","floor":13,"turns":6},{"damage":6,"enemies":"Hexaghost","floor":16,"turns":7},{"damage":1,"enemies":"Chosen","floor":18,"turns":4},{"damage":11,"enemies":"2 Thieves","floor":19,"turns":4},{"damage":1,"enemies":"3 Cultists","floor":21,"turns":5},{"damage":17,"enemies":"Masked Bandits","floor":22,"turns":4},{"damage":19,"enemies":"Slavers","floor":23,"turns":7},{"damage":13,"enemies":"Gremlin Leader","floor":28,"turns":6},{"damage":33,"enemies":"Book of Stabbing","floor":30,"turns":4},{"damage":0,"enemies":"Centurion and Healer","floor":31,"turns":4},{"damage":62,"enemies":"Automaton","floor":33,"turns":6}],"seed_played":"1921450913295417763","potions_obtained":[{"floor":2,"key":"Explosive Potion"},{"floor":3,"key":"FearPotion"},{"floor":7,"key":"AttackPotion"},{"floor":12,"key":"FearPotion"},{"floor":13,"key":"Block Potion"},{"floor":18,"key":"Weak Potion"},{"floor":21,"key":"Fire Potion"},{"floor":30,"key":"Swift Potion"}],"is_trial":false,"path_per_floor":["M","M","M","?","M","R","E","R","T","R","M","M","E","$","R","B",null,"M","M","?","M","?","E","R","?","T","$","E","?","E","M","R","B"],"character_chosen":"IRONCLAD","items_purchased":["Oddly Smooth Stone","Omamori"],"campfire_rested":1,"item_purchase_floors":[27,27],"current_hp_per_floor":[72,70,75,75,70,70,44,44,44,44,50,45,47,47,47,47,68,73,68,68,73,62,49,49,49,49,49,42,42,15,21,43,0],"gold":133,"neow_bonus":"RANDOM_COMMON_RELIC","is_prod":false,"is_daily":false,"chose_seed":false,"campfire_upgraded":5,"win_rate":0,"timestamp":1547492351,"path_taken":["M","?","M","?","?","R","E","R","T","R","M","M","E","?","R","BOSS","M","M","?","?","?","E","R","?","T","$","E","?","E","M","R","BOSS"],"build_version":"2019-01-10","purchased_purges":2,"victory":false,"max_hp_per_floor":[75,75,75,75,75,75,75,75,75,75,75,75,75,75,75,75,75,75,75,75,75,75,75,75,75,75,75,75,75,75,75,75,75],"card_choices":[{"not_picked":["Wild Strike","Clothesline"],"picked":"Shrug It Off","floor":1},{"not_picked":["Fiend Fire","Dropkick"],"picked":"Headbutt","floor":2},{"not_picked":["Intimidate","Blood for Blood"],"picked":"Shrug It Off","floor":3},{"not_picked":["Clash","Clothesline","Entrench"],"picked":"SKIP","floor":5},{"not_picked":["Intimidate","Sever Soul","Twin Strike"],"picked":"SKIP","floor":7},{"not_picked":["Thunderclap","Clothesline"],"picked":"Rampage","floor":11},{"not_picked":["Sentinel","Hemokinesis","Feel No Pain"],"picked":"SKIP","floor":12},{"not_picked":["Heavy Blade","Corruption"],"picked":"Shockwave","floor":13},{"not_picked":["Double Tap","Feed"],"picked":"Demon Form","floor":16},{"not_picked":["Armaments","Warcry"],"picked":"Shrug It Off+1","floor":18},{"not_picked":["Headbutt","Shrug It Off"],"picked":"Pommel Strike","floor":19},{"not_picked":["Reckless Charge","Carnage","Pummel"],"picked":"SKIP","floor":21},{"not_picked":["Flex","Feel No Pain","Offering"],"picked":"SKIP","floor":23},{"not_picked":["Headbutt","Heavy Blade","Warcry"],"picked":"SKIP","floor":28},{"not_picked":["Blood for Blood","Infernal Blade","Havoc+1"],"picked":"SKIP","floor":30},{"not_picked":["Thunderclap+1","Infernal Blade","Warcry"],"picked":"SKIP","floor":31}],"player_experience":1103340,"relics_obtained":[{"floor":7,"key":"War Paint"},{"floor":9,"key":"Vajra"},{"floor":13,"key":"Whetstone"},{"floor":22,"key":"Red Mask"},{"floor":23,"key":"Tiny Chest"},{"floor":26,"key":"Gremlin Horn"},{"floor":28,"key":"Smiling Mask"},{"floor":30,"key":"Bottled Flame"}],"event_choices":[{"damage_healed":0,"gold_gain":0,"player_choice":"Upgraded","damage_taken":0,"max_hp_gain":0,"max_hp_loss":0,"event_name":"Upgrade Shrine","floor":4,"gold_loss":0,"cards_upgraded":["Bash"]},{"cards_removed":["Defend_R"],"damage_healed":0,"gold_gain":0,"player_choice":"Purged","damage_taken":0,"max_hp_gain":0,"max_hp_loss":0,"event_name":"Purifier","floor":20,"gold_loss":0},{"damage_healed":0,"gold_gain":0,"player_choice":"Fought Bandits","damage_taken":0,"max_hp_gain":0,"max_hp_loss":0,"event_name":"Masked Bandits","floor":22,"gold_loss":0},{"damage_healed":0,"gold_gain":50,"player_choice":"Stole From Cult","damage_taken":0,"max_hp_gain":0,"max_hp_loss":0,"event_name":"Nest","floor":25,"gold_loss":0},{"damage_healed":0,"gold_gain":0,"player_choice":"Stole Relic","damage_taken":0,"relics_obtained":["Lantern"],"max_hp_gain":0,"max_hp_loss":0,"event_name":"Addict","floor":29,"gold_loss":0,"cards_obtained":["Shame"]}],"is_beta":false,"boss_relics":[{"not_picked":["Empty Cage","Mark of Pain"],"picked":"Cursed Key"}],"items_purged_floors":[14,27],"is_endless":false,"potions_floor_spawned":[2,3,7,12,13,18,21,30],"killed_by":"Automaton","ascension_level":17}