{"gold_per_floor":[110,127,127,127,127,156,175,175,175,175,190,215,59,89,89,187,187,205,205,55,55,74,109,109,144,168,183,183,183,108,126,126,230,230,246,55,5,15,26,26,26,26,95,128,140,17,17,34,34,34],"floor_reached":51,"playtime":2686,"items_purged":["Defend_G","Strike_G"],"score":879,"play_id":"ae1cee9e-ac4b-4e83-b2af-edcca63c90dd","local_time":"20190331134641","is_ascension_mode":true,"campfire_choices":[{"data":"Leg Sweep","floor":8,"key":"SMITH"},{"data":"Neutralize","floor":10,"key":"SMITH"},{"floor":15,"key":"REST"},{"floor":24,"key":"REST"},{"floor":28,"key":"REST"},{"floor":32,"key":"REST"},{"floor":40,"key":"REST"},{"data":"Envenom","floor":42,"key":"SMITH"},{"floor":49,"key":"REST"}],"neow_cost":"NONE","seed_source_timestamp":910235467417125,"circlet_count":0,"master_deck":["Defend_G+1","Defend_G","Defend_G+1","Defend_G","Strike_G","Strike_G","Strike_G","Strike_G","Survivor","Neutralize+1","Quick Slash","Leg Sweep+1","Predator","Riddle With Holes","Dagger Spray","Poisoned Stab+1","Wraith Form v2","Burst","Footwork","Well Laid Plans","Bandage Up","Glass Knife","Footwork","Sucker Punch+1","RitualDagger+1","Envenom+1","Terror+1","Dash","Deadly Poison+1","Poisoned Stab","Backflip+1"],"relics":["Ring of the Snake","NeowsBlessing","Bottled Lightning","Regal Pillow","Omamori","Centennial Puzzle","Busted Crown","War Paint","Tingsha","Snake Skull","Vajra","Velvet Choker","Whetstone","Smiling Mask","Toxic Egg 2","Pen Nib","The Specimen"],"potions_floor_usage":[11,23,23,25,31,33,39,44,50,50,50],"damage_taken":[{"damage":0,"enemies":"2 Louse","floor":1,"turns":1},{"damage":0,"enemies":"Cultist","floor":2,"turns":1},{"damage":0,"enemies":"Gremlin Nob","floor":6,"turns":1},{"damage":3,"enemies":"Jaw Worm","floor":7,"turns":4},{"damage":6,"enemies":"Large Slime","floor":11,"turns":5},{"damage":35,"enemies":"3 Sentries","floor":12,"turns":9},{"damage":36,"enemies":"The Guardian","floor":16,"turns":17},{"damage":10,"enemies":"Shell Parasite","floor":18,"turns":7},{"damage":1,"enemies":"Chosen","floor":22,"turns":6},{"damage":66,"enemies":"Gremlin Leader","floor":23,"turns":14},{"damage":40,"enemies":"Slavers","floor":25,"turns":7},{"damage":1,"enemies":"Snecko","floor":27,"turns":5},{"damage":40,"enemies":"Shelled Parasite and Fungi","floor":31,"turns":8},{"damage":31,"enemies":"Automaton","floor":33,"turns":14},{"damage":24,"enemies":"3 Shapes","floor":35,"turns":8},{"damage":6,"enemies":"Orb Walker","floor":38,"turns":3},{"damage":33,"enemies":"3 Darklings","floor":39,"turns":6},{"damage":17,"enemies":"Nemesis","floor":44,"turns":7},{"damage":3,"enemies":"Transient","floor":45,"turns":5},{"damage":3,"enemies":"Maw","floor":48,"turns":6},{"damage":81,"enemies":"Awakened One","floor":50,"turns":12}],"seed_played":"-2864139528154020141","potions_obtained":[{"floor":2,"key":"Swift Potion"},{"floor":3,"key":"SkillPotion"},{"floor":3,"key":"FearPotion"},{"floor":11,"key":"Swift Potion"},{"floor":23,"key":"LiquidBronze"},{"floor":27,"key":"Regen Potion"},{"floor":31,"key":"Fire Potion"},{"floor":33,"key":"GhostInAJar"},{"floor":35,"key":"Dexterity Potion"},{"floor":39,"key":"Regen Potion"},{"floor":48,"key":"PowerPotion"}],"is_trial":false,"path_per_floor":["M","M","?","$","$","E","M","R","T","R","M","E","$","?","R","B",null,"M","?","$","?","M","E","R","E","T","M","R","?","$","M","R","B",null,"M","$","?","M","M","R","$","R","T","E","M","$","T","M","R","B",null],"character_chosen":"THE_SILENT","items_purchased":["Wraith Form v2","Well Laid Plans","Bandage Up","Dash","Whetstone","Poisoned Stab","Backflip+1"],"campfire_rested":6,"item_purchase_floors":[13,20,20,36,36,46,46],"current_hp_per_floor":[70,70,70,70,70,70,67,67,67,67,61,26,26,26,62,26,70,60,60,60,60,63,4,40,4,4,11,47,41,41,24,60,33,70,54,54,54,52,19,55,55,55,55,42,43,43,43,40,70,8],"gold":34,"neow_bonus":"THREE_ENEMY_KILL","is_prod":false,"is_daily":false,"chose_seed":false,"campfire_upgraded":3,"win_rate":0,"timestamp":1554054401,"path_taken":["M","M","?","?","$","E","M","R","T","R","M","E","?","?","R","BOSS","M","?","$","?","M","E","R","E","T","M","R","?","$","M","R","BOSS","M","$","?","M","M","R","?","R","T","E","M","?","?","M","R","BOSS"],"build_version":"2019-01-23","purchased_purges":2,"victory":true,"max_hp_per_floor":[70,70,70,70,70,70,70,70,70,70,70,70,70,70,70,70,70,70,70,70,70,70,70,70,70,70,70,70,70,70,70,70,70,70,70,70,70,70,70,70,70,70,70,70,70,70,70,70,70,70],"card_choices":[{"not_picked":["Outmaneuver","Escape Plan"],"picked":"Quick Slash","floor":1},{"not_picked":["Quick Slash","Dodge and Roll"],"picked":"Leg Sweep","floor":2},{"not_picked":["Blade Dance","Bane"],"picked":"Predator","floor":6},{"not_picked":["Expertise","PiercingWail"],"picked":"Riddle With Holes","floor":7},{"not_picked":["Dodge and Roll","Dagger Throw"],"picked":"Dagger Spray","floor":11},{"not_picked":["Distraction","Infinite Blades"],"picked":"Poisoned Stab","floor":12},{"not_picked":["Night Terror","Venomology"],"picked":"Burst","floor":16},{"not_picked":[],"picked":"Footwork","floor":18},{"not_picked":["Tactician"],"picked":"SKIP","floor":22},{"not_picked":[],"picked":"Glass Knife","floor":23},{"not_picked":[],"picked":"Footwork","floor":25},{"not_picked":[],"picked":"Sucker Punch+1","floor":27},{"not_picked":["Cloak And Dagger"],"picked":"SKIP","floor":31},{"not_picked":[],"picked":"Envenom","floor":33},{"not_picked":[],"picked":"Terror+1","floor":35},{"not_picked":["Cloak And Dagger"],"picked":"SKIP","floor":38},{"not_picked":["Sucker Punch"],"picked":"SKIP","floor":39},{"not_picked":["Cloak And Dagger+1"],"picked":"SKIP","floor":44},{"not_picked":[],"picked":"Deadly Poison+1","floor":45},{"not_picked":["Masterful Stab+1"],"picked":"SKIP","floor":48}],"player_experience":347751,"relics_obtained":[{"floor":6,"key":"Bottled Lightning"},{"floor":9,"key":"Regal Pillow"},{"floor":12,"key":"Omamori"},{"floor":23,"key":"Tingsha"},{"floor":25,"key":"Snake Skull"},{"floor":26,"key":"Vajra"},{"floor":43,"key":"Toxic Egg 2"},{"floor":44,"key":"Pen Nib"},{"floor":47,"key":"The Specimen"}],"event_choices":[{"damage_healed":0,"gold_gain":0,"player_choice":"Got Potions","damage_taken":0,"max_hp_gain":0,"max_hp_loss":0,"event_name":"Lab","floor":3,"gold_loss":0},{"damage_healed":0,"gold_gain":30,"player_choice":"Searched \u00272\u0027 times","damage_taken":0,"relics_obtained":["Centennial Puzzle"],"max_hp_gain":0,"max_hp_loss":0,"event_name":"Dead Adventurer","floor":14,"gold_loss":0},{"damage_healed":0,"gold_gain":0,"player_choice":"Opened","damage_taken":0,"relics_obtained":["War Paint"],"max_hp_gain":0,"max_hp_loss":0,"event_name":"The Mausoleum","floor":19,"gold_loss":0},{"damage_healed":0,"gold_gain":0,"player_choice":"Ignored","damage_taken":0,"max_hp_gain":0,"max_hp_loss":0,"event_name":"Ghosts","floor":21,"gold_loss":0},{"damage_healed":0,"gold_gain":0,"player_choice":"Joined the Cult","damage_taken":6,"max_hp_gain":0,"max_hp_loss":0,"event_name":"Nest","floor":29,"gold_loss":0,"cards_obtained":["RitualDagger"]},{"damage_healed":0,"gold_gain":0,"player_choice":"Paid Gold","damage_taken":0,"relics_obtained":["Smiling Mask"],"max_hp_gain":0,"max_hp_loss":0,"event_name":"WeMeetAgain","floor":37,"gold_loss":50}],"is_beta":false,"boss_relics":[{"not_picked":["Eternal Feather","Runic Dome"],"picked":"Busted Crown"},{"not_picked":["Orrery","Philosopher\u0027s Stone"],"picked":"Velvet Choker"}],"items_purged_floors":[30,46],"is_endless":false,"potions_floor_spawned":[2,11,23,27,31,33,35,39,48],"ascension_level":3}