{"gold_per_floor":[112,125,137,155,166,166,198,198,198,163,180,209,109,143,143,222,222,239,239,16,16,49,78,78,89,158,173,184,210,210,243,243,314,364,375,391,90,103,113,131,151,151,151,179,179,191,191,219,219,219],"floor_reached":51,"playtime":2949,"items_purged":["Normality"],"score":1310,"play_id":"7882b1d8-abc1-4e85-9744-45f0f8f3f220","local_time":"20190705204154","is_ascension_mode":true,"campfire_choices":[{"floor":6,"key":"REST"},{"data":"Defragment","floor":8,"key":"SMITH"},{"data":"Zap","floor":15,"key":"SMITH"},{"floor":24,"key":"REST"},{"data":"Defragment","floor":30,"key":"SMITH"},{"floor":32,"key":"REST"},{"data":"Loop","floor":45,"key":"SMITH"},{"data":"Loop","floor":49,"key":"SMITH"}],"neow_cost":"PERCENT_DAMAGE","seed_source_timestamp":1063790136414814,"circlet_count":0,"master_deck":["AscendersBane","Strike_B","Strike_B","Strike_B","Strike_B+1","Defend_B","Defend_B","Defend_B","Defend_B","Zap+1","Dualcast","Melter","Defragment+1","Sunder","Sweeping Beam+1","Glacier","Coolheaded","Steam","Cold Snap","Chill","Ball Lightning","Self Repair","Core Surge","Coolheaded+1","Defragment+1","Loop+1","Conserve Battery","Echo Form","Loop+1"],"relics":["Cracked Core","Turnip","Whetstone","Pen Nib","Dream Catcher","Gremlin Horn","Cursed Key","Nilry\u0027s Codex","DataDisk","Red Mask","Pantograph","Cables","Mummified Hand","Pear","Tiny House","Centennial Puzzle","FaceOfCleric","Strawberry","Bottled Lightning","Spirit Poop","Bird Faced Urn"],"potions_floor_usage":[12,12,23,31,35,50,50],"damage_taken":[{"damage":0,"enemies":"Cultist","floor":1,"turns":3},{"damage":0,"enemies":"2 Louse","floor":2,"turns":2},{"damage":0,"enemies":"Small Slimes","floor":3,"turns":3},{"damage":11,"enemies":"Blue Slaver","floor":4,"turns":3},{"damage":0,"enemies":"3 Louse","floor":5,"turns":2},{"damage":15,"enemies":"Lagavulin","floor":7,"turns":9},{"damage":19,"enemies":"Exordium Wildlife","floor":11,"turns":3},{"damage":10,"enemies":"3 Sentries","floor":12,"turns":6},{"damage":1,"enemies":"Lagavulin","floor":14,"turns":7},{"damage":8,"enemies":"The Guardian","floor":16,"turns":13},{"damage":0,"enemies":"Spheric Guardian","floor":18,"turns":2},{"damage":12,"enemies":"Masked Bandits","floor":22,"turns":4},{"damage":11,"enemies":"Slavers","floor":23,"turns":6},{"damage":15,"enemies":"Chosen","floor":25,"turns":4},{"damage":0,"enemies":"Snecko","floor":27,"turns":8},{"damage":19,"enemies":"Snake Plant","floor":28,"turns":3},{"damage":0,"enemies":"Gremlin Leader","floor":29,"turns":7},{"damage":40,"enemies":"Book of Stabbing","floor":31,"turns":4},{"damage":4,"enemies":"Collector","floor":33,"turns":8},{"damage":25,"enemies":"3 Shapes","floor":35,"turns":5},{"damage":0,"enemies":"Orb Walker","floor":36,"turns":3},{"damage":21,"enemies":"3 Darklings","floor":38,"turns":5},{"damage":4,"enemies":"Writhing Mass","floor":39,"turns":7},{"damage":3,"enemies":"Sphere and 2 Shapes","floor":40,"turns":4},{"damage":7,"enemies":"4 Shapes","floor":41,"turns":5},{"damage":7,"enemies":"Nemesis","floor":44,"turns":9},{"damage":6,"enemies":"Transient","floor":46,"turns":5},{"damage":17,"enemies":"Giant Head","floor":48,"turns":9},{"damage":55,"enemies":"Time Eater","floor":50,"turns":12}],"seed_played":"-6249807675735153995","potions_obtained":[{"floor":1,"key":"LiquidBronze"},{"floor":7,"key":"EssenceOfSteel"},{"floor":11,"key":"AttackPotion"},{"floor":12,"key":"Block Potion"},{"floor":14,"key":"Fire Potion"},{"floor":25,"key":"LiquidBronze"},{"floor":28,"key":"Fire Potion"},{"floor":31,"key":"Strength Potion"},{"floor":34,"key":"Ancient Potion"},{"floor":35,"key":"SmokeBomb"},{"floor":38,"key":"PowerPotion"},{"floor":41,"key":"FocusPotion"}],"is_trial":false,"path_per_floor":["M","M","M","M","M","R","E","R","T","?","M","E","$","E","R","B",null,"M","?","$","?","?","E","R","M","T","M","M","E","R","E","R","B",null,"M","M","$","M","M","M","M","?","T","E","R","M","?","E","R","B",null],"character_chosen":"DEFECT","items_purchased":["Chill","Ball Lightning","DataDisk","Defragment","FocusPotion","Centennial Puzzle"],"campfire_rested":3,"item_purchase_floors":[13,13,20,20,37,37],"current_hp_per_floor":[50,50,50,39,39,61,46,46,46,64,45,35,35,34,34,33,65,72,56,56,56,51,47,69,61,61,68,56,63,63,40,65,85,90,72,72,72,58,68,79,86,86,93,94,94,99,99,97,97,63],"gold":219,"neow_bonus":"ONE_RARE_RELIC","is_prod":false,"is_daily":false,"chose_seed":false,"campfire_upgraded":5,"win_rate":0,"timestamp":1562373714,"path_taken":["M","M","?","M","?","R","E","R","T","?","M","E","$","E","R","BOSS","M","?","$","?","?","E","R","M","T","?","M","E","R","E","R","BOSS","M","M","$","M","M","M","M","?","T","E","R","?","?","E","R","BOSS"],"build_version":"2019-07-05","purchased_purges":1,"victory":true,"max_hp_per_floor":[75,75,75,75,75,75,75,75,75,75,75,75,75,75,75,75,75,75,75,75,75,75,75,75,75,75,75,75,75,75,85,85,85,90,90,90,90,90,90,90,90,90,97,98,98,99,99,100,100,101],"card_choices":[{"not_picked":["Hologram","Coolheaded"],"picked":"Melter","floor":1},{"not_picked":["Conserve Battery","Beam Cell"],"picked":"Defragment","floor":2},{"not_picked":["Conserve Battery","Gash"],"picked":"Sunder","floor":3},{"not_picked":["Darkness","Reinforced Body"],"picked":"Sweeping Beam","floor":4},{"not_picked":["Steam","Streamline"],"picked":"Glacier","floor":5},{"not_picked":["Redo","Thunder Strike"],"picked":"Coolheaded","floor":7},{"not_picked":["Steam Power","Redo"],"picked":"Steam","floor":11},{"not_picked":["Hologram","Coolheaded"],"picked":"Cold Snap","floor":12},{"not_picked":["Conserve Battery","Sweeping Beam"],"picked":"Self Repair","floor":14},{"not_picked":["All For One","Machine Learning"],"picked":"Core Surge","floor":16},{"not_picked":["Rebound+1","Stack"],"picked":"Coolheaded","floor":18},{"not_picked":["Streamline","White Noise","Consume+1"],"picked":"SKIP","floor":23},{"not_picked":["Scrape","Gash"],"picked":"Loop","floor":25},{"not_picked":["Streamline+1","Stack","Cold Snap"],"picked":"SKIP","floor":27},{"not_picked":["Barrage","Lockon","Rebound"],"picked":"SKIP","floor":28},{"not_picked":["Undo","Capacitor","Beam Cell"],"picked":"SKIP","floor":29},{"not_picked":["Cold Snap","Static Discharge"],"picked":"Conserve Battery","floor":31},{"not_picked":["Reboot","Buffer"],"picked":"Echo Form","floor":33},{"not_picked":["Streamline","Lockon+1","Reprogram"],"picked":"SKIP","floor":35},{"not_picked":["Force Field","Coolheaded"],"picked":"Loop","floor":36},{"not_picked":["Beam Cell","Double Energy+1","Turbo"],"picked":"SKIP","floor":38},{"not_picked":["Genetic Algorithm","Fusion","Stack"],"picked":"SKIP","floor":39},{"not_picked":["Sweeping Beam","Amplify","Aggregate+1"],"picked":"SKIP","floor":40},{"not_picked":["Rebound","Double Energy","Recycle+1"],"picked":"SKIP","floor":41},{"not_picked":["Rip and Tear","Leap","Capacitor"],"picked":"SKIP","floor":44},{"not_picked":["Fusion","Coolheaded","Compile Driver"],"picked":"SKIP","floor":46},{"not_picked":["Thunder Strike","Genetic Algorithm","All For One"],"picked":"SKIP","floor":48}],"player_experience":454613,"relics_obtained":[{"floor":7,"key":"Whetstone"},{"floor":9,"key":"Pen Nib"},{"floor":12,"key":"Dream Catcher"},{"floor":14,"key":"Gremlin Horn"},{"floor":19,"key":"Nilry\u0027s Codex"},{"floor":22,"key":"Red Mask"},{"floor":23,"key":"Pantograph"},{"floor":26,"key":"Cables"},{"floor":29,"key":"Mummified Hand"},{"floor":31,"key":"Pear"},{"floor":43,"key":"Strawberry"},{"floor":44,"key":"Bottled Lightning"},{"floor":48,"key":"Bird Faced Urn"}],"event_choices":[{"damage_healed":18,"gold_gain":0,"player_choice":"Healed","damage_taken":0,"max_hp_gain":0,"max_hp_loss":0,"event_name":"The Cleric","floor":10,"gold_loss":35},{"damage_healed":0,"gold_gain":0,"player_choice":"Obtained Book","damage_taken":16,"max_hp_gain":0,"max_hp_loss":0,"event_name":"Cursed Tome","floor":19,"gold_loss":0},{"damage_healed":0,"gold_gain":0,"player_choice":"Fought Bandits","damage_taken":0,"max_hp_gain":0,"max_hp_loss":0,"event_name":"Masked Bandits","floor":22,"gold_loss":0},{"damage_healed":0,"gold_gain":0,"player_choice":"Trade","damage_taken":0,"relics_obtained":["FaceOfCleric"],"max_hp_gain":0,"max_hp_loss":0,"event_name":"FaceTrader","floor":42,"gold_loss":0},{"cards_removed":["Injury"],"damage_healed":0,"gold_gain":0,"player_choice":"Offered Curse","damage_taken":0,"relics_obtained":["Spirit Poop"],"max_hp_gain":0,"max_hp_loss":0,"event_name":"Bonfire Elementals","floor":47,"gold_loss":0}],"is_beta":false,"boss_relics":[{"not_picked":["Orrery","Runic Dome"],"picked":"Cursed Key"},{"not_picked":["White Beast Statue","Astrolabe"],"picked":"Tiny House"}],"items_purged_floors":[37],"is_endless":false,"potions_floor_spawned":[1,7,11,12,14,25,28,31,35,38,41,48],"ascension_level":13}