{"gold_per_floor":[116,133,148,148,34,34,68,68,368,368,387,387,387,402,402,479,479,497,497,514,97,197,197],"floor_reached":23,"playtime":1068,"items_purged":[],"score":503,"play_id":"9dd5bf07-56e1-41aa-8af2-9d05f779854c","local_time":"20190127172144","is_ascension_mode":true,"campfire_choices":[{"data":"Footwork","floor":6,"key":"SMITH"},{"data":"Footwork","floor":8,"key":"SMITH"},{"data":"Neutralize","floor":10,"key":"SMITH"},{"data":"Cloak And Dagger","floor":12,"key":"SMITH"},{"data":"Poisoned Stab","floor":15,"key":"SMITH"}],"neow_cost":"NONE","seed_source_timestamp":305372252031500,"circlet_count":0,"master_deck":["AscendersBane","Defend_G","Defend_G","Defend_G","Defend_G","Defend_G","Survivor","Neutralize+1","Poisoned Stab","Slice","Flying Knee","Footwork+1","Cloak And Dagger+1","Footwork+1","Poisoned Stab+1","Die Die Die","Bullet Time","Escape Plan","Bite","Bite","Bite","Bite","Bite","Quick Slash","Dash","Backflip"],"relics":["Coffee Dripper","WingedGreaves","Old Coin","Paper Crane","Cursed Key","Torii","Gambling Chip","Bottled Tornado"],"potions_floor_usage":[7,22,22],"damage_taken":[{"damage":3,"enemies":"Cultist","floor":1,"turns":4},{"damage":0,"enemies":"Jaw Worm","floor":2,"turns":5},{"damage":1,"enemies":"Small Slimes","floor":3,"turns":3},{"damage":30,"enemies":"Gremlin Nob","floor":7,"turns":5},{"damage":1,"enemies":"Blue Slaver","floor":11,"turns":4},{"damage":0,"enemies":"3 Louse","floor":14,"turns":4},{"damage":0,"enemies":"The Guardian","floor":16,"turns":12},{"damage":9,"enemies":"Spheric Guardian","floor":18,"turns":7},{"damage":7,"enemies":"3 Byrds","floor":20,"turns":7},{"damage":1,"enemies":"Colosseum Slavers","floor":22,"turns":5},{"damage":24,"enemies":"Colosseum Nobs","floor":22,"turns":5},{"damage":46,"enemies":"Book of Stabbing","floor":23,"turns":6}],"seed_played":"6684951063131906983","potions_obtained":[{"floor":1,"key":"SkillPotion"},{"floor":14,"key":"Ancient Potion"},{"floor":20,"key":"Strength Potion"}],"is_trial":false,"path_per_floor":["M","M","M","?","$","R","E","R","T","R","M","R","?","M","R","B",null,"M","?","M","$","?","E"],"character_chosen":"THE_SILENT","items_purchased":["Footwork","Cloak And Dagger","Torii","Dash"],"campfire_rested":0,"item_purchase_floors":[5,5,21,21],"current_hp_per_floor":[56,56,55,55,55,55,25,25,25,25,24,24,19,19,19,19,54,45,45,46,46,26,0],"gold":197,"neow_bonus":"BOSS_RELIC","is_prod":false,"is_daily":false,"chose_seed":false,"campfire_upgraded":5,"win_rate":0,"timestamp":1548609704,"path_taken":["M","?","M","?","$","R","E","R","T","R","?","R","?","M","R","BOSS","M","?","M","$","?","E"],"build_version":"2019-01-23","purchased_purges":0,"victory":false,"max_hp_per_floor":[66,66,66,66,66,66,66,66,66,66,66,66,66,66,66,66,66,66,46,46,46,46,46],"card_choices":[{"not_picked":["Blur","Sucker Punch"],"picked":"Poisoned Stab","floor":1},{"not_picked":["Expertise","Bane"],"picked":"Slice","floor":2},{"not_picked":["Bane","PiercingWail"],"picked":"Flying Knee","floor":3},{"not_picked":["Deflect","Flying Knee"],"picked":"Footwork","floor":7},{"not_picked":["Masterful Stab","Underhanded Strike"],"picked":"Poisoned Stab","floor":11},{"not_picked":["Flying Knee","Prepared"],"picked":"Die Die Die","floor":14},{"not_picked":["Venomology","A Thousand Cuts"],"picked":"Bullet Time","floor":16},{"not_picked":["Flying Knee","Bane"],"picked":"Escape Plan","floor":18},{"not_picked":["Catalyst+1","All Out Attack+1"],"picked":"Quick Slash","floor":20},{"not_picked":["Deflect","PiercingWail"],"picked":"Backflip","floor":22}],"player_experience":1229011,"relics_obtained":[{"floor":7,"key":"WingedGreaves"},{"floor":9,"key":"Old Coin"},{"floor":22,"key":"Gambling Chip"},{"floor":22,"key":"Bottled Tornado"}],"event_choices":[{"cards_removed":["Strike_G"],"damage_healed":0,"gold_gain":0,"player_choice":"Offered Basic","damage_taken":0,"max_hp_gain":0,"max_hp_loss":0,"event_name":"Bonfire Elementals","floor":4,"gold_loss":0},{"damage_healed":0,"gold_gain":0,"player_choice":"Success","damage_taken":5,"relics_obtained":["Paper Crane"],"max_hp_gain":0,"max_hp_loss":0,"event_name":"Scrap Ooze","floor":13,"gold_loss":0},{"damage_healed":0,"gold_gain":0,"player_choice":"Became a vampire","damage_taken":0,"max_hp_gain":0,"max_hp_loss":20,"event_name":"Vampires","floor":19,"gold_loss":0,"cards_obtained":["Bite","Bite","Bite","Bite","Bite"]},{"damage_healed":0,"gold_gain":0,"player_choice":"Fight","damage_taken":0,"max_hp_gain":0,"max_hp_loss":0,"event_name":"Colosseum","floor":22,"gold_loss":0},{"damage_healed":0,"gold_gain":0,"player_choice":"Fought Nobs","damage_taken":0,"max_hp_gain":0,"max_hp_loss":0,"event_name":"Colosseum","floor":22,"gold_loss":0}],"is_beta":false,"boss_relics":[{"not_picked":["Philosopher\u0027s Stone","Eternal Feather"],"picked":"Cursed Key"}],"items_purged_floors":[],"is_endless":false,"potions_floor_spawned":[1,14,20],"killed_by":"Book of Stabbing","ascension_level":20}