{"gold_per_floor":[112,129,143,158,158,158,201,201,201,539,100,100,100,100,100,230,230,253,52,32,53,74,109,109,124,124,142,165,186,186,206,206,325,325,350,350,266,285,308,348,371,371,371,405,430,763,778,778,778,778],"floor_reached":50,"playtime":5551,"items_purged":[],"score":613,"play_id":"4bcc3dd6-c0b0-4dce-987b-c4e289c5b9fb","local_time":"20190604180413","is_ascension_mode":true,"campfire_choices":[{"data":"Die Die Die","floor":6,"key":"SMITH"},{"floor":8,"key":"REST"},{"data":"Envenom","floor":12,"key":"SMITH"},{"data":"Neutralize","floor":15,"key":"SMITH"},{"data":"Accuracy","floor":24,"key":"SMITH"},{"floor":32,"key":"REST"},{"floor":42,"key":"REST"},{"floor":49,"key":"REST"}],"neow_cost":"PERCENT_DAMAGE","seed_source_timestamp":1771760643697,"circlet_count":0,"master_deck":["Defend_G","Defend_G","Defend_G","Defend_G","Defend_G","Strike_G","Strike_G","Strike_G","Strike_G","Survivor","Neutralize+1","Blade Dance","Slice","Cloak And Dagger","Die Die Die+1","Envenom+1","PiercingWail","Panache","Underhanded Strike","Concentrate+1","Doppelganger","Quick Slash+1","Escape Plan+1","Accuracy+1","Footwork+1","Outmaneuver","Accuracy","Distraction+1","Blade Dance+1","Prepared","Storm of Steel","Outmaneuver+1","Blade Dance+1","Flash of Steel","Reflex","Backflip","Cloak And Dagger+1","Footwork+1","Dagger Throw+1","Well Laid Plans+1","Outmaneuver","Calculated Gamble","Cloak And Dagger"],"relics":["Ring of the Snake","Gambling Chip","Omamori","Matryoshka","Old Coin","Vajra","WristBlade","Membership Card","Thread and Needle","Regal Pillow","Strawberry","MutagenicStrength","White Beast Statue","Incense Burner","War Paint","Blood Vial","Frozen Egg 2"],"potions_floor_usage":[7,7,16,22,23,23,25,27,31,39,39,40,40,41,47,50,50],"damage_taken":[{"damage":1,"enemies":"2 Louse","floor":1,"turns":3},{"damage":0,"enemies":"Jaw Worm","floor":2,"turns":4},{"damage":1,"enemies":"Cultist","floor":3,"turns":3},{"damage":2,"enemies":"Blue Slaver","floor":4,"turns":4},{"damage":27,"enemies":"Lagavulin","floor":7,"turns":8},{"damage":18,"enemies":"3 Sentries","floor":10,"turns":6},{"damage":40,"enemies":"The Guardian","floor":16,"turns":9},{"damage":0,"enemies":"Chosen","floor":18,"turns":4},{"damage":5,"enemies":"3 Byrds","floor":21,"turns":4},{"damage":0,"enemies":"Sentry and Sphere","floor":22,"turns":2},{"damage":2,"enemies":"Book of Stabbing","floor":23,"turns":5},{"damage":24,"enemies":"3 Cultists","floor":25,"turns":6},{"damage":0,"enemies":"Snecko","floor":27,"turns":5},{"damage":10,"enemies":"Cultist and Chosen","floor":28,"turns":6},{"damage":15,"enemies":"Sentry and Sphere","floor":29,"turns":4},{"damage":3,"enemies":"Chosen and Byrds","floor":31,"turns":3},{"damage":32,"enemies":"Champ","floor":33,"turns":12},{"damage":14,"enemies":"3 Shapes","floor":35,"turns":5},{"damage":0,"enemies":"Orb Walker","floor":38,"turns":3},{"damage":13,"enemies":"Jaw Worm Horde","floor":39,"turns":3},{"damage":35,"enemies":"Reptomancer","floor":40,"turns":10},{"damage":0,"enemies":"4 Shapes","floor":41,"turns":7},{"damage":13,"enemies":"Nemesis","floor":44,"turns":7},{"damage":0,"enemies":"Maw","floor":45,"turns":6},{"damage":0,"enemies":"Transient","floor":47,"turns":5},{"damage":72,"enemies":"Awakened One","floor":50,"turns":5}],"seed_played":"-2953444645021198387","potions_obtained":[{"floor":2,"key":"LiquidBronze"},{"floor":4,"key":"Regen Potion"},{"floor":10,"key":"AttackPotion"},{"floor":16,"key":"SteroidPotion"},{"floor":18,"key":"Explosive Potion"},{"floor":20,"key":"GhostInAJar"},{"floor":22,"key":"Explosive Potion"},{"floor":23,"key":"Energy Potion"},{"floor":25,"key":"Block Potion"},{"floor":33,"key":"LiquidBronze"},{"floor":35,"key":"LiquidBronze"},{"floor":38,"key":"SkillPotion"},{"floor":39,"key":"Fire Potion"},{"floor":40,"key":"Weak Potion"},{"floor":41,"key":"SmokeBomb"},{"floor":44,"key":"Energy Potion"},{"floor":45,"key":"SteroidPotion"},{"floor":47,"key":"EssenceOfSteel"}],"is_trial":false,"path_per_floor":["M","M","M","M","?","R","E","R","T","E","$","R","$","?","R","B",null,"M","$","?","M","M","E","R","M","T","M","M","M","?","M","R","B",null,"M","?","$","M","M","E","M","R","T","E","M","?","M","?","R","B"],"character_chosen":"THE_SILENT","items_purchased":["Vajra","Panache","Underhanded Strike","Concentrate","Membership Card","Flash of Steel","Reflex","Backflip"],"campfire_rested":4,"item_purchase_floors":[11,11,11,11,19,37,37,37],"current_hp_per_floor":[48,48,47,45,45,45,33,52,52,34,34,34,34,50,50,10,65,65,65,65,60,60,58,58,34,41,41,31,16,16,13,49,17,72,58,58,58,58,45,10,10,46,46,35,37,37,39,39,72,0],"gold":778,"neow_bonus":"ONE_RARE_RELIC","is_prod":false,"is_daily":false,"chose_seed":false,"campfire_upgraded":4,"win_rate":0,"timestamp":1559696653,"path_taken":["M","M","M","M","?","R","E","R","T","E","$","R","$","?","R","BOSS","M","$","?","M","?","E","R","M","T","M","M","M","?","M","R","BOSS","M","?","$","M","?","E","M","R","T","E","M","?","M","?","R","BOSS"],"build_version":"2019-01-23","purchased_purges":0,"victory":false,"max_hp_per_floor":[70,70,70,70,65,65,65,65,65,65,65,65,65,65,65,65,65,65,65,65,65,65,65,65,65,72,72,72,72,72,72,72,72,72,72,72,72,72,72,72,72,72,72,72,72,72,72,72,72,72],"card_choices":[{"not_picked":["Quick Slash","Dodge and Roll"],"picked":"Blade Dance","floor":1},{"not_picked":["Dodge and Roll","Sucker Punch"],"picked":"Slice","floor":2},{"not_picked":["Dodge and Roll","Deflect"],"picked":"Cloak And Dagger","floor":3},{"not_picked":["Deflect","Distraction"],"picked":"Die Die Die","floor":4},{"not_picked":["Riddle With Holes","Dagger Spray"],"picked":"Envenom","floor":7},{"not_picked":["Dodge and Roll","Blade Dance"],"picked":"PiercingWail","floor":10},{"not_picked":["Envenom","Storm of Steel"],"picked":"Doppelganger","floor":16},{"not_picked":["Deadly Poison","Dagger Spray"],"picked":"Quick Slash+1","floor":18},{"not_picked":["Deadly Poison","Poisoned Stab"],"picked":"Escape Plan+1","floor":21},{"not_picked":["Riddle With Holes","Deflect"],"picked":"Accuracy","floor":22},{"not_picked":["Distraction","Predator"],"picked":"Footwork+1","floor":23},{"not_picked":["Setup","Underhanded Strike+1"],"picked":"Outmaneuver","floor":25},{"not_picked":["Tactician","Backstab"],"picked":"Accuracy","floor":27},{"not_picked":["PiercingWail","Dodge and Roll"],"picked":"Distraction","floor":28},{"not_picked":["Deadly Poison","Flechettes+1"],"picked":"Blade Dance+1","floor":29},{"not_picked":["Escape Plan","Blade Dance"],"picked":"Prepared","floor":31},{"not_picked":["Grand Finale","Glass Knife"],"picked":"Storm of Steel","floor":33},{"not_picked":["Deflect","Finisher"],"picked":"Outmaneuver+1","floor":35},{"not_picked":["Slice","Blade Dance"],"picked":"Cloak And Dagger+1","floor":38},{"not_picked":["Dodge and Roll","All Out Attack+1"],"picked":"Footwork+1","floor":39},{"not_picked":["Outmaneuver+1","Night Terror"],"picked":"Dagger Throw+1","floor":40},{"not_picked":["Prepared+1","Backstab+1"],"picked":"Well Laid Plans+1","floor":41},{"not_picked":["Sucker Punch","Dagger Spray"],"picked":"Outmaneuver","floor":44},{"not_picked":["Underhanded Strike+1","Prepared"],"picked":"Calculated Gamble","floor":45},{"not_picked":["Bane","Dagger Spray"],"picked":"Cloak And Dagger","floor":47}],"player_experience":164938,"relics_obtained":[{"floor":7,"key":"Omamori"},{"floor":9,"key":"Matryoshka"},{"floor":10,"key":"Old Coin"},{"floor":23,"key":"Thread and Needle"},{"floor":26,"key":"Regal Pillow"},{"floor":26,"key":"Strawberry"},{"floor":40,"key":"Incense Burner"},{"floor":43,"key":"War Paint"},{"floor":43,"key":"Blood Vial"},{"floor":44,"key":"Frozen Egg 2"}],"event_choices":[{"damage_healed":0,"gold_gain":0,"player_choice":"Lose Max HP","damage_taken":0,"relics_obtained":["Golden Idol"],"max_hp_gain":0,"max_hp_loss":5,"event_name":"Golden Idol","floor":5,"gold_loss":0},{"damage_healed":16,"gold_gain":0,"player_choice":"Healed and dodged fight","damage_taken":0,"max_hp_gain":0,"max_hp_loss":0,"event_name":"Mushrooms","floor":14,"gold_loss":0,"cards_obtained":["Parasite"]},{"damage_healed":0,"gold_gain":0,"player_choice":"Bought 1 Potion","damage_taken":0,"max_hp_gain":0,"max_hp_loss":0,"event_name":"The Woman in Blue","floor":20,"gold_loss":0},{"damage_healed":0,"gold_gain":0,"player_choice":"Inject Mutagens","damage_taken":0,"relics_obtained":["MutagenicStrength"],"max_hp_gain":0,"max_hp_loss":0,"event_name":"Drug Dealer","floor":30,"gold_loss":0},{"damage_healed":0,"gold_gain":0,"player_choice":"Copied","damage_taken":0,"max_hp_gain":0,"max_hp_loss":0,"event_name":"Duplicator","floor":36,"gold_loss":0,"cards_obtained":["Blade Dance"]},{"damage_healed":0,"gold_gain":333,"player_choice":"Gave Idol","damage_taken":0,"max_hp_gain":0,"max_hp_loss":0,"event_name":"The Moai Head","floor":46,"relics_lost":["Golden Idol"],"gold_loss":0},{"cards_removed":["Strike_G"],"damage_healed":0,"gold_gain":0,"player_choice":"Removed Attack","damage_taken":0,"max_hp_gain":0,"max_hp_loss":0,"event_name":"Falling","floor":48,"gold_loss":0}],"is_beta":false,"boss_relics":[{"not_picked":["Velvet Choker","Philosopher\u0027s Stone"],"picked":"WristBlade"},{"not_picked":["Cursed Key","Coffee Dripper"],"picked":"White Beast Statue"}],"items_purged_floors":[],"is_endless":false,"potions_floor_spawned":[2,4,10,16,18,22,23,25,33,35,38,39,40,41,44,45,47],"killed_by":"Awakened One","ascension_level":1}