{"gold_per_floor":[142,142,153,171,189,189,224,242,242,242,260,270,289,306,306,410,410,427,427,352,752,450,478,478,504,527,527,540,586,597,678,678,781,781,793,325,370,370,370,402,416,416,485,485,501,519,535,535,535,535],"floor_reached":51,"playtime":4066,"items_purged":["Strike_R","Strike_R","Strike_R"],"score":779,"play_id":"0cd21009-d5b2-4f36-aa1c-a25600eaaf4e","local_time":"20190701115018","is_ascension_mode":true,"campfire_choices":[{"data":"Whirlwind","floor":6,"key":"SMITH"},{"data":"Body Slam","floor":10,"key":"SMITH"},{"data":"Demon Form","floor":15,"key":"SMITH"},{"data":"1","floor":24,"key":"LIFT"},{"data":"2","floor":27,"key":"LIFT"},{"data":"Battle Trance","floor":32,"key":"SMITH"},{"data":"3","floor":42,"key":"LIFT"},{"data":"Heavy Blade","floor":44,"key":"SMITH"},{"data":"Madness","floor":49,"key":"SMITH"}],"neow_cost":"NONE","seed_source_timestamp":227747215121544,"circlet_count":0,"master_deck":["Strike_R","Strike_R","Defend_R","Defend_R","Defend_R","Defend_R","Bash","Flame Barrier","Whirlwind+1","Body Slam+1","Demon Form+1","Shrug It Off","Heavy Blade+1","Impervious","Disarm","Offering","Shrug It Off","Battle Trance","Battle Trance+1","Demon Form","Madness","Madness+1","Doubt"],"relics":["Burning Blood","Tiny Chest","Dream Catcher","Girya","Pear","Velvet Choker","Letter Opener","Old Coin","Lee\u0027s Waffle","Ornamental Fan","Meat on the Bone","Anchor","Red Skull","Bottled Tornado","Busted Crown","Chemical X","PreservedInsect","Gambling Chip","Smiling Mask","Kunai"],"potions_floor_usage":[21,45],"damage_taken":[{"damage":0,"enemies":"Jaw Worm","floor":1,"turns":5},{"damage":10,"enemies":"Cultist","floor":3,"turns":4},{"damage":0,"enemies":"2 Louse","floor":4,"turns":3},{"damage":1,"enemies":"2 Fungi Beasts","floor":5,"turns":5},{"damage":18,"enemies":"Gremlin Nob","floor":7,"turns":4},{"damage":0,"enemies":"Exordium Wildlife","floor":8,"turns":3},{"damage":9,"enemies":"Blue Slaver","floor":11,"turns":4},{"damage":5,"enemies":"Looter","floor":12,"turns":3},{"damage":12,"enemies":"Large Slime","floor":13,"turns":9},{"damage":0,"enemies":"3 Louse","floor":14,"turns":2},{"damage":19,"enemies":"The Guardian","floor":16,"turns":12},{"damage":6,"enemies":"3 Byrds","floor":18,"turns":3},{"damage":19,"enemies":"Colosseum Slavers","floor":21,"turns":4},{"damage":40,"enemies":"Colosseum Nobs","floor":21,"turns":6},{"damage":16,"enemies":"Slavers","floor":23,"turns":4},{"damage":9,"enemies":"Gremlin Leader","floor":25,"turns":5},{"damage":6,"enemies":"Chosen","floor":28,"turns":2},{"damage":9,"enemies":"Snake Plant","floor":30,"turns":5},{"damage":64,"enemies":"Automaton","floor":33,"turns":7},{"damage":5,"enemies":"3 Shapes","floor":35,"turns":1},{"damage":6,"enemies":"2 Orb Walkers","floor":37,"turns":3},{"damage":9,"enemies":"Nemesis","floor":40,"turns":5},{"damage":6,"enemies":"Orb Walker","floor":41,"turns":2},{"damage":14,"enemies":"Sphere and 2 Shapes","floor":45,"turns":4},{"damage":57,"enemies":"Writhing Mass","floor":46,"turns":4},{"damage":12,"enemies":"Spire Growth","floor":47,"turns":3},{"damage":59,"enemies":"Awakened One","floor":50,"turns":8}],"seed_played":"-7665612417892874079","potions_obtained":[{"floor":3,"key":"Regen Potion"},{"floor":4,"key":"Energy Potion"},{"floor":8,"key":"Fire Potion"},{"floor":14,"key":"Ancient Potion"},{"floor":25,"key":"Fire Potion"},{"floor":45,"key":"Swift Potion"}],"is_trial":false,"path_per_floor":["M","?","M","M","M","R","E","M","T","R","M","M","M","M","R","B",null,"M","?","$","?","$","E","R","E","T","R","M","T","M","T","R","B",null,"M","$","?","?","?","E","M","R","T","R","M","M","M","?","R","B",null],"character_chosen":"IRONCLAD","items_purchased":["Lee\u0027s Waffle","Chemical X","PreservedInsect"],"campfire_rested":0,"item_purchase_floors":[22,36,36],"current_hp_per_floor":[80,80,76,80,80,80,68,74,84,84,81,82,76,82,82,69,90,90,90,90,43,97,87,87,84,84,84,84,84,81,81,81,35,97,97,97,97,97,85,82,82,82,82,82,74,35,41,97,97,56],"gold":535,"neow_bonus":"RANDOM_COMMON_RELIC","is_prod":false,"is_daily":false,"chose_seed":false,"campfire_upgraded":6,"win_rate":0,"timestamp":1561953018,"path_taken":["M","?","?","M","M","R","E","M","T","R","M","M","M","M","R","BOSS","M","?","$","?","?","E","R","E","T","R","?","?","M","?","R","BOSS","M","$","?","?","?","E","M","R","T","R","M","M","M","?","R","BOSS"],"build_version":"2019-01-23","purchased_purges":3,"victory":true,"max_hp_per_floor":[80,80,80,80,80,80,80,80,90,90,90,90,90,90,90,90,90,90,90,90,90,97,97,97,97,97,97,97,97,97,97,97,97,97,97,97,97,97,97,97,97,97,97,97,97,97,97,97,97,97],"card_choices":[{"not_picked":["Armaments","Headbutt"],"picked":"Cleave","floor":1},{"not_picked":["Burning Pact","Thunderclap"],"picked":"Flame Barrier","floor":3},{"not_picked":["Sword Boomerang","Armaments"],"picked":"Whirlwind","floor":4},{"not_picked":["Fire Breathing","Thunderclap"],"picked":"Body Slam","floor":5},{"not_picked":["Clothesline","Intimidate"],"picked":"Demon Form","floor":7},{"not_picked":["Cleave","Clash"],"picked":"Shrug It Off","floor":8},{"not_picked":["Second Wind","Rampage"],"picked":"Heavy Blade","floor":11},{"not_picked":["Shrug It Off","Carnage"],"picked":"Impervious","floor":12},{"not_picked":["Sword Boomerang","Power Through","Feel No Pain"],"picked":"SKIP","floor":13},{"not_picked":["Perfected Strike","Twin Strike"],"picked":"Disarm","floor":14},{"not_picked":["Reaper","Dark Embrace"],"picked":"Offering","floor":16},{"not_picked":["Pommel Strike+1","Wild Strike","Clothesline+1"],"picked":"SKIP","floor":18},{"not_picked":["Headbutt","Pummel","Wild Strike"],"picked":"SKIP","floor":23},{"not_picked":["Heavy Blade","Dark Embrace","Warcry"],"picked":"SKIP","floor":25},{"not_picked":["Intimidate","Anger+1"],"picked":"Battle Trance","floor":28},{"not_picked":["Inflame","Perfected Strike"],"picked":"Battle Trance","floor":30},{"not_picked":["Limit Break","Feed"],"picked":"Demon Form","floor":33},{"not_picked":["Anger+1"],"picked":"SKIP","floor":35},{"not_picked":["Dropkick+1"],"picked":"SKIP","floor":40},{"not_picked":["Cleave+1"],"picked":"SKIP","floor":41},{"not_picked":["Inflame+1"],"picked":"SKIP","floor":45},{"not_picked":["Thunderclap"],"picked":"SKIP","floor":46},{"not_picked":["Thunderclap+1"],"picked":"SKIP","floor":47}],"player_experience":83733,"relics_obtained":[{"floor":7,"key":"Girya"},{"floor":9,"key":"Pear"},{"floor":21,"key":"Letter Opener"},{"floor":21,"key":"Old Coin"},{"floor":23,"key":"Ornamental Fan"},{"floor":25,"key":"Meat on the Bone"},{"floor":26,"key":"Anchor"},{"floor":29,"key":"Red Skull"},{"floor":31,"key":"Bottled Tornado"},{"floor":37,"key":"Gambling Chip"},{"floor":40,"key":"Smiling Mask"},{"floor":43,"key":"Kunai"}],"event_choices":[{"cards_removed":["Cleave"],"damage_healed":0,"gold_gain":0,"player_choice":"Gave Card","damage_taken":0,"relics_obtained":["Dream Catcher"],"max_hp_gain":0,"max_hp_loss":0,"event_name":"WeMeetAgain","floor":2,"gold_loss":0},{"damage_healed":0,"gold_gain":0,"player_choice":"Read","damage_taken":0,"max_hp_gain":0,"max_hp_loss":0,"event_name":"The Library","floor":19,"gold_loss":0,"cards_obtained":["Shrug It Off"]},{"damage_healed":0,"gold_gain":0,"player_choice":"Fight","damage_taken":0,"max_hp_gain":0,"max_hp_loss":0,"event_name":"Colosseum","floor":21,"gold_loss":0},{"damage_healed":0,"gold_gain":0,"player_choice":"Fought Nobs","damage_taken":0,"max_hp_gain":0,"max_hp_loss":0,"event_name":"Colosseum","floor":21,"gold_loss":0},{"damage_healed":0,"gold_gain":0,"player_choice":"Fight","damage_taken":0,"max_hp_gain":0,"max_hp_loss":0,"event_name":"Mysterious Sphere","floor":37,"gold_loss":0},{"damage_healed":0,"gold_gain":0,"player_choice":"Ignored","damage_taken":0,"max_hp_gain":0,"max_hp_loss":0,"event_name":"Tomb of Lord Red Mask","floor":38,"gold_loss":0},{"damage_healed":0,"gold_gain":0,"player_choice":"Embrace Madness","damage_taken":12,"max_hp_gain":0,"max_hp_loss":0,"event_name":"Winding Halls","floor":39,"gold_loss":0,"cards_obtained":["Madness","Madness"]},{"damage_healed":56,"gold_gain":0,"player_choice":"Heal","damage_taken":0,"max_hp_gain":0,"max_hp_loss":0,"event_name":"MindBloom","floor":48,"gold_loss":0,"cards_obtained":["Doubt"]}],"is_beta":false,"boss_relics":[{"not_picked":["Runic Cube","Runic Dome"],"picked":"Velvet Choker"},{"not_picked":["Runic Pyramid","Calling Bell"],"picked":"Busted Crown"}],"items_purged_floors":[20,22,36],"is_endless":false,"potions_floor_spawned":[3,4,8,13,14,18,23,25,33,35,45,46],"ascension_level":1}