{"path_per_floor":["M","?","M","M","$","R","M","R","T","R","M","E","M","E","R","B",null,"M","?","$","M","M","R","?","R","T","R","M","E","M","E","R"],"character_chosen":"DEFECT","items_purchased":["Apotheosis","Finesse"],"gold_per_floor":[217,217,229,241,30,30,44,44,44,44,60,94,107,133,133,232,232,250,250,146,158,178,178,211,211,211,211,226,256,272,297,297,297],"floor_reached":33,"campfire_rested":2,"playtime":1786,"item_purchase_floors":[5,20],"current_hp_per_floor":[72,57,55,55,55,55,55,55,55,55,36,30,23,22,44,36,75,67,52,52,38,37,37,16,16,16,31,35,26,31,33,33,0],"items_purged":[],"gold":297,"score":322,"play_id":"a9e8f126-a566-411f-98cf-86aaeda782b1","local_time":"20180602203041","is_prod":false,"is_daily":false,"chose_seed":false,"is_ascension_mode":false,"campfire_upgraded":6,"win_rate":0,"timestamp":1527967841,"campfire_choices":[{"data":"Apotheosis","floor":6,"key":"SMITH"},{"data":"Zap","floor":8,"key":"SMITH"},{"data":"Go for the Eyes","floor":10,"key":"SMITH"},{"floor":15,"key":"REST"},{"data":"Electrodynamics","floor":23,"key":"SMITH"},{"data":"Chaos","floor":25,"key":"SMITH"},{"floor":27,"key":"REST"},{"data":"Defragment","floor":32,"key":"SMITH"}],"path_taken":["M","?","M","M","$","R","M","R","T","R","M","E","?","E","R","BOSS","M","?","$","M","M","R","?","R","T","R","M","E","M","E","R","BOSS"],"build_version":"2018-05-31","seed_source_timestamp":191366190162752,"purchased_purges":0,"victory":false,"master_deck":["Defend_B","Defend_B","Defend_B","Defend_B","Zap+1","Dualcast+1","Redo+1","Rebound","Go for the Eyes+1","Apotheosis+1","Genetic Algorithm+1","Chaos+1","Electrodynamics+1","Reinforced Body","Rainbow","Bite","Bite","Bite","Bite","Bite","Finesse","Melter+1","Streamline+1","Defragment+1","Defragment","Tempest"],"max_hp_per_floor":[75,75,75,75,75,75,75,75,75,75,75,75,75,75,75,75,75,75,52,52,52,52,52,52,52,52,52,52,52,52,52,52,52],"relics":["Cracked Core","War Paint","Darkstone Periapt","Blue Candle","Runic Dome","Red Mask","Sundial","Meat on the Bone","Ornamental Fan"],"card_choices":[{"not_picked":["Conserve Battery","Doom and Gloom"],"picked":"Redo","floor":1},{"not_picked":["Tempest","Beam Cell"],"picked":"Rebound","floor":3},{"not_picked":["Leap","Sweeping Beam"],"picked":"Go for the Eyes","floor":4},{"not_picked":["Stack","Thunder Strike"],"picked":"Genetic Algorithm","floor":7},{"not_picked":["Hologram","Leap"],"picked":"Chaos","floor":11},{"not_picked":["Hologram","Beam Cell"],"picked":"Electrodynamics","floor":12},{"not_picked":["Hologram","Barrage"],"picked":"Reinforced Body","floor":13},{"not_picked":["Recycle","Blizzard","Storm"],"picked":"SKIP","floor":14},{"not_picked":["Buffer","Amplify"],"picked":"Rainbow","floor":16},{"not_picked":["Steam Power","Hologram","Steam+1"],"picked":"SKIP","floor":18},{"not_picked":["Beam Cell","BootSequence"],"picked":"Melter+1","floor":21},{"not_picked":["Steam","Rip and Tear"],"picked":"Streamline+1","floor":22},{"not_picked":["Turbo","Self Repair+1"],"picked":"Defragment","floor":28},{"not_picked":["Hello World","Hologram"],"picked":"Defragment","floor":29},{"not_picked":["FTL","Turbo+1"],"picked":"Tempest","floor":30},{"not_picked":["Sunder","Rip and Tear","Sweeping Beam"],"picked":"SKIP","floor":31}],"player_experience":605062,"potions_floor_usage":[12,14,16,29,31,33],"damage_taken":[{"damage":3,"enemies":"2 Louse","floor":1,"turns":3},{"damage":2,"enemies":"Jaw Worm","floor":3,"turns":4},{"damage":0,"enemies":"Cultist","floor":4,"turns":2},{"damage":0,"enemies":"2 Fungi Beasts","floor":7,"turns":2},{"damage":19,"enemies":"3 Louse","floor":11,"turns":3},{"damage":6,"enemies":"Gremlin Nob","floor":12,"turns":3},{"damage":7,"enemies":"Blue Slaver","floor":13,"turns":3},{"damage":1,"enemies":"3 Sentries","floor":14,"turns":3},{"damage":8,"enemies":"Slime Boss","floor":16,"turns":8},{"damage":8,"enemies":"Shell Parasite","floor":18,"turns":4},{"damage":17,"enemies":"3 Byrds","floor":21,"turns":4},{"damage":15,"enemies":"3 Cultists","floor":22,"turns":5},{"damage":34,"enemies":"Masked Bandits","floor":24,"turns":4},{"damage":11,"enemies":"Snake Plant","floor":28,"turns":3},{"damage":17,"enemies":"Book of Stabbing","floor":29,"turns":5},{"damage":0,"enemies":"Sentry and Sphere","floor":30,"turns":2},{"damage":6,"enemies":"Slavers","floor":31,"turns":5},{"damage":69,"enemies":"Champ","floor":33,"turns":11}],"relics_obtained":[{"floor":9,"key":"War Paint"},{"floor":12,"key":"Darkstone Periapt"},{"floor":14,"key":"Blue Candle"},{"floor":24,"key":"Red Mask"},{"floor":26,"key":"Sundial"},{"floor":29,"key":"Meat on the Bone"},{"floor":31,"key":"Ornamental Fan"}],"event_choices":[{"event_name":"Shining Light","player_choice":"Entered Light","floor":2,"damage_taken":0},{"event_name":"Vampires","player_choice":"Became a vampire","floor":19,"damage_taken":0},{"event_name":"Masked Bandits","player_choice":"Fought over 178 gold","floor":24,"damage_taken":0}],"boss_relics":[{"not_picked":["Velvet Choker","Lizard Tail"],"picked":"Runic Dome"}],"items_purged_floors":[],"potions_floor_spawned":[3,4,12,13,18,22,24,31],"seed_played":"-2626165812535083355","killed_by":"Champ","ascension_level":0,"potions_obtained":[{"floor":3,"key":"Fire Potion"},{"floor":4,"key":"Ancient Potion"},{"floor":12,"key":"SneckoOil"},{"floor":13,"key":"Strength Potion"},{"floor":18,"key":"Block Potion"},{"floor":22,"key":"Block Potion"},{"floor":24,"key":"SkillPotion"},{"floor":31,"key":"GamblersBrew"}],"is_trial":false}