{"gold_per_floor":[119,119,133,208,208,208,239,239,288,320,338,338,350,370,370,370],"floor_reached":16,"playtime":458,"items_purged":[],"score":216,"play_id":"2924c079-ff99-40b4-94a8-1de724c454bf","local_time":"20190126114004","is_ascension_mode":true,"campfire_choices":[{"data":"Pommel Strike","floor":6,"key":"SMITH"},{"data":"Carnage","floor":8,"key":"SMITH"},{"data":"Body Slam","floor":12,"key":"SMITH"},{"floor":15,"key":"REST"}],"neow_cost":"PERCENT_DAMAGE","seed_source_timestamp":199080277497600,"circlet_count":0,"master_deck":["AscendersBane","Strike_R","Strike_R","Strike_R","Strike_R","Defend_R+1","Defend_R+1","Defend_R","Defend_R","Bash","Carnage+1","Pommel Strike+1","Shrug It Off","Body Slam+1","Iron Wave","Offering","True Grit","Flame Barrier"],"relics":["Burning Blood","War Paint","Dream Catcher","Omamori","Odd Mushroom"],"potions_floor_usage":[7,16],"damage_taken":[{"damage":17,"enemies":"Small Slimes","floor":1,"turns":5},{"damage":1,"enemies":"Cultist","floor":3,"turns":3},{"damage":25,"enemies":"3 Sentries","floor":7,"turns":9},{"damage":24,"enemies":"Lagavulin","floor":10,"turns":5},{"damage":12,"enemies":"Jaw Worm","floor":11,"turns":2},{"damage":8,"enemies":"Blue Slaver","floor":13,"turns":2},{"damage":7,"enemies":"The Mushroom Lair","floor":14,"turns":3},{"damage":71,"enemies":"Slime Boss","floor":16,"turns":7}],"seed_played":"5239134926743812878","potions_obtained":[{"floor":3,"key":"Fire Potion"},{"floor":13,"key":"SpeedPotion"}],"is_trial":false,"path_per_floor":["M","?","M","?","?","R","E","R","T","E","M","R","M","?","R","B"],"character_chosen":"IRONCLAD","items_purchased":[],"campfire_rested":1,"item_purchase_floors":[],"current_hp_per_floor":[53,53,58,47,76,76,57,57,57,39,33,33,31,30,56,0],"gold":370,"neow_bonus":"TWENTY_PERCENT_HP_BONUS","is_prod":false,"is_daily":false,"chose_seed":false,"campfire_upgraded":3,"win_rate":0,"timestamp":1548502804,"path_taken":["M","?","?","?","?","R","E","R","T","E","M","R","?","?","R","BOSS"],"build_version":"2019-01-23","purchased_purges":0,"victory":false,"max_hp_per_floor":[89,89,89,89,89,89,89,89,89,89,89,89,89,89,89,89],"card_choices":[{"not_picked":["Clash","Spot Weakness"],"picked":"Carnage","floor":1},{"not_picked":["Thunderclap","Body Slam"],"picked":"Pommel Strike","floor":3},{"not_picked":["Thunderclap","Heavy Blade"],"picked":"Shrug It Off","floor":7},{"not_picked":["Feel No Pain","Twin Strike"],"picked":"Body Slam","floor":10},{"not_picked":["Pommel Strike","Headbutt"],"picked":"Iron Wave","floor":11},{"not_picked":["Flex","Entrench"],"picked":"Offering","floor":13},{"not_picked":["Wild Strike","Reckless Charge"],"picked":"True Grit","floor":14},{"not_picked":["Bloodletting","Evolve"],"picked":"Flame Barrier","floor":15}],"player_experience":1220196,"relics_obtained":[{"floor":7,"key":"War Paint"},{"floor":9,"key":"Dream Catcher"},{"floor":10,"key":"Omamori"},{"floor":14,"key":"Odd Mushroom"}],"event_choices":[{"cards_removed":["Strike_R"],"damage_healed":0,"gold_gain":0,"player_choice":"Offered Basic","damage_taken":0,"max_hp_gain":0,"max_hp_loss":0,"event_name":"Bonfire Elementals","floor":2,"gold_loss":0},{"damage_healed":0,"gold_gain":75,"player_choice":"Gather Gold","damage_taken":11,"max_hp_gain":0,"max_hp_loss":0,"event_name":"World of Goop","floor":4,"gold_loss":0},{"damage_healed":29,"gold_gain":0,"player_choice":"Banana","damage_taken":0,"max_hp_gain":0,"max_hp_loss":0,"event_name":"Big Fish","floor":5,"gold_loss":0},{"damage_healed":0,"gold_gain":0,"player_choice":"Fought Mushrooms","damage_taken":0,"max_hp_gain":0,"max_hp_loss":0,"event_name":"Mushrooms","floor":14,"gold_loss":0}],"is_beta":false,"boss_relics":[],"items_purged_floors":[],"is_endless":false,"potions_floor_spawned":[3,13],"killed_by":"Slime Boss","ascension_level":20}