{"gold_per_floor":[117,67,67,83,2,36,36,36,61,61,78,89,89,118,118,222,222,237,253,253,253,178,178,197,296,322,322,332,349,160,183,183,285,285,302,72,121,135,10,10,10,38,91,162,162,162,19,30,30,30],"floor_reached":51,"playtime":1904,"items_purged":["Strike_B","Strike_B","Strike_B"],"score":931,"play_id":"f111e0f7-a1ce-46b1-9ca4-84e85483de43","local_time":"20190622154826","is_ascension_mode":true,"campfire_choices":[{"floor":8,"key":"REST"},{"data":"Zap","floor":10,"key":"SMITH"},{"floor":13,"key":"REST"},{"data":"Thunder Strike","floor":15,"key":"SMITH"},{"floor":23,"key":"REST"},{"floor":27,"key":"REST"},{"floor":32,"key":"REST"},{"floor":40,"key":"REST"},{"floor":46,"key":"REST"},{"floor":49,"key":"REST"}],"neow_cost":"NONE","seed_source_timestamp":918154672661864,"circlet_count":0,"master_deck":["Defend_B","Defend_B","Defend_B","Zap+1","Dualcast","Sweeping Beam","Doom and Gloom","Melter","Ball Lightning","White Noise","Compile Driver","Thunder Strike+1","Chill","Necronomicurse","Hologram+1","Discovery","Electrodynamics","Ball Lightning","Redo","Hologram","Leap+1","Conserve Battery+1"],"relics":["Cracked Core","Orichalcum","Potion Belt","Happy Flower","Boot","Runic Pyramid","Necronomicon","MutagenicStrength","Vajra","Pen Nib","Sozu","Anchor","Girya","Mummified Hand","PreservedInsect","Frozen Egg 2","Strawberry"],"potions_floor_usage":[18,18,24,28,37,42],"damage_taken":[{"damage":0,"enemies":"Small Slimes","floor":1,"turns":2},{"damage":0,"enemies":"2 Louse","floor":4,"turns":2},{"damage":20,"enemies":"Gremlin Nob","floor":6,"turns":4},{"damage":4,"enemies":"Jaw Worm","floor":11,"turns":3},{"damage":6,"enemies":"Looter","floor":12,"turns":3},{"damage":24,"enemies":"Lagavulin","floor":14,"turns":4},{"damage":40,"enemies":"The Guardian","floor":16,"turns":8},{"damage":28,"enemies":"2 Thieves","floor":18,"turns":3},{"damage":0,"enemies":"Spheric Guardian","floor":19,"turns":2},{"damage":7,"enemies":"Snake Plant","floor":24,"turns":4},{"damage":0,"enemies":"Centurion and Healer","floor":28,"turns":2},{"damage":20,"enemies":"Shelled Parasite and Fungi","floor":29,"turns":3},{"damage":20,"enemies":"Automaton","floor":33,"turns":6},{"damage":13,"enemies":"3 Darklings","floor":35,"turns":3},{"damage":22,"enemies":"2 Orb Walkers","floor":37,"turns":3},{"damage":0,"enemies":"3 Shapes","floor":38,"turns":3},{"damage":25,"enemies":"Giant Head","floor":42,"turns":6},{"damage":34,"enemies":"Writhing Mass","floor":48,"turns":4},{"damage":45,"enemies":"Time Eater","floor":50,"turns":7}],"seed_played":"-1034335217402705828","potions_obtained":[{"floor":4,"key":"Explosive Potion"},{"floor":12,"key":"EssenceOfSteel"},{"floor":14,"key":"Regen Potion"},{"floor":18,"key":"AttackPotion"},{"floor":19,"key":"SteroidPotion"},{"floor":28,"key":"EssenceOfSteel"}],"is_trial":false,"path_per_floor":["M","?","?","M","$","E","$","R","T","R","M","M","R","E","R","B",null,"M","M","?","?","$","R","M","?","T","R","M","M","$","T","R","B",null,"M","$","?","M","$","R","$","E","T","T","?","R","$","M","R","B",null],"character_chosen":"DEFECT","items_purchased":["Melter","Discovery","Ball Lightning","Anchor","Redo","Strawberry"],"campfire_rested":8,"item_purchase_floors":[5,30,36,36,36,47],"current_hp_per_floor":[68,68,61,61,61,41,41,63,63,63,59,53,75,51,51,11,59,31,31,15,15,15,37,39,39,39,61,61,41,41,41,63,43,67,54,54,32,32,32,54,54,29,29,29,29,51,58,24,48,3],"gold":30,"neow_bonus":"RANDOM_COMMON_RELIC","is_prod":false,"is_daily":false,"chose_seed":false,"campfire_upgraded":2,"win_rate":0,"timestamp":1561232906,"path_taken":["M","?","?","M","$","E","$","R","T","R","M","M","R","E","R","BOSS","M","M","?","?","$","R","M","?","T","R","M","M","?","?","R","BOSS","M","$","?","M","$","R","$","E","T","?","?","R","?","M","R","BOSS"],"build_version":"2019-01-23","purchased_purges":3,"victory":true,"max_hp_per_floor":[75,75,75,75,75,75,75,75,75,75,75,75,75,75,75,75,75,75,75,75,75,75,75,75,75,75,75,75,75,75,75,75,75,75,75,75,75,75,75,75,75,75,75,75,75,75,82,82,82,82],"card_choices":[{"not_picked":["Streamline","Turbo"],"picked":"Sweeping Beam","floor":1},{"not_picked":["Conserve Battery","Gash"],"picked":"Doom and Gloom","floor":4},{"not_picked":["Streamline","Leap"],"picked":"Ball Lightning","floor":6},{"not_picked":["Recycle","Steam"],"picked":"White Noise","floor":11},{"not_picked":["Machine Learning","Turbo"],"picked":"Compile Driver","floor":12},{"not_picked":["Turbo","Steam"],"picked":"Thunder Strike","floor":14},{"not_picked":["Streamline","Aggregate","Sunder+1"],"picked":"SKIP","floor":18},{"not_picked":["Hologram","Cold Snap+1"],"picked":"Chill","floor":19},{"not_picked":["Compile Driver+1","Redo","Double Energy"],"picked":"SKIP","floor":24},{"not_picked":["Barrage","Chaos"],"picked":"Hologram+1","floor":28},{"not_picked":["Hyperbeam","Aggregate","Doom and Gloom"],"picked":"SKIP","floor":29},{"not_picked":["Core Surge","Meteor Strike"],"picked":"Electrodynamics","floor":33},{"not_picked":["Genetic Algorithm+1","Cold Snap+1","Rebound"],"picked":"SKIP","floor":35},{"not_picked":["Chaos+1","Gash+1"],"picked":"Hologram","floor":38},{"not_picked":["Rebound+1","Steam Power"],"picked":"Leap+1","floor":42},{"not_picked":["FTL+1","Steam"],"picked":"Conserve Battery+1","floor":48}],"player_experience":431794,"relics_obtained":[{"floor":6,"key":"Potion Belt"},{"floor":9,"key":"Happy Flower"},{"floor":14,"key":"Boot"},{"floor":20,"key":"Necronomicon"},{"floor":26,"key":"Vajra"},{"floor":31,"key":"Pen Nib"},{"floor":37,"key":"Girya"},{"floor":42,"key":"Mummified Hand"},{"floor":43,"key":"PreservedInsect"},{"floor":44,"key":"Frozen Egg 2"}],"event_choices":[{"cards_removed":["Strike_B"],"damage_healed":0,"gold_gain":0,"player_choice":"Card Removal","damage_taken":0,"max_hp_gain":0,"max_hp_loss":0,"event_name":"The Cleric","floor":2,"gold_loss":50},{"cards_removed":["Defend_B"],"damage_healed":0,"gold_gain":0,"player_choice":"Card Removal","damage_taken":7,"max_hp_gain":0,"max_hp_loss":0,"event_name":"Golden Wing","floor":3,"gold_loss":0},{"damage_healed":0,"gold_gain":0,"player_choice":"Obtained Book","damage_taken":16,"max_hp_gain":0,"max_hp_loss":0,"event_name":"Cursed Tome","floor":20,"gold_loss":0},{"damage_healed":0,"gold_gain":0,"player_choice":"Inject Mutagens","damage_taken":0,"relics_obtained":["MutagenicStrength"],"max_hp_gain":0,"max_hp_loss":0,"event_name":"Drug Dealer","floor":21,"gold_loss":0},{"damage_healed":0,"gold_gain":99,"player_choice":"Stole From Cult","damage_taken":0,"max_hp_gain":0,"max_hp_loss":0,"event_name":"Nest","floor":25,"gold_loss":0},{"damage_healed":0,"gold_gain":0,"player_choice":"Fight","damage_taken":0,"max_hp_gain":0,"max_hp_loss":0,"event_name":"Mysterious Sphere","floor":37,"gold_loss":0},{"damage_healed":0,"gold_gain":0,"player_choice":"Memory 1","damage_taken":0,"max_hp_gain":0,"max_hp_loss":0,"event_name":"SensoryStone","floor":45,"gold_loss":0}],"is_beta":false,"boss_relics":[{"not_picked":["Astrolabe","Busted Crown"],"picked":"Runic Pyramid"},{"not_picked":["Black Star","Snecko Eye"],"picked":"Sozu"}],"items_purged_floors":[22,30,39],"is_endless":false,"potions_floor_spawned":[4,12,14,18,19,28,37,48],"ascension_level":8}