{"gold_per_floor":[113,132,152,167,184,209,209,225,251,265,22,50,50,80,80,179,229,247,247,259,274,289,317,416,416,490,490,490,490,29,49,49,147,147,165,90,109,121,132,160,172,200,266,278,111,111,143,143,143,143,143,143,18,50,50],"floor_reached":55,"playtime":3556,"items_purged":["Decay","Strike_G","Strike_G"],"score":805,"play_id":"cd953984-06fc-4a39-8188-7d29c833d661","local_time":"20190511150329","is_ascension_mode":true,"campfire_choices":[{"data":"Footwork","floor":7,"key":"SMITH"},{"data":"Footwork","floor":13,"key":"SMITH"},{"floor":15,"key":"REST"},{"floor":25,"key":"REST"},{"floor":27,"key":"REST"},{"data":"Backflip","floor":29,"key":"SMITH"},{"floor":32,"key":"RECALL"},{"floor":41,"key":"REST"},{"data":"Well Laid Plans","floor":46,"key":"SMITH"},{"data":"Die Die Die","floor":49,"key":"SMITH"},{"data":"PiercingWail","floor":52,"key":"SMITH"}],"neow_cost":"CURSE","seed_source_timestamp":2465854985170963,"circlet_count":0,"master_deck":["Defend_G","Defend_G","Defend_G+1","Defend_G","Defend_G","Strike_G","Strike_G","Survivor","Neutralize","Poisoned Stab","Backflip+1","Well Laid Plans+1","PiercingWail+1","Footwork+1","Poisoned Stab","Poisoned Stab","Footwork+1","Die Die Die+1","Poisoned Stab","Bullet Time","All Out Attack","Dash","Leg Sweep","Footwork+1","Backstab","Poisoned Stab","Envenom+1","Dagger Throw+1","PiercingWail+1","Caltrops+1","Quick Slash+1"],"relics":["Ring of the Snake","Nunchaku","Snake Skull","Potion Belt","Regal Pillow","Boot","Tiny House","Bag of Marbles","Frozen Egg 2","Mummified Hand","Shuriken","Busted Crown","MawBank","Bottled Flame","Pen Nib"],"potions_floor_usage":[6,8,20,23,23,23,23,42,47,50,54,55,55],"damage_taken":[{"damage":3,"enemies":"Cultist","floor":1,"turns":4},{"damage":2,"enemies":"Jaw Worm","floor":2,"turns":4},{"damage":2,"enemies":"Small Slimes","floor":3,"turns":4},{"damage":1,"enemies":"2 Fungi Beasts","floor":4,"turns":4},{"damage":4,"enemies":"Blue Slaver","floor":5,"turns":5},{"damage":7,"enemies":"3 Sentries","floor":6,"turns":8},{"damage":1,"enemies":"Large Slime","floor":8,"turns":9},{"damage":1,"enemies":"2 Fungi Beasts","floor":10,"turns":4},{"damage":5,"enemies":"Lagavulin","floor":12,"turns":8},{"damage":21,"enemies":"Gremlin Nob","floor":14,"turns":5},{"damage":7,"enemies":"Slime Boss","floor":16,"turns":8},{"damage":21,"enemies":"Spheric Guardian","floor":18,"turns":8},{"damage":10,"enemies":"2 Thieves","floor":20,"turns":5},{"damage":4,"enemies":"Centurion and Healer","floor":21,"turns":10},{"damage":18,"enemies":"Cultist and Chosen","floor":22,"turns":7},{"damage":20,"enemies":"Slavers","floor":23,"turns":7},{"damage":0,"enemies":"3 Cultists","floor":31,"turns":4},{"damage":35,"enemies":"Automaton","floor":33,"turns":14},{"damage":7,"enemies":"3 Shapes","floor":35,"turns":5},{"damage":2,"enemies":"Orb Walker","floor":37,"turns":3},{"damage":2,"enemies":"Transient","floor":38,"turns":5},{"damage":3,"enemies":"4 Shapes","floor":39,"turns":7},{"damage":27,"enemies":"Giant Head","floor":40,"turns":10},{"damage":0,"enemies":"3 Darklings","floor":42,"turns":4},{"damage":4,"enemies":"Reptomancer","floor":47,"turns":6},{"damage":58,"enemies":"Awakened One","floor":50,"turns":16},{"damage":19,"enemies":"Shield and Spear","floor":54,"turns":8},{"damage":85,"enemies":"The Heart","floor":55,"turns":5}],"seed_played":"-2096377503234252372","potions_obtained":[{"floor":1,"key":"AttackPotion"},{"floor":3,"key":"SpeedPotion"},{"floor":5,"key":"Fire Potion"},{"floor":12,"key":"EssenceOfSteel"},{"floor":17,"key":"SkillPotion"},{"floor":21,"key":"GamblersBrew"},{"floor":22,"key":"Explosive Potion"},{"floor":33,"key":"Poison Potion"},{"floor":37,"key":"SneckoOil"},{"floor":38,"key":"Poison Potion"},{"floor":40,"key":"AttackPotion"},{"floor":42,"key":"Explosive Potion"}],"is_trial":false,"path_per_floor":["M","M","M","M","M","E","R","M","T","M","$","E","R","E","R","B",null,"M","?","M","M","M","E","?","R","T","R","T","R","$","M","R","B",null,"M","$","M","M","M","E","R","M","T","?","$","R","E","?","R","B",null,"R","$","E","B"],"character_chosen":"THE_SILENT","items_purchased":["Poisoned Stab","Footwork","Die Die Die","Shuriken","Footwork+1","Backstab","PowerPotion","Caltrops+1"],"campfire_rested":4,"item_purchase_floors":[11,11,11,30,30,30,30,45],"current_hp_per_floor":[67,65,63,62,58,51,51,50,50,49,49,44,44,23,59,52,75,54,54,44,40,22,2,2,39,39,75,75,75,75,75,75,40,75,68,68,66,64,61,34,71,71,71,71,71,71,67,67,67,9,71,71,71,52,0],"gold":50,"neow_bonus":"ONE_RARE_RELIC","is_prod":false,"is_daily":false,"chose_seed":false,"campfire_upgraded":6,"win_rate":0,"timestamp":1557601409,"path_taken":["M","?","M","M","M","E","R","M","T","M","$","E","R","E","R","BOSS","M","?","M","M","?","E","?","R","T","R","?","R","?","?","R","BOSS","M","$","M","M","M","E","R","M","T","?","?","R","E","?","R","BOSS","R","$","E","BOSS"],"build_version":"2019-01-23","purchased_purges":3,"victory":false,"max_hp_per_floor":[70,70,70,70,70,70,70,70,70,70,70,70,70,70,70,70,75,75,75,75,75,75,75,75,75,75,75,75,75,75,75,75,75,75,75,75,75,75,75,75,75,75,75,75,75,75,75,71,71,71,71,71,71,71,71],"card_choices":[{"not_picked":["Riddle With Holes","Blur"],"picked":"Poisoned Stab","floor":1},{"not_picked":["Cloak And Dagger","Outmaneuver"],"picked":"Backflip","floor":2},{"not_picked":["Calculated Gamble","PiercingWail"],"picked":"Well Laid Plans","floor":3},{"not_picked":["Blade Dance","Backflip"],"picked":"PiercingWail","floor":4},{"not_picked":["Accuracy","Choke"],"picked":"Footwork","floor":5},{"not_picked":["PiercingWail","Caltrops","Distraction"],"picked":"SKIP","floor":6},{"not_picked":["Skewer","Underhanded Strike"],"picked":"Poisoned Stab","floor":8},{"not_picked":["Underhanded Strike","Concentrate","Flying Knee"],"picked":"SKIP","floor":10},{"not_picked":["Phantasmal Killer","Infinite Blades","Quick Slash"],"picked":"SKIP","floor":12},{"not_picked":["Distraction","Dodge and Roll"],"picked":"Poisoned Stab","floor":14},{"not_picked":["After Image","Unload"],"picked":"Bullet Time","floor":16},{"not_picked":["Dodge and Roll+1","Accuracy","Setup"],"picked":"SKIP","floor":18},{"not_picked":["Grand Finale","Blade Dance+1","Sucker Punch"],"picked":"SKIP","floor":20},{"not_picked":["Blade Dance","Bane+1"],"picked":"Dash","floor":21},{"not_picked":["Underhanded Strike","Choke"],"picked":"Leg Sweep","floor":22},{"not_picked":["Outmaneuver","Wraith Form v2","Heel Hook+1"],"picked":"SKIP","floor":23},{"not_picked":["Dodge and Roll","Outmaneuver+1"],"picked":"Poisoned Stab","floor":31},{"not_picked":["Malaise","Wraith Form v2+1"],"picked":"Envenom+1","floor":33},{"not_picked":["Underhanded Strike+1"],"picked":"SKIP","floor":35},{"not_picked":["Blade Dance+1"],"picked":"SKIP","floor":37},{"not_picked":[],"picked":"Dagger Throw+1","floor":38},{"not_picked":["Tactician"],"picked":"SKIP","floor":39},{"not_picked":["Cloak And Dagger"],"picked":"SKIP","floor":40},{"not_picked":[],"picked":"PiercingWail+1","floor":42},{"not_picked":[],"picked":"Quick Slash+1","floor":47},{"not_picked":["Prepared"],"picked":"SKIP","floor":54}],"player_experience":382237,"relics_obtained":[{"floor":6,"key":"Snake Skull"},{"floor":9,"key":"Potion Belt"},{"floor":12,"key":"Regal Pillow"},{"floor":14,"key":"Boot"},{"floor":23,"key":"Bag of Marbles"},{"floor":26,"key":"Frozen Egg 2"},{"floor":28,"key":"Mummified Hand"},{"floor":40,"key":"MawBank"},{"floor":47,"key":"Bottled Flame"},{"floor":54,"key":"Pen Nib"}],"event_choices":[{"damage_healed":0,"gold_gain":0,"cards_transformed":["Strike_G"],"player_choice":"Transformed","damage_taken":0,"max_hp_gain":0,"max_hp_loss":0,"event_name":"Transmorgrifier","floor":19,"gold_loss":0,"cards_obtained":["All Out Attack"]},{"damage_healed":0,"gold_gain":99,"player_choice":"Stole From Cult","damage_taken":0,"max_hp_gain":0,"max_hp_loss":0,"event_name":"Nest","floor":24,"gold_loss":0},{"damage_healed":0,"gold_gain":0,"player_choice":"Ignored","damage_taken":0,"max_hp_gain":0,"max_hp_loss":0,"event_name":"SecretPortal","floor":44,"gold_loss":0},{"damage_healed":0,"gold_gain":0,"player_choice":"Max HP","damage_taken":0,"max_hp_gain":0,"max_hp_loss":4,"event_name":"Winding Halls","floor":48,"gold_loss":0}],"is_beta":false,"boss_relics":[{"not_picked":["Coffee Dripper","Ectoplasm"],"picked":"Tiny House"},{"not_picked":["Black Star","Lizard Tail"],"picked":"Busted Crown"}],"items_purged_floors":[36,45,53],"is_endless":false,"potions_floor_spawned":[1,3,5,12,21,22,33,37,38,40,42],"killed_by":"The Heart","ascension_level":1}