{"gold_per_floor":[369,379,389,15,15,15,40,9,9,9,9,9,23,23,23,118,118,134,150,168,184,184],"floor_reached":22,"playtime":1099,"items_purged":["Strike_B"],"score":186,"play_id":"d7211033-8a5e-44ad-82f0-ff922dd22b5b","local_time":"20190704174940","is_ascension_mode":false,"campfire_choices":[{"data":"Go for the Eyes","floor":6,"key":"SMITH"},{"floor":10,"key":"REST"},{"data":"Blizzard","floor":12,"key":"SMITH"},{"floor":15,"key":"REST"}],"neow_cost":"TEN_PERCENT_HP_LOSS","seed_source_timestamp":1115761874908823,"circlet_count":0,"master_deck":["Defend_B","Defend_B","Defend_B","Defend_B","Zap","Dualcast","Hologram","Blizzard+1","Go for the Eyes+1","White Noise+1","Gash","Machine Learning","Undo","White Noise","Coolheaded","Double Energy"],"relics":["Cracked Core","Bronze Scales","Potion Belt","Gambling Chip","Empty Cage"],"potions_floor_usage":[7],"damage_taken":[{"damage":0,"enemies":"Cultist","floor":1,"turns":3},{"damage":0,"enemies":"Small Slimes","floor":2,"turns":3},{"damage":0,"enemies":"2 Louse","floor":3,"turns":3},{"damage":38,"enemies":"Gremlin Nob","floor":7,"turns":6},{"damage":5,"enemies":"2 Fungi Beasts","floor":13,"turns":3},{"damage":14,"enemies":"Hexaghost","floor":16,"turns":9},{"damage":15,"enemies":"Shell Parasite","floor":18,"turns":6},{"damage":2,"enemies":"Chosen","floor":19,"turns":6},{"damage":14,"enemies":"Snecko","floor":20,"turns":6},{"damage":4,"enemies":"Centurion and Healer","floor":21,"turns":7},{"damage":38,"enemies":"Cultist and Chosen","floor":22,"turns":6}],"seed_played":"3821608739826774972","potions_obtained":[{"floor":3,"key":"SkillPotion"},{"floor":16,"key":"FocusPotion"},{"floor":20,"key":"Energy Potion"},{"floor":21,"key":"LiquidBronze"}],"is_trial":false,"path_per_floor":["M","M","M","$","?","R","E","?","T","R","?","R","M","?","R","B",null,"M","M","M","M","M"],"character_chosen":"DEFECT","items_purchased":["Bronze Scales","Potion Belt"],"campfire_rested":2,"item_purchase_floors":[4,4],"current_hp_per_floor":[68,68,68,68,68,68,30,30,30,50,50,50,45,38,58,44,68,53,51,37,33,0],"gold":184,"neow_bonus":"TWO_FIFTY_GOLD","is_prod":false,"is_daily":false,"chose_seed":false,"campfire_upgraded":2,"win_rate":0,"timestamp":1562287780,"path_taken":["M","M","?","$","?","R","E","?","T","R","?","R","M","?","R","BOSS","M","M","M","M","M"],"build_version":"2019-07-01","purchased_purges":1,"victory":false,"max_hp_per_floor":[68,68,68,68,68,68,68,68,68,68,68,68,68,68,68,68,68,68,68,68,68,68],"card_choices":[{"not_picked":["Turbo","Stack"],"picked":"Hologram","floor":1},{"not_picked":["Compile Driver","Streamline"],"picked":"Blizzard","floor":2},{"not_picked":["Hologram","Compile Driver"],"picked":"Go for the Eyes","floor":3},{"not_picked":["Stack","Static Discharge"],"picked":"White Noise","floor":7},{"not_picked":["Hologram","Storm"],"picked":"Gash","floor":13},{"not_picked":["Meteor Strike","All For One"],"picked":"Machine Learning","floor":16},{"not_picked":["Stack","Turbo"],"picked":"Undo","floor":18},{"not_picked":["Stack","Scrape+1"],"picked":"White Noise","floor":19},{"not_picked":["Redo","Tempest"],"picked":"Coolheaded","floor":20},{"not_picked":["Compile Driver","Rip and Tear"],"picked":"Double Energy","floor":21}],"player_experience":634185,"relics_obtained":[{"floor":7,"key":"Gambling Chip"}],"event_choices":[{"damage_healed":0,"gold_gain":0,"player_choice":"Ignored","damage_taken":0,"max_hp_gain":0,"max_hp_loss":0,"event_name":"Liars Game","floor":5,"gold_loss":0},{"damage_healed":0,"gold_gain":0,"player_choice":"Left Gold","damage_taken":0,"max_hp_gain":0,"max_hp_loss":0,"event_name":"World of Goop","floor":8,"gold_loss":31},{"damage_healed":0,"gold_gain":0,"player_choice":"Grow","damage_taken":0,"max_hp_gain":0,"max_hp_loss":0,"event_name":"Living Wall","floor":11,"gold_loss":0,"cards_upgraded":["White Noise"]},{"cards_removed":["Strike_B"],"damage_healed":0,"gold_gain":0,"player_choice":"Card Removal","damage_taken":7,"max_hp_gain":0,"max_hp_loss":0,"event_name":"Golden Wing","floor":14,"gold_loss":0}],"is_beta":false,"boss_relics":[{"not_picked":["Coffee Dripper","Calling Bell"],"picked":"Empty Cage"}],"items_purged_floors":[4],"is_endless":false,"potions_floor_spawned":[3,16,20,21],"killed_by":"Cultist and Chosen","ascension_level":0}