{"gold_per_floor":[116,116,116,131,144,144,319,355,436,448,336,372,372,372,372,467,467,487,511,429,429],"floor_reached":21,"playtime":698,"items_purged":["Doubt"],"score":305,"play_id":"79716796-6bf4-4b38-ac0f-128a56539e4a","local_time":"20190630155709","is_ascension_mode":true,"campfire_choices":[{"floor":6,"key":"REST"},{"data":"Zap","floor":10,"key":"SMITH"},{"floor":15,"key":"REST"}],"neow_cost":"NONE","seed_source_timestamp":616966327621530,"circlet_count":0,"master_deck":["AscendersBane","Zap+1","Dualcast","Chaos+1","Coolheaded","Compile Driver","Ball Lightning","Ball Lightning","Echo Form","Hologram","Blizzard","Coolheaded","Undo","Consume","Coolheaded","Aggregate","Genetic Algorithm","Hologram"],"relics":["White Beast Statue","Golden Idol","MawBank","Darkstone Periapt","Bottled Lightning","Sundial","Pandora\u0027s Box","Strawberry"],"potions_floor_usage":[8,12,16,16,19],"damage_taken":[{"damage":8,"enemies":"Jaw Worm","floor":1,"turns":4},{"damage":10,"enemies":"Small Slimes","floor":4,"turns":4},{"damage":8,"enemies":"2 Louse","floor":5,"turns":4},{"damage":23,"enemies":"3 Sentries","floor":8,"turns":8},{"damage":21,"enemies":"Lagavulin","floor":12,"turns":5},{"damage":28,"enemies":"Hexaghost","floor":16,"turns":9},{"damage":17,"enemies":"Spheric Guardian","floor":18,"turns":4},{"damage":29,"enemies":"2 Thieves","floor":19,"turns":4},{"damage":15,"enemies":"Chosen and Byrds","floor":21,"turns":1}],"seed_played":"-3578355963868943480","potions_obtained":[{"floor":1,"key":"EssenceOfSteel"},{"floor":4,"key":"Explosive Potion"},{"floor":8,"key":"LiquidBronze"},{"floor":12,"key":"EssenceOfSteel"},{"floor":16,"key":"FocusPotion"},{"floor":18,"key":"Explosive Potion"},{"floor":19,"key":"Fire Potion"}],"is_trial":false,"path_per_floor":["M","?","?","M","M","R","?","E","T","R","$","E","?","T","R","B",null,"M","M","?","M"],"character_chosen":"DEFECT","items_purchased":["Ball Lightning"],"campfire_rested":2,"item_purchase_floors":[11],"current_hp_per_floor":[60,53,53,43,35,55,55,32,32,32,32,11,11,11,31,3,53,36,7,14,0],"gold":429,"neow_bonus":"BOSS_RELIC","is_prod":false,"is_daily":false,"chose_seed":false,"campfire_upgraded":1,"win_rate":0,"timestamp":1561924629,"path_taken":["M","?","?","M","M","R","?","E","T","R","$","E","?","?","R","BOSS","M","M","?","?"],"build_version":"2019-01-23","purchased_purges":1,"victory":false,"max_hp_per_floor":[75,75,69,69,69,69,69,69,69,69,69,69,69,69,69,69,69,69,69,76,76],"card_choices":[{"not_picked":["Compile Driver","Conserve Battery"],"picked":"Chaos","floor":1},{"not_picked":["Gash","Redo"],"picked":"Coolheaded","floor":4},{"not_picked":["Steam","Coolheaded"],"picked":"Compile Driver","floor":5},{"not_picked":["Compile Driver","Coolheaded","All For One"],"picked":"SKIP","floor":8},{"not_picked":["Meteor Strike","Leap"],"picked":"Ball Lightning","floor":12},{"not_picked":["Multi-Cast","Machine Learning"],"picked":"Echo Form","floor":16},{"not_picked":["Force Field","Gash"],"picked":"Genetic Algorithm","floor":18},{"not_picked":["Conserve Battery","Streamline"],"picked":"Hologram","floor":19}],"player_experience":450999,"relics_obtained":[{"floor":8,"key":"MawBank"},{"floor":9,"key":"Darkstone Periapt"},{"floor":12,"key":"Bottled Lightning"},{"floor":14,"key":"Sundial"}],"event_choices":[{"cards_removed":["Strike_B"],"damage_healed":0,"gold_gain":0,"player_choice":"Card Removal","damage_taken":7,"max_hp_gain":0,"max_hp_loss":0,"event_name":"Golden Wing","floor":2,"gold_loss":0},{"damage_healed":0,"gold_gain":0,"player_choice":"Lose Max HP","damage_taken":0,"relics_obtained":["Golden Idol"],"max_hp_gain":0,"max_hp_loss":6,"event_name":"Golden Idol","floor":3,"gold_loss":0},{"damage_healed":0,"gold_gain":175,"player_choice":"AGREE","damage_taken":0,"max_hp_gain":0,"max_hp_loss":0,"event_name":"Liars Game","floor":7,"gold_loss":0,"cards_obtained":["Doubt"]},{"damage_healed":0,"gold_gain":0,"player_choice":"Grow","damage_taken":0,"max_hp_gain":0,"max_hp_loss":0,"event_name":"Living Wall","floor":13,"gold_loss":0,"cards_upgraded":["Chaos"]},{"damage_healed":0,"gold_gain":0,"player_choice":"Paid Gold","damage_taken":0,"relics_obtained":["Strawberry"],"max_hp_gain":0,"max_hp_loss":0,"event_name":"WeMeetAgain","floor":20,"gold_loss":82}],"is_beta":false,"boss_relics":[{"not_picked":["Tiny House","Empty Cage"],"picked":"Pandora\u0027s Box"}],"items_purged_floors":[11],"is_endless":false,"potions_floor_spawned":[1,4,5,8,12,16,18,19],"killed_by":"Chosen and Byrds","ascension_level":13}