{"gold_per_floor":[109,109,119,130,130,156,81,113,113,113,128,128,157,4,4,109,109,126,137,1,19,19,19],"floor_reached":23,"playtime":898,"items_purged":["Regret"],"score":272,"play_id":"711b3192-c5cd-43d6-95f2-42ae9c8bbd5c","local_time":"20190609221622","is_ascension_mode":true,"campfire_choices":[{"floor":10,"key":"REST"},{"floor":15,"key":"REST"}],"neow_cost":"CURSE","seed_source_timestamp":115383915778732,"circlet_count":0,"master_deck":["Strike_B","Strike_B","Strike_B+1","Strike_B","Defend_B","Defend_B","Defend_B","Defend_B","Zap","Dualcast+1","Electrodynamics","Conserve Battery","Cold Snap+1","Leap","Chill","Ball Lightning","Leap","Fusion","Loop","Thunder Strike","Defragment","Capacitor","Meteor Strike","Conserve Battery"],"relics":["Cracked Core","Whetstone","Calipers","Bottled Lightning","Singing Bowl","Prayer Wheel","Fusion Hammer"],"potions_floor_usage":[6,23,23,23],"damage_taken":[{"damage":0,"enemies":"Small Slimes","floor":1,"turns":2},{"damage":6,"enemies":"2 Louse","floor":3,"turns":3},{"damage":0,"enemies":"Cultist","floor":4,"turns":3},{"damage":17,"enemies":"3 Sentries","floor":6,"turns":6},{"damage":16,"enemies":"Lagavulin","floor":8,"turns":8},{"damage":8,"enemies":"Lots of Slimes","floor":11,"turns":3},{"damage":2,"enemies":"3 Sentries","floor":13,"turns":3},{"damage":31,"enemies":"Slime Boss","floor":16,"turns":9},{"damage":22,"enemies":"2 Thieves","floor":18,"turns":4},{"damage":2,"enemies":"Spheric Guardian","floor":19,"turns":3},{"damage":15,"enemies":"Snecko","floor":21,"turns":4},{"damage":35,"enemies":"Slavers","floor":23,"turns":2}],"seed_played":"4454704243054507235","potions_obtained":[{"floor":1,"key":"Regen Potion"},{"floor":3,"key":"FocusPotion"},{"floor":6,"key":"SneckoOil"},{"floor":16,"key":"AttackPotion"}],"is_trial":false,"path_per_floor":["M","?","M","M","?","E","$","E","T","R","M","?","E","$","R","B",null,"M","M","$","M","$","E"],"character_chosen":"DEFECT","items_purchased":["Chill","Loop","Meteor Strike"],"campfire_rested":2,"item_purchase_floors":[7,14,20],"current_hp_per_floor":[68,61,55,55,55,52,52,36,36,58,50,50,48,48,70,39,66,48,46,46,33,33,0],"gold":19,"neow_bonus":"THREE_RARE_CARDS","is_prod":false,"is_daily":false,"chose_seed":false,"campfire_upgraded":0,"win_rate":0,"timestamp":1560132982,"path_taken":["M","?","M","M","?","E","$","E","T","R","M","?","E","?","R","BOSS","M","M","$","?","?","E"],"build_version":"2019-01-23","purchased_purges":1,"victory":false,"max_hp_per_floor":[75,75,75,75,75,75,75,75,75,75,75,75,75,75,75,75,75,79,79,79,81,81,81],"card_choices":[{"not_picked":["Reboot","Meteor Strike"],"picked":"Electrodynamics","floor":0},{"not_picked":["Tempest","Steam Power"],"picked":"Conserve Battery","floor":1},{"not_picked":["Conserve Battery","Static Discharge"],"picked":"Cold Snap","floor":3},{"not_picked":["Steam Power","Rebound","Go for the Eyes"],"picked":"SKIP","floor":4},{"not_picked":["Streamline","Compile Driver"],"picked":"Leap","floor":6},{"not_picked":["Streamline","Rebound"],"picked":"Ball Lightning","floor":8},{"not_picked":["Recycle","Streamline"],"picked":"Leap","floor":11},{"not_picked":["Cold Snap","Darkness"],"picked":"Fusion","floor":13},{"not_picked":["Hyperbeam","Creative AI"],"picked":"Thunder Strike","floor":16},{"not_picked":["Barrage+1","Leap","Redo"],"picked":"Singing Bowl","floor":18},{"not_picked":["Streamline","Stack","Gash+1"],"picked":"Singing Bowl","floor":18},{"not_picked":["Tempest","Creative AI"],"picked":"Defragment","floor":19},{"not_picked":["Genetic Algorithm+1","Sweeping Beam"],"picked":"Capacitor","floor":19},{"not_picked":["Go for the Eyes","Rebound"],"picked":"Conserve Battery","floor":21},{"not_picked":["Capacitor","Coolheaded","Leap"],"picked":"Singing Bowl","floor":21}],"player_experience":409623,"relics_obtained":[{"floor":6,"key":"Whetstone"},{"floor":8,"key":"Calipers"},{"floor":9,"key":"Bottled Lightning"},{"floor":13,"key":"Prayer Wheel"}],"event_choices":[{"cards_removed":["Normality"],"damage_healed":0,"gold_gain":0,"player_choice":"Card Removal","damage_taken":7,"max_hp_gain":0,"max_hp_loss":0,"event_name":"Golden Wing","floor":2,"gold_loss":0},{"damage_healed":0,"gold_gain":0,"player_choice":"Grow","damage_taken":0,"max_hp_gain":0,"max_hp_loss":0,"event_name":"Living Wall","floor":5,"gold_loss":0,"cards_upgraded":["Dualcast"]},{"damage_healed":0,"gold_gain":0,"player_choice":"Box","damage_taken":0,"relics_obtained":["Singing Bowl"],"max_hp_gain":0,"max_hp_loss":0,"event_name":"Big Fish","floor":12,"gold_loss":0,"cards_obtained":["Regret"]}],"is_beta":false,"boss_relics":[{"not_picked":["Black Star","Busted Crown"],"picked":"Fusion Hammer"}],"items_purged_floors":[14],"is_endless":false,"potions_floor_spawned":[1,3,6,16,18,19],"killed_by":"Slavers","ascension_level":6}