{"gold_per_floor":[112,132,97,97,112,147,147,176,223,223,237,237,247,171,171,171],"floor_reached":16,"playtime":1000,"items_purged":[],"score":116,"play_id":"d3fe5850-9eee-4a75-ae9b-977459c09843","local_time":"20190612173314","is_ascension_mode":true,"campfire_choices":[{"floor":7,"key":"REST"},{"floor":10,"key":"REST"},{"floor":12,"key":"REST"},{"data":"Acrobatics","floor":15,"key":"SMITH"}],"neow_cost":"NONE","seed_source_timestamp":15436912186745,"circlet_count":0,"master_deck":["Defend_G","Defend_G","Defend_G","Defend_G","Defend_G","Strike_G+1","Strike_G","Strike_G","Strike_G+1","Strike_G","Survivor","Neutralize+1","Underhanded Strike","Flying Knee","Tactician","Acrobatics+1","Tools of the Trade","Deadly Poison","Crippling Poison","Infinite Blades"],"relics":["HoveringKite","Ornamental Fan","Orichalcum","Whetstone"],"potions_floor_usage":[13,13,16],"damage_taken":[{"damage":12,"enemies":"Jaw Worm","floor":1,"turns":7},{"damage":8,"enemies":"Cultist","floor":2,"turns":6},{"damage":4,"enemies":"2 Louse","floor":5,"turns":2},{"damage":35,"enemies":"Gremlin Nob","floor":6,"turns":6},{"damage":29,"enemies":"3 Sentries","floor":8,"turns":14},{"damage":9,"enemies":"Looter","floor":11,"turns":4},{"damage":1,"enemies":"Large Slime","floor":13,"turns":5},{"damage":56,"enemies":"Slime Boss","floor":16,"turns":8}],"seed_played":"2227670767413952936","potions_obtained":[{"floor":2,"key":"Strength Potion"},{"floor":8,"key":"Block Potion"},{"floor":13,"key":"Energy Potion"}],"is_trial":false,"path_per_floor":["M","M","?","?","M","E","R","E","T","R","M","R","M","$","R","B"],"character_chosen":"THE_SILENT","items_purchased":["Infinite Blades"],"campfire_rested":3,"item_purchase_floors":[14],"current_hp_per_floor":[58,50,67,67,63,28,49,20,20,41,32,53,52,52,52,0],"gold":171,"neow_bonus":"BOSS_RELIC","is_prod":false,"is_daily":false,"chose_seed":false,"campfire_upgraded":1,"win_rate":0,"timestamp":1560385994,"path_taken":["M","M","?","?","M","E","R","E","T","R","M","R","?","$","R","BOSS"],"build_version":"2019-01-23","purchased_purges":0,"victory":false,"max_hp_per_floor":[70,70,70,70,70,70,70,70,70,70,70,70,70,70,70,70],"card_choices":[{"not_picked":["PiercingWail","Dodge and Roll"],"picked":"Underhanded Strike","floor":1},{"not_picked":["Slice","Dagger Spray"],"picked":"Flying Knee","floor":2},{"not_picked":["All Out Attack","Underhanded Strike"],"picked":"Tactician","floor":5},{"not_picked":["Poisoned Stab","Cloak And Dagger"],"picked":"Acrobatics","floor":6},{"not_picked":["Eviscerate","Dash"],"picked":"Tools of the Trade","floor":8},{"not_picked":["Quick Slash","Outmaneuver"],"picked":"Deadly Poison","floor":11},{"not_picked":["Heel Hook","Skewer"],"picked":"Crippling Poison","floor":13}],"player_experience":197999,"relics_obtained":[{"floor":6,"key":"Ornamental Fan"},{"floor":8,"key":"Orichalcum"},{"floor":9,"key":"Whetstone"}],"event_choices":[{"damage_healed":17,"gold_gain":0,"player_choice":"Healed","damage_taken":0,"max_hp_gain":0,"max_hp_loss":0,"event_name":"The Cleric","floor":3,"gold_loss":35},{"damage_healed":0,"gold_gain":0,"player_choice":"Forge","damage_taken":0,"max_hp_gain":0,"max_hp_loss":0,"event_name":"Accursed Blacksmith","floor":4,"gold_loss":0,"cards_upgraded":["Neutralize"]}],"is_beta":false,"boss_relics":[],"items_purged_floors":[],"is_endless":false,"potions_floor_spawned":[2,8,13],"killed_by":"Slime Boss","ascension_level":1}