{"path_per_floor":["M","$","M","M","M","?","R","E","T","E","R","M","M","M","R","B",null,"M","M","$","M","$","R","M"],"character_chosen":"THE_SILENT","items_purchased":["Caltrops"],"gold_per_floor":[117,42,59,70,88,88,88,114,114,141,141,161,171,189,189,288,288,307,320,220,234,31,31,42],"floor_reached":25,"campfire_rested":0,"playtime":2309,"current_hp_per_floor":[70,70,69,68,68,54,54,49,49,46,46,45,34,31,31,33,70,65,45,45,35,35,35,15],"items_purged":["Strike_G","Defend_G","Defend_G"],"gold":42,"play_id":"5e94aad5-c63c-489a-b6c5-fddcba9812b0","is_prod":false,"is_daily":false,"campfire_rituals":0,"campfire_upgraded":4,"is_hardmode":false,"path_taken":["M","$","M","M","M","?","R","E","T","E","R","?","M","M","R","BOSS","M","M","$","M","$","R","M","E"],"build_version":"2018-01-18-PROD4","purchased_purges":3,"victory":false,"master_deck":["Defend_G","Defend_G","Strike_G","Strike_G","Survivor","Neutralize","Prepared","Bullet Time","Dodge and Roll","Poisoned Stab","Footwork","Poisoned Stab","Bouncing Flask","Heel Hook","Catalyst","Backflip","Escape Plan","Catalyst","Backflip","Quick Slash","Caltrops","Deadly Poison"],"max_hp_per_floor":[70,70,70,70,70,70,70,70,70,70,70,70,70,70,70,70,70,70,70,70,70,70,70,70],"relics":["Astrolabe","Unceasing Top","Bird Faced Urn","Sozu"],"campfire_meditates":0,"card_choices":[{"not_picked":["PiercingWail","Bane"],"picked":"Poisoned Stab"},{"not_picked":["Setup","Poisoned Stab"],"picked":"Footwork"},{"not_picked":["Outmaneuver","Slice"],"picked":"Poisoned Stab"},{"not_picked":["Reflex","Predator"],"picked":"Bouncing Flask"},{"not_picked":["Dagger Throw","Prepared"],"picked":"Heel Hook"},{"not_picked":["Accuracy","Wraith Form"],"picked":"Catalyst"},{"not_picked":["Dodge and Roll","Underhanded Strike"],"picked":"Backflip"},{"not_picked":["Deflect","Outmaneuver"],"picked":"Escape Plan"},{"not_picked":["Endless Agony","Prepared"],"picked":"Catalyst"},{"not_picked":["Slice","Dodge and Roll"],"picked":"Backflip"},{"not_picked":["Acrobatics","Deflect"],"picked":"Quick Slash"},{"not_picked":["Backflip","Endless Agony"],"picked":"Deadly Poison"}],"player_experience":280081,"potions_floor_usage":[10,16],"damage_taken":[{"damage":0,"enemies":"2 Louse","floor":1,"turns":3},{"damage":1,"enemies":"Cultist","floor":3,"turns":6},{"damage":1,"enemies":"Blue Slaver","floor":4,"turns":6},{"damage":0,"enemies":"Gremlin Gang","floor":5,"turns":6},{"damage":5,"enemies":"3 Sentries","floor":8,"turns":10},{"damage":5,"enemies":"Lagavulin","floor":10,"turns":5},{"damage":1,"enemies":"Exordium Wildlife","floor":12,"turns":5},{"damage":13,"enemies":"Lots of Slimes","floor":13,"turns":6},{"damage":5,"enemies":"Looter","floor":14,"turns":3},{"damage":0,"enemies":"Hexaghost","floor":16,"turns":7},{"damage":7,"enemies":"Chosen","floor":18,"turns":5},{"damage":22,"enemies":"3 Byrds","floor":19,"turns":7},{"damage":12,"enemies":"3 Cultists","floor":21,"turns":6},{"damage":22,"enemies":"Snecko","floor":24,"turns":5},{"damage":16,"enemies":"Slavers","floor":25,"turns":1}],"event_choices":[{"event_name":"Shining Light","player_choice":"Entered Light","floor":6,"damage_taken":0}],"boss_relics":[{"not_picked":["Ectoplasm","Pandora\u0027s Box"],"picked":"Sozu"}],"potions_floor_spawned":[8,10,13,14,16,19,24],"seed_played":"5087174601239218884","killed_by":"Slavers","is_trial":false}