{"gold_per_floor":[16,28,28,28,38,38,63,63,63,94,94],"floor_reached":11,"playtime":348,"items_purged":[],"score":158,"play_id":"af51e8da-85af-4058-b690-be1d8d3d4233","local_time":"20190119210640","is_ascension_mode":true,"campfire_choices":[{"data":"Neutralize","floor":6,"key":"SMITH"},{"data":"Dagger Spray","floor":8,"key":"SMITH"}],"neow_cost":"NO_GOLD","seed_source_timestamp":297315307381138,"circlet_count":0,"master_deck":["AscendersBane","Defend_G","Defend_G","Defend_G","Defend_G","Defend_G","Strike_G","Strike_G","Strike_G","Strike_G","Strike_G","Survivor","Neutralize+1","Corpse Explosion","Cloak And Dagger","Bouncing Flask","Poisoned Stab","Dagger Spray+1","Backstab"],"relics":["Ring of the Snake","Kunai","Question Card","Anchor"],"potions_floor_usage":[10],"damage_taken":[{"damage":5,"enemies":"Cultist","floor":1,"turns":5},{"damage":7,"enemies":"Small Slimes","floor":2,"turns":5},{"damage":5,"enemies":"Jaw Worm","floor":5,"turns":4},{"damage":12,"enemies":"3 Sentries","floor":7,"turns":4},{"damage":29,"enemies":"Gremlin Nob","floor":10,"turns":4},{"damage":8,"enemies":"3 Sentries","floor":11,"turns":2}],"seed_played":"-6027804280120933698","potions_obtained":[{"floor":1,"key":"Swift Potion"},{"floor":10,"key":"Poison Potion"}],"is_trial":false,"path_per_floor":["M","M","?","$","M","R","E","R","T","E","?"],"character_chosen":"THE_SILENT","items_purchased":[],"campfire_rested":0,"item_purchase_floors":[],"current_hp_per_floor":[54,47,47,47,42,42,30,30,30,1,0],"gold":94,"neow_bonus":"THREE_RARE_CARDS","is_prod":false,"is_daily":false,"chose_seed":false,"campfire_upgraded":2,"win_rate":0,"timestamp":1547932000,"path_taken":["M","?","?","?","M","R","E","R","T","E","?"],"build_version":"2019-01-17v2","purchased_purges":0,"victory":false,"max_hp_per_floor":[66,66,66,66,66,66,66,66,66,66,66],"card_choices":[{"not_picked":["Night Terror","Glass Knife"],"picked":"Corpse Explosion","floor":0},{"not_picked":["Bouncing Flask","PiercingWail"],"picked":"Cloak And Dagger","floor":1},{"not_picked":["Tactician","Accuracy"],"picked":"Bouncing Flask","floor":2},{"not_picked":["Quick Slash","Dodge and Roll"],"picked":"Poisoned Stab","floor":5},{"not_picked":["Finisher","Phantasmal Killer"],"picked":"Dagger Spray","floor":7},{"not_picked":["Infinite Blades","Predator","Tactician"],"picked":"Backstab","floor":10}],"player_experience":1193018,"relics_obtained":[{"floor":7,"key":"Kunai"},{"floor":9,"key":"Question Card"},{"floor":10,"key":"Anchor"}],"event_choices":[{"damage_healed":0,"gold_gain":0,"player_choice":"Ignored","damage_taken":0,"max_hp_gain":0,"max_hp_loss":0,"event_name":"Liars Game","floor":3,"gold_loss":0},{"damage_healed":0,"gold_gain":0,"player_choice":"Searched \u00271\u0027 times","damage_taken":0,"max_hp_gain":0,"max_hp_loss":0,"event_name":"Dead Adventurer","floor":11,"gold_loss":0}],"is_beta":false,"boss_relics":[],"items_purged_floors":[],"is_endless":false,"potions_floor_spawned":[1,10],"killed_by":"3 Sentries","ascension_level":19}