{"gold_per_floor":[117,192,192,203,217,246,246,246,246,246,266,276,276,290,290,388,388,405,421,12,12,0,0,0,12,66,66,66,97,111,111],"floor_reached":31,"playtime":2056,"items_purged":["Strike_G"],"score":237,"play_id":"6ed54d3d-ace3-4fe3-9de0-232dad2f2e17","local_time":"20190704202257","is_ascension_mode":false,"campfire_choices":[{"data":"Blade Dance","floor":7,"key":"SMITH"},{"floor":10,"key":"REST"},{"data":"Deadly Poison","floor":13,"key":"SMITH"},{"floor":15,"key":"REST"},{"data":"Well Laid Plans","floor":23,"key":"SMITH"},{"data":"RitualDagger","floor":27,"key":"SMITH"}],"neow_cost":"PERCENT_DAMAGE","seed_source_timestamp":0,"circlet_count":0,"master_deck":["Strike_G+1","Strike_G","Strike_G","Strike_G","Defend_G","Defend_G","Defend_G","Defend_G","Defend_G","Survivor+1","Neutralize","Blade Dance+1","Finisher","Deadly Poison+1","All Out Attack","Quick Slash","Quick Slash","Slice","Bullet Time","Deadly Poison+1","Blade Dance+1","HandOfGreed","Well Laid Plans+1","RitualDagger+1","Glass Knife","Infinite Blades","Prepared","PiercingWail"],"special_seed":0,"relics":["Ring of the Snake","Incense Burner","Mummified Hand","Ginger","Ornamental Fan","Runic Dome","Membership Card","Happy Flower"],"potions_floor_usage":[6,16],"damage_taken":[{"damage":2.0,"enemies":"Jaw Worm","floor":1.0,"turns":4.0},{"damage":1.0,"enemies":"Small Slimes","floor":4.0,"turns":3.0},{"damage":0,"enemies":"2 Louse","floor":5,"turns":3},{"damage":14,"enemies":"Gremlin Nob","floor":6,"turns":4},{"damage":3,"enemies":"Blue Slaver","floor":11,"turns":4},{"damage":1,"enemies":"Exordium Wildlife","floor":12,"turns":3},{"damage":7,"enemies":"2 Fungi Beasts","floor":14,"turns":3},{"damage":1,"enemies":"Slime Boss","floor":16,"turns":10},{"damage":0,"enemies":"Spheric Guardian","floor":18,"turns":3},{"damage":9,"enemies":"Shell Parasite","floor":19,"turns":4},{"damage":19,"enemies":"Cultist and Chosen","floor":25,"turns":6},{"damage":8,"enemies":"3 Cultists","floor":29,"turns":4},{"damage":11,"enemies":"Snecko","floor":30,"turns":3},{"damage":21,"enemies":"Snake Plant","floor":31,"turns":2}],"seed_played":"-5453848083586969178","potions_obtained":[{"floor":5,"key":"EssenceOfSteel"},{"floor":11,"key":"SpeedPotion"},{"floor":16,"key":"GamblersBrew"},{"floor":18,"key":"GhostInAJar"},{"floor":30,"key":"Ancient Potion"}],"is_trial":false,"path_per_floor":["M","?","?","M","M","E","R","?","T","R","M","M","R","M","R","B",null,"M","M","$","?","?","R","$","M","T","R","?","M","M","M"],"character_chosen":"THE_SILENT","items_purchased":["Membership Card","HandOfGreed","Well Laid Plans"],"campfire_rested":2,"item_purchase_floors":[20,20,20],"current_hp_per_floor":[47,36,33,32,32,18,18,4,4,25,22,21,21,14,35,34,70,70,61,61,55,55,55,55,36,36,36,36,28,17,0],"gold":111,"neow_bonus":"ONE_RARE_RELIC","is_prod":false,"is_daily":false,"chose_seed":false,"campfire_upgraded":4,"win_rate":0.0,"timestamp":1562239377,"path_taken":["M","?","?","M","M","E","R","?","T","R","M","M","R","M","R","BOSS","M","M","$","?","?","R","?","M","T","R","?","?","M","M"],"build_version":"2019-07-01","purchased_purges":1,"victory":false,"max_hp_per_floor":[70,70,70,70,70,70,70,70,70,70,70,70,70,70,70,70,70,70,70,70,70,70,70,70,70,70,70,70,70,70,70],"card_choices":[{"not_picked":["Sucker Punch","Heel Hook"],"picked":"Blade Dance","floor":1.0},{"not_picked":["Endless Agony","Flechettes"],"picked":"Finisher","floor":4.0},{"not_picked":["Underhanded Strike","Quick Slash"],"picked":"Deadly Poison","floor":5},{"not_picked":["Finisher","Sucker Punch"],"picked":"All Out Attack","floor":6},{"not_picked":["Dodge and Roll","Backflip"],"picked":"Quick Slash","floor":11},{"not_picked":["Acrobatics","Riddle With Holes"],"picked":"Quick Slash","floor":12},{"not_picked":["Bane","Skewer"],"picked":"Slice","floor":14},{"not_picked":["Burst","Unload"],"picked":"Bullet Time","floor":16},{"not_picked":["Poisoned Stab","Dash"],"picked":"Deadly Poison+1","floor":18},{"not_picked":["Dagger Throw","PiercingWail"],"picked":"Blade Dance+1","floor":19},{"not_picked":["Masterful Stab","Prepared"],"picked":"Glass Knife","floor":25},{"not_picked":["Quick Slash+1","Blade Dance"],"picked":"Prepared","floor":29},{"not_picked":["Sucker Punch","Underhanded Strike"],"picked":"PiercingWail","floor":30}],"player_experience":29616,"relics_obtained":[{"floor":6,"key":"Ginger"},{"floor":9,"key":"Ornamental Fan"},{"floor":26,"key":"Happy Flower"}],"event_choices":[{"damage_healed":0.0,"max_hp_gain":0.0,"max_hp_loss":0.0,"gold_gain":75.0,"event_name":"World of Goop","player_choice":"Gather Gold","floor":2.0,"gold_loss":0.0,"damage_taken":11.0},{"damage_healed":0.0,"max_hp_gain":0.0,"max_hp_loss":0.0,"gold_gain":0.0,"event_name":"Scrap Ooze","player_choice":"Success","floor":3.0,"gold_loss":0.0,"damage_taken":3.0,"relics_obtained":["Mummified Hand"]},{"damage_healed":0,"gold_gain":0,"player_choice":"Entered Light","damage_taken":14,"max_hp_gain":0,"max_hp_loss":0,"event_name":"Shining Light","floor":8,"gold_loss":0,"cards_upgraded":["Survivor","Strike_G"]},{"damage_healed":0,"gold_gain":0,"player_choice":"Joined the Cult","damage_taken":6,"max_hp_gain":0,"max_hp_loss":0,"event_name":"Nest","floor":21,"gold_loss":0,"cards_obtained":["RitualDagger"]},{"damage_healed":0,"gold_gain":0,"player_choice":"Paid Fearfully","damage_taken":0,"max_hp_gain":0,"max_hp_loss":0,"event_name":"Masked Bandits","floor":22,"gold_loss":12},{"damage_healed":0,"gold_gain":0,"player_choice":"Read","damage_taken":0,"max_hp_gain":0,"max_hp_loss":0,"event_name":"The Library","floor":28,"gold_loss":0,"cards_obtained":["Infinite Blades"]}],"is_beta":false,"boss_relics":[{"not_picked":["Eternal Feather","Velvet Choker"],"picked":"Runic Dome"}],"items_purged_floors":[20],"is_endless":false,"potions_floor_spawned":[5,11,16,18,30],"killed_by":"Snake Plant","ascension_level":0}