{"gold_per_floor":[110,130,130,130,305,305,380,380,380,380,226,242,242,268,268,268],"floor_reached":16,"playtime":483,"items_purged":[],"score":115,"play_id":"14c35c77-482c-4c05-9aec-4f7f6b67611d","local_time":"20181226030843","is_ascension_mode":true,"campfire_choices":[{"floor":6,"key":"REST"},{"data":"Coolheaded","floor":8,"key":"SMITH"},{"data":"Dualcast","floor":10,"key":"SMITH"},{"data":"Capacitor","floor":13,"key":"SMITH"},{"floor":15,"key":"REST"}],"neow_cost":"CURSE","seed_source_timestamp":103426609882786,"circlet_count":0,"master_deck":["Strike_B","Strike_B","Strike_B","Strike_B","Defend_B","Defend_B","Defend_B","Defend_B+1","Zap","Dualcast+1","Writhe","Amplify+1","Coolheaded+1","Ball Lightning","Doubt","Capacitor+1","Aggregate","Barrage","Redo"],"relics":["Cracked Core","Symbiotic Virus","Letter Opener","PreservedInsect"],"potions_floor_usage":[14],"damage_taken":[{"damage":6,"enemies":"Cultist","floor":1,"turns":4},{"damage":0,"enemies":"2 Louse","floor":2,"turns":4},{"damage":0,"enemies":"Small Slimes","floor":12,"turns":3},{"damage":18,"enemies":"Gremlin Nob","floor":14,"turns":3},{"damage":40,"enemies":"Hexaghost","floor":16,"turns":9}],"seed_played":"-6244499665316319833","potions_obtained":[{"floor":2,"key":"Energy Potion"},{"floor":14,"key":"FearPotion"}],"is_trial":false,"path_per_floor":["M","M","?","?","?","R","?","R","T","R","$","M","R","E","R","B"],"character_chosen":"DEFECT","items_purchased":["Capacitor","Aggregate"],"campfire_rested":2,"item_purchase_floors":[11,11],"current_hp_per_floor":[69,69,54,21,21,43,32,32,32,32,32,32,32,14,36,0],"gold":268,"neow_bonus":"THREE_RARE_CARDS","is_prod":false,"is_daily":false,"chose_seed":false,"campfire_upgraded":3,"win_rate":0,"timestamp":1545822523,"path_taken":["M","M","?","?","?","R","?","R","T","R","$","M","R","E","R","BOSS"],"build_version":"2018-12-20","purchased_purges":0,"victory":false,"max_hp_per_floor":[75,75,75,75,75,75,75,75,75,75,75,75,75,75,75,75],"card_choices":[{"not_picked":["Hyperbeam","All For One"],"picked":"Amplify","floor":0},{"not_picked":["Gash","Conserve Battery"],"picked":"Coolheaded","floor":1},{"not_picked":["Gash","Scrape"],"picked":"Ball Lightning","floor":2},{"not_picked":["Stack","Fusion"],"picked":"Barrage","floor":12},{"not_picked":["Force Field","Turbo"],"picked":"Redo","floor":14}],"player_experience":125990,"relics_obtained":[{"floor":9,"key":"Letter Opener"},{"floor":14,"key":"PreservedInsect"}],"event_choices":[{"damage_healed":0,"gold_gain":0,"player_choice":"Entered Light","damage_taken":15,"max_hp_gain":0,"max_hp_loss":0,"event_name":"Shining Light","floor":3,"gold_loss":0,"cards_upgraded":["Amplify","Defend_B"]},{"damage_healed":0,"gold_gain":0,"player_choice":"Success","damage_taken":33,"relics_obtained":["Symbiotic Virus"],"max_hp_gain":0,"max_hp_loss":0,"event_name":"Scrap Ooze","floor":4,"gold_loss":0},{"damage_healed":0,"gold_gain":175,"player_choice":"AGREE","damage_taken":0,"max_hp_gain":0,"max_hp_loss":0,"event_name":"Liars Game","floor":5,"gold_loss":0,"cards_obtained":["Doubt"]},{"damage_healed":0,"gold_gain":75,"player_choice":"Gather Gold","damage_taken":11,"max_hp_gain":0,"max_hp_loss":0,"event_name":"World of Goop","floor":7,"gold_loss":0}],"is_beta":false,"boss_relics":[],"items_purged_floors":[],"is_endless":false,"potions_floor_spawned":[2,14],"killed_by":"Hexaghost","ascension_level":4}