{"gold_per_floor":[118,134,144,161,68,68,81,108,135,135,148,148,148,159,159,256,256,269,63,80,95,108,139,139,139,186,186,186,197,197],"floor_reached":30,"playtime":2794,"items_purged":[],"score":292,"play_id":"7327347f-8e6c-4922-9f64-ba237ae8efc3","local_time":"20190612143720","is_ascension_mode":true,"campfire_choices":[{"data":"Doppelganger","floor":6,"key":"SMITH"},{"floor":12,"key":"REST"},{"floor":15,"key":"REST"},{"floor":24,"key":"REST"},{"data":"Phantasmal Killer","floor":27,"key":"SMITH"}],"neow_cost":"NONE","seed_source_timestamp":3089004917182,"circlet_count":0,"master_deck":["Defend_G","Defend_G","Defend_G","Defend_G","Defend_G","Strike_G","Strike_G+1","Strike_G","Strike_G","Strike_G","Survivor","Neutralize","Doppelganger+1","Acrobatics","Deadly Poison","Caltrops","Backflip","Dramatic Entrance","Setup","Accuracy","Prepared","Blade Dance","Deflect","Deadly Poison","Phantasmal Killer+1","Terror","Escape Plan","Escape Plan","Backstab","Deflect","Prepared","Poisoned Stab+1","Doppelganger+1","Outmaneuver+1","Bane+1","Bane+1","Crippling Poison+1","Dagger Throw+1","Burst","Quick Slash","Acrobatics"],"relics":["Ring of the Snake","Prayer Wheel","Anchor","Bronze Scales","Orrery","DollysMirror","Whetstone","MutagenicStrength","Juzu Bracelet"],"potions_floor_usage":[4,11,16,18,23,30],"damage_taken":[{"damage":0,"enemies":"2 Louse","floor":1,"turns":4},{"damage":2,"enemies":"Small Slimes","floor":2,"turns":5},{"damage":6,"enemies":"Jaw Worm","floor":3,"turns":4},{"damage":16,"enemies":"Large Slime","floor":4,"turns":6},{"damage":0,"enemies":"3 Louse","floor":7,"turns":4},{"damage":23,"enemies":"3 Sentries","floor":8,"turns":9},{"damage":4,"enemies":"Gremlin Gang","floor":11,"turns":3},{"damage":0,"enemies":"2 Fungi Beasts","floor":14,"turns":3},{"damage":26,"enemies":"The Guardian","floor":16,"turns":11},{"damage":0,"enemies":"3 Byrds","floor":18,"turns":3},{"damage":16,"enemies":"Spheric Guardian","floor":20,"turns":6},{"damage":6,"enemies":"Chosen and Byrds","floor":21,"turns":6},{"damage":10,"enemies":"Cultist and Chosen","floor":22,"turns":4},{"damage":19,"enemies":"Book of Stabbing","floor":23,"turns":5},{"damage":18,"enemies":"Centurion and Healer","floor":29,"turns":5},{"damage":10,"enemies":"Sentry and Sphere","floor":30,"turns":3}],"seed_played":"8748386768182175306","potions_obtained":[{"floor":2,"key":"SkillPotion"},{"floor":8,"key":"Fire Potion"},{"floor":11,"key":"Weak Potion"},{"floor":16,"key":"Swift Potion"},{"floor":22,"key":"GamblersBrew"},{"floor":23,"key":"Ancient Potion"},{"floor":29,"key":"AttackPotion"}],"is_trial":false,"path_per_floor":["M","M","M","M","$","R","M","E","T","?","M","R","?","M","R","B",null,"M","$","M","M","M","E","R","?","T","R","?","M","M"],"character_chosen":"THE_SILENT","items_purchased":["Dramatic Entrance","DollysMirror"],"campfire_rested":3,"item_purchase_floors":[5,19],"current_hp_per_floor":[70,68,62,46,46,46,46,23,23,23,19,40,33,33,54,28,70,70,70,54,48,38,19,40,40,40,40,27,9,0],"gold":197,"neow_bonus":"ONE_RANDOM_RARE_CARD","is_prod":false,"is_daily":false,"chose_seed":false,"campfire_upgraded":2,"win_rate":0,"timestamp":1560375440,"path_taken":["M","M","M","M","$","R","M","E","T","?","M","R","?","M","R","BOSS","M","$","M","M","M","E","R","?","T","R","?","M","M"],"build_version":"2019-01-23","purchased_purges":0,"victory":false,"max_hp_per_floor":[70,70,70,70,70,70,70,70,70,70,70,70,70,70,70,70,70,70,70,70,70,70,70,70,70,70,70,75,75,75],"card_choices":[{"not_picked":["Deflect","Slice"],"picked":"Acrobatics","floor":1},{"not_picked":["Bane","Backflip"],"picked":"Deadly Poison","floor":2},{"not_picked":["Leg Sweep","Outmaneuver"],"picked":"Caltrops","floor":3},{"not_picked":["PiercingWail","Riddle With Holes"],"picked":"Backflip","floor":4},{"not_picked":["Masterful Stab","Outmaneuver"],"picked":"Setup","floor":7},{"not_picked":["Masterful Stab","Heel Hook"],"picked":"Accuracy","floor":8},{"not_picked":["Eviscerate","Caltrops"],"picked":"Prepared","floor":11},{"not_picked":["Masterful Stab","Acrobatics"],"picked":"Blade Dance","floor":11},{"not_picked":["Distraction","Deadly Poison"],"picked":"Deflect","floor":14},{"not_picked":["Bullet Time","Bane"],"picked":"Deadly Poison","floor":14},{"not_picked":["Wraith Form v2","Malaise"],"picked":"Phantasmal Killer","floor":16},{"not_picked":["Blade Dance","Outmaneuver"],"picked":"Terror","floor":17},{"not_picked":["Acrobatics","Deadly Poison"],"picked":"Escape Plan","floor":17},{"not_picked":["Outmaneuver","Dagger Throw"],"picked":"Escape Plan","floor":17},{"not_picked":["Outmaneuver","Riddle With Holes"],"picked":"Backstab","floor":17},{"not_picked":["Outmaneuver","Quick Slash"],"picked":"Deflect","floor":17},{"not_picked":["Bane","Dodge and Roll"],"picked":"Prepared","floor":18},{"not_picked":["Deflect","Acrobatics"],"picked":"Poisoned Stab+1","floor":18},{"not_picked":["Grand Finale","Backflip+1"],"picked":"Outmaneuver+1","floor":20},{"not_picked":["All Out Attack","Dagger Spray+1"],"picked":"Bane+1","floor":20},{"not_picked":["Skewer","Poisoned Stab"],"picked":"Bane","floor":21},{"not_picked":["Prepared","Flying Knee+1"],"picked":"Crippling Poison+1","floor":21},{"not_picked":["Quick Slash","Deadly Poison"],"picked":"Dagger Throw+1","floor":22},{"not_picked":["PiercingWail+1","Underhanded Strike"],"picked":"Burst","floor":22},{"not_picked":["Dodge and Roll","Deflect"],"picked":"Quick Slash","floor":23},{"not_picked":["Outmaneuver+1","Poisoned Stab"],"picked":"Acrobatics","floor":29},{"not_picked":["Poisoned Stab","Choke+1","Bouncing Flask"],"picked":"SKIP","floor":29}],"player_experience":185734,"relics_obtained":[{"floor":8,"key":"Prayer Wheel"},{"floor":9,"key":"Anchor"},{"floor":23,"key":"Whetstone"},{"floor":26,"key":"Juzu Bracelet"}],"event_choices":[{"damage_healed":0,"gold_gain":0,"player_choice":"Box","damage_taken":0,"relics_obtained":["Bronze Scales"],"max_hp_gain":0,"max_hp_loss":0,"event_name":"Big Fish","floor":10,"gold_loss":0,"cards_obtained":["Regret"]},{"cards_removed":["Regret"],"damage_healed":0,"gold_gain":0,"player_choice":"Card Removal","damage_taken":7,"max_hp_gain":0,"max_hp_loss":0,"event_name":"Golden Wing","floor":13,"gold_loss":0},{"damage_healed":0,"gold_gain":0,"player_choice":"Inject Mutagens","damage_taken":0,"relics_obtained":["MutagenicStrength"],"max_hp_gain":0,"max_hp_loss":0,"event_name":"Drug Dealer","floor":25,"gold_loss":0},{"damage_healed":0,"gold_gain":0,"player_choice":"Shed Blood","damage_taken":18,"max_hp_gain":5,"max_hp_loss":0,"event_name":"Forgotten Altar","floor":28,"gold_loss":0}],"is_beta":false,"boss_relics":[{"not_picked":["Runic Dome","Runic Pyramid"],"picked":"Orrery"}],"items_purged_floors":[],"is_endless":false,"potions_floor_spawned":[2,8,11,16,22,23,29],"killed_by":"Sentry and Sphere","ascension_level":1}