{"gold_per_floor":[210,210,210,135,160,160,184,209,283,314,339,339],"floor_reached":12,"playtime":639,"items_purged":[],"score":148,"play_id":"cfcf0985-b5ec-4702-849a-f7ebf3b417cb","local_time":"20190625160418","is_ascension_mode":true,"campfire_choices":[{"data":"Neutralize","floor":6,"key":"SMITH"}],"neow_cost":"NONE","seed_source_timestamp":262267718033685,"circlet_count":0,"master_deck":["AscendersBane","Defend_G","Defend_G","Defend_G","Defend_G","Defend_G","Strike_G","Strike_G","Strike_G","Survivor","Neutralize+1","PiercingWail","Quick Slash","Deadly Poison","Dodge and Roll"],"relics":["Ring of the Snake","Golden Idol","Dream Catcher","Blue Candle","Ninja Scroll"],"potions_floor_usage":[10],"damage_taken":[{"damage":0,"enemies":"2 Louse","floor":1,"turns":3},{"damage":0,"enemies":"Small Slimes","floor":7,"turns":6},{"damage":1,"enemies":"Jaw Worm","floor":8,"turns":6},{"damage":25,"enemies":"Gremlin Nob","floor":10,"turns":4},{"damage":0,"enemies":"Looter","floor":11,"turns":3},{"damage":28,"enemies":"3 Sentries","floor":12,"turns":8}],"seed_played":"-5680767971789458667","potions_obtained":[{"floor":7,"key":"AttackPotion"}],"is_trial":false,"path_per_floor":["M","?","?","?","T","R","M","M","T","E","M","E"],"character_chosen":"THE_SILENT","items_purchased":[],"campfire_rested":0,"item_purchase_floors":[],"current_hp_per_floor":[59,59,52,52,52,52,52,51,51,26,26,0],"gold":339,"neow_bonus":"HUNDRED_GOLD","is_prod":false,"is_daily":false,"chose_seed":false,"campfire_upgraded":1,"win_rate":0,"timestamp":1561493058,"path_taken":["M","?","?","?","?","R","?","M","T","E","M","E"],"build_version":"2019-01-23","purchased_purges":0,"victory":false,"max_hp_per_floor":[66,60,60,60,60,60,60,60,60,60,60,60],"card_choices":[{"not_picked":["Dagger Throw","Heel Hook"],"picked":"PiercingWail","floor":1},{"not_picked":["Slice","Bane"],"picked":"Quick Slash","floor":7},{"not_picked":["Catalyst","Finisher","Underhanded Strike"],"picked":"SKIP","floor":8},{"not_picked":["Blade Dance","Slice"],"picked":"Deadly Poison","floor":10},{"not_picked":["Slice","Grand Finale"],"picked":"Dodge and Roll","floor":11}],"player_experience":2333918,"relics_obtained":[{"floor":5,"key":"Dream Catcher"},{"floor":9,"key":"Blue Candle"},{"floor":10,"key":"Ninja Scroll"}],"event_choices":[{"damage_healed":0,"gold_gain":0,"player_choice":"Lose Max HP","damage_taken":0,"relics_obtained":["Golden Idol"],"max_hp_gain":0,"max_hp_loss":6,"event_name":"Golden Idol","floor":2,"gold_loss":0},{"cards_removed":["Strike_G"],"damage_healed":0,"gold_gain":0,"player_choice":"Card Removal","damage_taken":7,"max_hp_gain":0,"max_hp_loss":0,"event_name":"Golden Wing","floor":3,"gold_loss":0},{"cards_removed":["Strike_G"],"damage_healed":0,"gold_gain":0,"player_choice":"Card Removal","damage_taken":0,"max_hp_gain":0,"max_hp_loss":0,"event_name":"The Cleric","floor":4,"gold_loss":75}],"is_beta":false,"boss_relics":[],"items_purged_floors":[],"is_endless":false,"potions_floor_spawned":[7],"killed_by":"3 Sentries","ascension_level":18}