{"gold_per_floor":[111,9,25,25,39,39,89,119,119,144,144,55,82,7,7,85,85,85,85,85,85,85,85,29,29,29,29,29,29,29,29,29,29,29,29,29,0,0,0,0,0,0,0,0,0,0,0,0,0,0],"floor_reached":50,"playtime":2716,"items_purged":["Pain"],"score":1025,"play_id":"8906ffd2-5f0d-46e1-ad93-493153112922","local_time":"20190330205635","is_ascension_mode":true,"campfire_choices":[{"data":"Uppercut","floor":6,"key":"SMITH"},{"floor":11,"key":"REST"},{"data":"Discovery","floor":15,"key":"SMITH"},{"data":"True Grit","floor":25,"key":"SMITH"},{"data":"True Grit","floor":30,"key":"SMITH"},{"data":"Fiend Fire","floor":32,"key":"SMITH"},{"floor":42,"key":"REST"},{"floor":49,"key":"REST"}],"neow_cost":"CURSE","seed_source_timestamp":849608886079740,"circlet_count":0,"master_deck":["AscendersBane","Strike_R","Strike_R","Strike_R","Strike_R","Strike_R","Defend_R","Defend_R","Defend_R","Defend_R","Bash","Clumsy","True Grit+1","Shrug It Off","Uppercut+1","Iron Wave","Shockwave","Metallicize","Fiend Fire+1","Discovery+1","Impervious","Feel No Pain+1","Writhe","Feel No Pain","True Grit+1","Sentinel+1","Immolate","Rupture+1","Power Through","Intimidate","Warcry","Entrench"],"relics":["Burning Blood","Torii","WarpedTongs","Nunchaku","StoneCalendar","Oddly Smooth Stone","Thread and Needle","Ectoplasm","Red Skull","Blue Candle","Pantograph","Art of War","Mark of Pain","Red Mask","Regal Pillow","Mango","Vajra","Centennial Puzzle"],"potions_floor_usage":[13,13,23,41,47],"damage_taken":[{"damage":28,"enemies":"Jaw Worm","floor":1,"turns":7},{"damage":1,"enemies":"Cultist","floor":3,"turns":3},{"damage":3,"enemies":"2 Louse","floor":5,"turns":2},{"damage":27,"enemies":"Lagavulin","floor":8,"turns":8},{"damage":13,"enemies":"Gremlin Nob","floor":10,"turns":6},{"damage":3,"enemies":"Lagavulin","floor":13,"turns":7},{"damage":16,"enemies":"Slime Boss","floor":16,"turns":7},{"damage":1,"enemies":"Chosen","floor":18,"turns":5},{"damage":1,"enemies":"Shell Parasite","floor":21,"turns":5},{"damage":24,"enemies":"Gremlin Leader","floor":23,"turns":8},{"damage":8,"enemies":"3 Cultists","floor":27,"turns":7},{"damage":10,"enemies":"Snecko","floor":28,"turns":7},{"damage":3,"enemies":"Centurion and Healer","floor":29,"turns":6},{"damage":1,"enemies":"Book of Stabbing","floor":31,"turns":7},{"damage":30,"enemies":"Champ","floor":33,"turns":18},{"damage":1,"enemies":"3 Shapes","floor":35,"turns":7},{"damage":27,"enemies":"Reptomancer","floor":40,"turns":8},{"damage":12,"enemies":"3 Darklings","floor":41,"turns":7},{"damage":68,"enemies":"Giant Head","floor":44,"turns":10},{"damage":4,"enemies":"Spire Growth","floor":45,"turns":6},{"damage":8,"enemies":"Jaw Worm Horde","floor":47,"turns":3},{"damage":86,"enemies":"Awakened One","floor":50,"turns":15}],"seed_played":"3578033824318757403","potions_obtained":[{"floor":1,"key":"FearPotion"},{"floor":10,"key":"Regen Potion"},{"floor":13,"key":"Energy Potion"},{"floor":16,"key":"Block Potion"},{"floor":27,"key":"Fire Potion"}],"is_trial":false,"path_per_floor":["M","$","M","?","M","R","?","E","T","E","R","$","E","$","R","B",null,"M","$","?","M","?","E","$","R","T","M","M","M","R","E","R","B",null,"M","?","?","$","?","E","M","R","T","E","M","$","M","$","R","B"],"character_chosen":"IRONCLAD","items_purchased":["Shrug It Off","Uppercut","Discovery","True Grit"],"campfire_rested":3,"item_purchase_floors":[2,2,12,24],"current_hp_per_floor":[46,46,51,51,54,54,54,33,33,26,48,48,66,66,66,56,70,75,75,75,75,64,46,46,46,46,44,40,43,43,48,48,49,69,74,71,71,71,71,64,58,85,85,23,25,25,23,23,63,0],"gold":0,"neow_bonus":"ONE_RARE_RELIC","is_prod":false,"is_daily":false,"chose_seed":false,"campfire_upgraded":5,"win_rate":0,"timestamp":1553993795,"path_taken":["M","$","M","?","?","R","?","E","T","E","R","?","E","$","R","BOSS","M","$","?","M","?","E","$","R","T","M","?","?","R","E","R","BOSS","M","?","?","$","?","E","M","R","T","E","M","$","?","$","R","BOSS"],"build_version":"2019-01-23","purchased_purges":1,"victory":false,"max_hp_per_floor":[75,75,75,75,75,75,75,75,75,75,75,75,75,75,75,75,75,75,75,75,75,75,75,75,75,75,75,75,75,75,75,75,75,75,75,71,71,71,71,85,85,85,85,85,85,85,85,85,85,85],"card_choices":[{"not_picked":["Clash","Heavy Blade"],"picked":"True Grit","floor":1},{"not_picked":["Cleave","True Grit"],"picked":"Iron Wave","floor":3},{"not_picked":["Perfected Strike","Pommel Strike"],"picked":"Shockwave","floor":5},{"not_picked":["Dual Wield","Anger"],"picked":"Metallicize","floor":8},{"not_picked":["Heavy Blade","True Grit"],"picked":"Fiend Fire","floor":10},{"not_picked":["Armaments","Sword Boomerang","Sentinel"],"picked":"SKIP","floor":13},{"not_picked":["Fiend Fire","Berserk"],"picked":"Impervious","floor":16},{"not_picked":["Pommel Strike","Shockwave"],"picked":"Feel No Pain+1","floor":18},{"not_picked":["Iron Wave","Evolve","Pommel Strike"],"picked":"SKIP","floor":21},{"not_picked":["Havoc","Barricade"],"picked":"Feel No Pain","floor":23},{"not_picked":["Seeing Red","Wild Strike","Thunderclap"],"picked":"SKIP","floor":27},{"not_picked":["Feel No Pain","Thunderclap"],"picked":"Sentinel+1","floor":28},{"not_picked":["Twin Strike","Clothesline","Flex"],"picked":"SKIP","floor":29},{"not_picked":["Double Tap","Flex","Armaments"],"picked":"SKIP","floor":31},{"not_picked":["Double Tap","Feed"],"picked":"Immolate","floor":33},{"not_picked":["Heavy Blade","Pommel Strike"],"picked":"Rupture+1","floor":35},{"not_picked":["Carnage","Armaments"],"picked":"Power Through","floor":40},{"not_picked":["Clash","Perfected Strike"],"picked":"Intimidate","floor":41},{"not_picked":["Inflame","Sword Boomerang"],"picked":"Warcry","floor":44},{"not_picked":["Warcry+1","Flame Barrier"],"picked":"Entrench","floor":45},{"not_picked":["Warcry","Rupture+1","Thunderclap+1"],"picked":"SKIP","floor":47}],"player_experience":343161,"relics_obtained":[{"floor":8,"key":"Nunchaku"},{"floor":9,"key":"StoneCalendar"},{"floor":10,"key":"Oddly Smooth Stone"},{"floor":13,"key":"Thread and Needle"},{"floor":23,"key":"Blue Candle"},{"floor":26,"key":"Pantograph"},{"floor":31,"key":"Art of War"},{"floor":39,"key":"Regal Pillow"},{"floor":40,"key":"Mango"},{"floor":43,"key":"Vajra"},{"floor":44,"key":"Centennial Puzzle"}],"event_choices":[{"damage_healed":0,"gold_gain":0,"player_choice":"Rummage","damage_taken":0,"relics_obtained":["WarpedTongs"],"max_hp_gain":0,"max_hp_loss":0,"event_name":"Accursed Blacksmith","floor":4,"gold_loss":0,"cards_obtained":["Pain"]},{"damage_healed":0,"gold_gain":50,"player_choice":"Pray","damage_taken":0,"max_hp_gain":0,"max_hp_loss":0,"event_name":"Golden Shrine","floor":7,"gold_loss":0},{"damage_healed":0,"gold_gain":0,"player_choice":"Opened","damage_taken":0,"relics_obtained":["Red Skull"],"max_hp_gain":0,"max_hp_loss":0,"event_name":"The Mausoleum","floor":20,"gold_loss":0,"cards_obtained":["Writhe"]},{"damage_healed":0,"gold_gain":0,"player_choice":"Damaged","damage_taken":11,"max_hp_gain":0,"max_hp_loss":0,"event_name":"Wheel of Change","floor":22,"gold_loss":0},{"damage_healed":0,"gold_gain":0,"player_choice":"Max HP","damage_taken":0,"max_hp_gain":0,"max_hp_loss":4,"event_name":"Winding Halls","floor":36,"gold_loss":0},{"damage_healed":0,"gold_gain":0,"player_choice":"Paid","damage_taken":0,"relics_obtained":["Red Mask"],"max_hp_gain":0,"max_hp_loss":0,"event_name":"Tomb of Lord Red Mask","floor":37,"gold_loss":29},{"damage_healed":0,"gold_gain":0,"player_choice":"Relic","damage_taken":0,"max_hp_gain":0,"max_hp_loss":0,"event_name":"Wheel of Change","floor":39,"gold_loss":0}],"is_beta":false,"boss_relics":[{"not_picked":["Runic Dome","Astrolabe"],"picked":"Ectoplasm"},{"not_picked":["Runic Cube","White Beast Statue"],"picked":"Mark of Pain"}],"items_purged_floors":[14],"is_endless":false,"potions_floor_spawned":[1,10,13,16,18,27,28,33,35,40],"killed_by":"Awakened One","ascension_level":17}