{"gold_per_floor":[115,129,51,51,1,36,53,84,109,109,126,102,112,140,140,217,217,228,244,244,244,64,93,93,93,167,198,198,198,59,74,74,74],"floor_reached":33,"playtime":991,"items_purged":[],"score":596,"play_id":"502e8649-45b5-45ea-9413-8e01f48018e0","local_time":"20190322210604","is_ascension_mode":true,"campfire_choices":[{"floor":10,"key":"REST"},{"data":"Perfected Strike","floor":15,"key":"SMITH"},{"data":"Whirlwind","floor":25,"key":"SMITH"},{"floor":29,"key":"REST"},{"data":"Limit Break","floor":32,"key":"SMITH"}],"neow_cost":"NONE","seed_source_timestamp":160698749300840,"circlet_count":0,"master_deck":["AscendersBane","Strike_R+1","Strike_R+1","Strike_R+1","Strike_R+1","Strike_R+1","Defend_R+1","Defend_R+1","Defend_R+1","Defend_R+1","Bash","Perfected Strike+1","True Grit","Inflame","Pommel Strike","Pommel Strike","Shockwave","Demon Form","Shrug It Off","Spot Weakness","Pommel Strike","Double Tap","Pommel Strike","Whirlwind+1","Battle Trance","Limit Break+1","Uppercut+1"],"relics":["Burning Blood","Art of War","Red Skull","Vajra","Gremlin Horn","Bronze Scales","Oddly Smooth Stone","Black Star","MutagenicStrength","Pen Nib","Blood Vial","Ancient Tea Set","Sundial","Bag of Marbles","Matryoshka","Blue Candle","Molten Egg 2"],"potions_floor_usage":[16,17,33,33],"damage_taken":[{"damage":5,"enemies":"2 Louse","floor":1,"turns":4},{"damage":15,"enemies":"Small Slimes","floor":2,"turns":3},{"damage":33,"enemies":"Lagavulin","floor":6,"turns":7},{"damage":0,"enemies":"Cultist","floor":7,"turns":2},{"damage":25,"enemies":"3 Sentries","floor":8,"turns":6},{"damage":3,"enemies":"Large Slime","floor":11,"turns":4},{"damage":3,"enemies":"2 Fungi Beasts","floor":13,"turns":3},{"damage":32,"enemies":"Gremlin Nob","floor":14,"turns":4},{"damage":6,"enemies":"Slime Boss","floor":16,"turns":6},{"damage":36,"enemies":"Shell Parasite","floor":18,"turns":5},{"damage":0,"enemies":"3 Byrds","floor":19,"turns":3},{"damage":0,"enemies":"Gremlin Leader","floor":23,"turns":3},{"damage":12,"enemies":"Book of Stabbing","floor":27,"turns":3},{"damage":6,"enemies":"3 Cultists","floor":31,"turns":3},{"damage":74,"enemies":"Automaton","floor":33,"turns":6}],"seed_played":"-1250960972524838992","potions_obtained":[{"floor":1,"key":"Dexterity Potion"},{"floor":11,"key":"Energy Potion"},{"floor":16,"key":"Fruit Juice"},{"floor":19,"key":"Swift Potion"}],"is_trial":false,"path_per_floor":["M","M","$","?","?","E","M","E","T","R","M","$","M","E","R","B",null,"M","M","?","?","$","E","?","R","T","E","T","R","$","M","R","B"],"character_chosen":"IRONCLAD","items_purchased":["Inflame","Shrug It Off","Whirlwind","Pen Nib","Limit Break"],"campfire_rested":2,"item_purchase_floors":[3,12,22,22,30],"current_hp_per_floor":[69,60,60,60,60,33,39,20,20,42,45,45,48,22,22,22,67,37,43,43,43,43,49,49,49,49,45,45,69,69,71,71,0],"gold":74,"neow_bonus":"RANDOM_COMMON_RELIC","is_prod":false,"is_daily":false,"chose_seed":false,"campfire_upgraded":3,"win_rate":0,"timestamp":1553303164,"path_taken":["M","M","$","?","?","E","M","E","T","R","?","$","M","E","R","BOSS","M","M","?","?","$","E","?","R","T","E","?","R","?","M","R","BOSS"],"build_version":"2019-01-23","purchased_purges":0,"victory":false,"max_hp_per_floor":[75,75,75,75,75,75,75,75,75,75,75,75,75,75,75,75,80,80,80,80,80,80,80,80,80,80,80,80,80,80,80,80,80],"card_choices":[{"not_picked":["Metallicize","Fire Breathing"],"picked":"Perfected Strike","floor":1},{"not_picked":["Bloodletting","Thunderclap"],"picked":"True Grit","floor":2},{"not_picked":["Bludgeon","Wild Strike"],"picked":"Pommel Strike","floor":6},{"not_picked":["Clash","Havoc"],"picked":"Pommel Strike","floor":7},{"not_picked":["True Grit","Disarm"],"picked":"Shockwave","floor":8},{"not_picked":["Body Slam","Battle Trance"],"picked":"Demon Form","floor":11},{"not_picked":["Thunderclap","Havoc"],"picked":"Spot Weakness","floor":13},{"not_picked":["Warcry","Sword Boomerang"],"picked":"Pommel Strike","floor":14},{"not_picked":["Bludgeon","Reaper"],"picked":"Double Tap","floor":16},{"not_picked":["Headbutt","Armaments","Inflame"],"picked":"SKIP","floor":18},{"not_picked":["Havoc","Searing Blow"],"picked":"Pommel Strike","floor":19},{"not_picked":["Pummel","Intimidate","Flex"],"picked":"SKIP","floor":23},{"not_picked":["Pommel Strike","Headbutt"],"picked":"Battle Trance","floor":27},{"not_picked":["Warcry","Cleave+1"],"picked":"Uppercut+1","floor":31}],"player_experience":323211,"relics_obtained":[{"floor":6,"key":"Vajra"},{"floor":8,"key":"Gremlin Horn"},{"floor":9,"key":"Bronze Scales"},{"floor":14,"key":"Oddly Smooth Stone"},{"floor":23,"key":"Blood Vial"},{"floor":23,"key":"Ancient Tea Set"},{"floor":26,"key":"Sundial"},{"floor":27,"key":"Bag of Marbles"},{"floor":27,"key":"Matryoshka"},{"floor":28,"key":"Blue Candle"},{"floor":28,"key":"Molten Egg 2"}],"event_choices":[{"damage_healed":0,"gold_gain":0,"player_choice":"Ignored","damage_taken":0,"max_hp_gain":0,"max_hp_loss":0,"event_name":"Shining Light","floor":4,"gold_loss":0},{"damage_healed":0,"gold_gain":0,"player_choice":"Paid Gold","damage_taken":0,"relics_obtained":["Red Skull"],"max_hp_gain":0,"max_hp_loss":0,"event_name":"WeMeetAgain","floor":5,"gold_loss":50},{"damage_healed":0,"gold_gain":0,"player_choice":"Simplicity","damage_taken":0,"max_hp_gain":0,"max_hp_loss":0,"event_name":"Back to Basics","floor":20,"gold_loss":0,"cards_upgraded":["Strike_R","Strike_R","Strike_R","Strike_R","Strike_R","Defend_R","Defend_R","Defend_R","Defend_R"]},{"damage_healed":0,"gold_gain":0,"player_choice":"Inject Mutagens","damage_taken":0,"relics_obtained":["MutagenicStrength"],"max_hp_gain":0,"max_hp_loss":0,"event_name":"Drug Dealer","floor":21,"gold_loss":0},{"damage_healed":0,"gold_gain":0,"player_choice":"Ignored","damage_taken":0,"max_hp_gain":0,"max_hp_loss":0,"event_name":"Beggar","floor":24,"gold_loss":0}],"is_beta":false,"boss_relics":[{"not_picked":["Tiny House","Empty Cage"],"picked":"Black Star"}],"items_purged_floors":[],"is_endless":false,"potions_floor_spawned":[1,11,16,19,23,27,31],"killed_by":"Automaton","ascension_level":15}