{"path_per_floor":["M","M","?","M","M","R","?","R","T","R","M","?","R","?","R","B",null,"M","$","M"],"character_chosen":"DEFECT","items_purchased":["Capacitor","Tiny Chest"],"gold_per_floor":[117,134,134,145,156,156,179,179,251,251,270,270,270,345,345,443,443,459,200,219,219],"floor_reached":21,"campfire_rested":1,"playtime":804,"item_purchase_floors":[19,19],"current_hp_per_floor":[68,68,61,61,50,50,43,43,43,43,43,48,48,37,61,17,80,61,61,38,0],"items_purged":["Strike_B"],"gold":219,"score":186,"play_id":"57fea2db-0bdb-4819-a53c-378ae08bd1a7","local_time":"20180604090405","is_prod":false,"is_daily":false,"chose_seed":false,"is_ascension_mode":true,"campfire_upgraded":4,"win_rate":0,"timestamp":1528099445,"campfire_choices":[{"data":"White Noise","floor":6,"key":"SMITH"},{"data":"Zap","floor":8,"key":"SMITH"},{"data":"Rainbow","floor":10,"key":"SMITH"},{"data":"Dualcast","floor":13,"key":"SMITH"},{"floor":15,"key":"REST"}],"path_taken":["M","M","?","M","M","R","?","R","T","R","M","?","R","?","R","BOSS","M","$","M","M"],"build_version":"2018-05-31","seed_source_timestamp":68658603452285,"purchased_purges":1,"victory":false,"master_deck":["Strike_B","Strike_B","Strike_B","Defend_B","Defend_B","Defend_B","Defend_B","Zap+1","Dualcast+1","Rainbow+1","Turbo","White Noise+1","Hologram","Steam","Leap","Capacitor","Go for the Eyes+1"],"max_hp_per_floor":[75,75,75,75,75,75,75,75,75,75,75,80,80,80,80,80,80,80,80,80,80],"relics":["Cracked Core","Anchor","Odd Mushroom","Matryoshka","Sozu","Tiny Chest"],"card_choices":[{"not_picked":["Hello World","Double Energy","Stack"],"picked":"SKIP","floor":1},{"not_picked":["Double Energy","Lockon"],"picked":"Turbo","floor":2},{"not_picked":["Gash","Compile Driver","Sunder"],"picked":"SKIP","floor":4},{"not_picked":["Go for the Eyes","BootSequence"],"picked":"White Noise","floor":5},{"not_picked":["Force Field","Amplify"],"picked":"Hologram","floor":7},{"not_picked":["Streamline","Stack"],"picked":"Steam","floor":11},{"not_picked":["Stack","Conserve Battery"],"picked":"Leap","floor":18},{"not_picked":["Ball Lightning","Compile Driver"],"picked":"Go for the Eyes+1","floor":20}],"player_experience":630185,"potions_floor_usage":[],"damage_taken":[{"damage":7,"enemies":"Jaw Worm","floor":1,"turns":4},{"damage":0,"enemies":"Small Slimes","floor":2,"turns":2},{"damage":0,"enemies":"2 Louse","floor":4,"turns":2},{"damage":11,"enemies":"Exordium Thugs","floor":5,"turns":5},{"damage":7,"enemies":"The Mushroom Lair","floor":7,"turns":4},{"damage":0,"enemies":"2 Fungi Beasts","floor":11,"turns":3},{"damage":44,"enemies":"Hexaghost","floor":16,"turns":11},{"damage":19,"enemies":"2 Thieves","floor":18,"turns":5},{"damage":23,"enemies":"Shell Parasite","floor":20,"turns":6},{"damage":39,"enemies":"3 Cultists","floor":21,"turns":4}],"relics_obtained":[{"floor":7,"key":"Odd Mushroom"},{"floor":9,"key":"Matryoshka"}],"event_choices":[{"event_name":"Scrap Ooze","player_choice":"success","floor":3,"damage_taken":7},{"event_name":"Mushrooms","player_choice":"Fought Mushrooms","floor":7,"damage_taken":0},{"event_name":"Big Fish","player_choice":"Donut","floor":12,"damage_taken":0},{"event_name":"World of Goop","player_choice":"Gather Gold","floor":14,"damage_taken":0}],"boss_relics":[{"not_picked":["Eternal Feather","Ectoplasm"],"picked":"Sozu"}],"items_purged_floors":[19],"potions_floor_spawned":[1,4,5],"seed_played":"-6881851910162319476","killed_by":"3 Cultists","ascension_level":2,"potions_obtained":[{"floor":1,"key":"SmokeBomb"},{"floor":4,"key":"GamblersBrew"},{"floor":5,"key":"Ancient Potion"}],"is_trial":false}