{"gold_per_floor":[216,216,216,216,232,271,289,289],"floor_reached":8,"playtime":246,"items_purged":[],"score":64,"play_id":"88639f31-c522-4d28-8df2-d79f701c4796","local_time":"20190315130646","is_ascension_mode":true,"campfire_choices":[],"neow_cost":"NONE","seed_source_timestamp":136577260212045,"circlet_count":0,"master_deck":["Defend_G","Defend_G","Defend_G","Defend_G","Defend_G","Strike_G","Strike_G","Strike_G","Strike_G","Survivor","Neutralize","Catalyst","Deadly Poison","Skewer","Deadly Poison"],"relics":["Ring of the Snake","Golden Idol","Bag of Preparation","Frozen Egg 2"],"potions_floor_usage":[],"damage_taken":[{"damage":4,"enemies":"Small Slimes","floor":1,"turns":4},{"damage":4,"enemies":"2 Louse","floor":5,"turns":4},{"damage":30,"enemies":"Gremlin Nob","floor":6,"turns":4},{"damage":5,"enemies":"Cultist","floor":7,"turns":5},{"damage":10,"enemies":"3 Sentries","floor":8,"turns":2}],"seed_played":"-4959490921447313925","potions_obtained":[{"floor":1,"key":"Explosive Potion"}],"is_trial":false,"path_per_floor":["M","?","?","?","M","E","M","E"],"character_chosen":"THE_SILENT","items_purchased":[],"campfire_rested":0,"item_purchase_floors":[],"current_hp_per_floor":[66,59,59,59,55,25,20,10],"gold":289,"neow_bonus":"HUNDRED_GOLD","is_prod":false,"is_daily":false,"chose_seed":false,"campfire_upgraded":0,"win_rate":0,"timestamp":1552669606,"path_taken":["M","?","?","?","M","E","?","E"],"build_version":"2019-01-23","purchased_purges":0,"victory":false,"max_hp_per_floor":[70,70,65,65,65,65,65,65],"card_choices":[{"not_picked":["Concentrate","Expertise"],"picked":"Catalyst","floor":1},{"not_picked":["PiercingWail","Expertise"],"picked":"Deadly Poison","floor":5},{"not_picked":["Backflip","Sucker Punch"],"picked":"Skewer","floor":6},{"not_picked":["Backflip","Outmaneuver"],"picked":"Deadly Poison","floor":7}],"player_experience":299088,"relics_obtained":[{"floor":6,"key":"Frozen Egg 2"}],"event_choices":[{"cards_removed":["Strike_G"],"damage_healed":0,"gold_gain":0,"player_choice":"Card Removal","damage_taken":7,"max_hp_gain":0,"max_hp_loss":0,"event_name":"Golden Wing","floor":2,"gold_loss":0},{"damage_healed":0,"gold_gain":0,"player_choice":"Lose Max HP","damage_taken":0,"relics_obtained":["Golden Idol"],"max_hp_gain":0,"max_hp_loss":5,"event_name":"Golden Idol","floor":3,"gold_loss":0},{"damage_healed":0,"gold_gain":0,"player_choice":"Gave Potion","damage_taken":0,"relics_obtained":["Bag of Preparation"],"max_hp_gain":0,"max_hp_loss":0,"event_name":"WeMeetAgain","floor":4,"gold_loss":0}],"is_beta":false,"boss_relics":[],"items_purged_floors":[],"is_endless":false,"potions_floor_spawned":[1],"killed_by":"3 Sentries","ascension_level":3}