{"gold_per_floor":[18,30,30,30,30,57,57,69,92,92,117,117,117,158,158,281,281,302,302,302,316,329,363,363,363,363,145,145,145],"floor_reached":29,"playtime":962,"items_purged":["Strike_B+1"],"score":398,"play_id":"753743e8-7bd0-4aea-8d20-08b912239524","local_time":"20190625203504","is_ascension_mode":true,"campfire_choices":[{"floor":7,"key":"REST"},{"floor":10,"key":"REST"},{"floor":12,"key":"REST"},{"data":"Zap","floor":15,"key":"SMITH"},{"floor":24,"key":"REST"},{"floor":28,"key":"REST"}],"neow_cost":"NO_GOLD","seed_source_timestamp":201360577847308,"circlet_count":0,"master_deck":["AscendersBane","Strike_B+1","Strike_B+1","Defend_B+1","Defend_B+1","Defend_B+1","Defend_B+1","Zap+1","Dualcast+1","Biased Cognition","Redo+1","Leap+1","Thunder Strike","Undo","Static Discharge+1","Seek","Leap","Sweeping Beam"],"special_seed":0,"relics":["Cracked Core","Omamori","Frozen Egg 2","War Paint","Blood Vial","Golden Idol","Dream Catcher","Busted Crown","Meat on the Bone","Darkstone Periapt","Question Card","Pen Nib"],"potions_floor_usage":[29],"damage_taken":[{"damage":0,"enemies":"Small Slimes","floor":1,"turns":2},{"damage":7,"enemies":"Jaw Worm","floor":2,"turns":2},{"damage":35,"enemies":"3 Sentries","floor":6,"turns":7},{"damage":1,"enemies":"Cultist","floor":8,"turns":3},{"damage":20,"enemies":"Gremlin Nob","floor":11,"turns":4},{"damage":27,"enemies":"Lagavulin","floor":14,"turns":5},{"damage":22,"enemies":"Hexaghost","floor":16,"turns":8},{"damage":1,"enemies":"Spheric Guardian","floor":18,"turns":3},{"damage":0,"enemies":"Chosen","floor":21,"turns":4},{"damage":9,"enemies":"Snecko","floor":22,"turns":5},{"damage":40,"enemies":"Book of Stabbing","floor":23,"turns":7},{"damage":64,"enemies":"Gremlin Leader","floor":29,"turns":9}],"seed_played":"5208696595895245845","potions_obtained":[{"floor":6,"key":"SteroidPotion"},{"floor":8,"key":"LiquidBronze"},{"floor":11,"key":"PowerPotion"},{"floor":23,"key":"Dexterity Potion"}],"is_trial":false,"path_per_floor":["M","M","$","?","T","E","R","M","T","R","E","R","?","E","R","B",null,"M","?","?","M","M","E","R","T","T","$","R","E"],"character_chosen":"DEFECT","items_purchased":["Pen Nib"],"campfire_rested":5,"item_purchase_floors":[27],"current_hp_per_floor":[68,61,61,46,46,11,33,32,32,54,34,56,56,31,31,11,55,56,56,56,58,51,13,33,33,33,33,53,0],"gold":145,"neow_bonus":"THREE_RARE_CARDS","is_prod":false,"is_daily":false,"chose_seed":false,"campfire_upgraded":1,"win_rate":0,"timestamp":1561509304,"path_taken":["M","M","$","?","?","E","R","?","T","R","E","R","?","E","R","BOSS","M","?","?","M","?","E","R","?","T","$","R","E"],"build_version":"2019-01-23","purchased_purges":1,"victory":false,"max_hp_per_floor":[75,75,75,75,75,75,75,75,75,75,75,75,69,69,69,69,69,69,69,69,69,69,69,69,69,69,69,69,69],"card_choices":[{"not_picked":["Rainbow","Meteor Strike"],"picked":"Biased Cognition","floor":0.0},{"not_picked":["Aggregate","Steam"],"picked":"Redo","floor":1},{"not_picked":["Reinforced Body","Steam"],"picked":"Leap","floor":2},{"not_picked":["Skim","Hologram"],"picked":"Thunder Strike","floor":6},{"not_picked":["Go for the Eyes","Stack","Turbo"],"picked":"SKIP","floor":8},{"not_picked":["Storm+1","Beam Cell"],"picked":"Undo","floor":11},{"not_picked":["Rebound","Beam Cell"],"picked":"Static Discharge+1","floor":14},{"not_picked":["Rainbow","Multi-Cast"],"picked":"Seek","floor":16},{"not_picked":["Melter"],"picked":"SKIP","floor":18},{"not_picked":[],"picked":"Leap","floor":21},{"not_picked":[],"picked":"Sweeping Beam","floor":22},{"not_picked":["Leap"],"picked":"SKIP","floor":23}],"player_experience":441754,"relics_obtained":[{"floor":5,"key":"Omamori"},{"floor":6,"key":"Frozen Egg 2"},{"floor":9,"key":"War Paint"},{"floor":11,"key":"Blood Vial"},{"floor":14,"key":"Dream Catcher"},{"floor":23,"key":"Meat on the Bone"},{"floor":25,"key":"Darkstone Periapt"},{"floor":26,"key":"Question Card"}],"event_choices":[{"damage_healed":0,"gold_gain":0,"player_choice":"Entered Light","damage_taken":15,"max_hp_gain":0,"max_hp_loss":0,"event_name":"Shining Light","floor":4,"gold_loss":0,"cards_upgraded":["Leap","Redo"]},{"damage_healed":0,"gold_gain":0,"player_choice":"Lose Max HP","damage_taken":0,"relics_obtained":["Golden Idol"],"max_hp_gain":0,"max_hp_loss":6,"event_name":"Golden Idol","floor":13,"gold_loss":0},{"damage_healed":0,"gold_gain":0,"player_choice":"Simplicity","damage_taken":0,"max_hp_gain":0,"max_hp_loss":0,"event_name":"Back to Basics","floor":19,"gold_loss":0,"cards_upgraded":["Strike_B","Strike_B","Strike_B","Strike_B","Defend_B","Defend_B","Defend_B"]},{"cards_removed":["Strike_B"],"damage_healed":0,"gold_gain":0,"player_choice":"Card Removal","damage_taken":0,"max_hp_gain":0,"max_hp_loss":0,"event_name":"Wheel of Change","floor":20,"gold_loss":0}],"is_beta":false,"boss_relics":[{"not_picked":["White Beast Statue","Calling Bell"],"picked":"Busted Crown"}],"items_purged_floors":[27],"is_endless":false,"potions_floor_spawned":[6,8,11,14,21,23],"killed_by":"Gremlin Leader","ascension_level":11}