{"gold_per_floor":[118,118,218,233,251,251,284,284,308,384,384,459,459,382,382,485,485,505,505,521,436,436,467,485,485,538,538,558,588,588,613,613,711,711,723,742,358,580,580,580,611,611,611,625,641,394,406,418,418,418],"floor_reached":50,"playtime":1178,"items_purged":["Strike_R","Doubt"],"score":536,"play_id":"f1a0bdaf-3850-4c00-a338-e1bfb7dafea9","local_time":"20190608114827","is_ascension_mode":false,"campfire_choices":[{"data":"Wild Strike","floor":6,"key":"SMITH"},{"data":"Fiend Fire","floor":8,"key":"SMITH"},{"data":"Bash","floor":11,"key":"SMITH"},{"floor":13,"key":"REST"},{"data":"Clash","floor":15,"key":"SMITH"},{"data":"Immolate","floor":25,"key":"SMITH"},{"floor":30,"key":"REST"},{"data":"Fiend Fire","floor":32,"key":"SMITH"},{"floor":40,"key":"REST"},{"floor":49,"key":"REST"}],"neow_cost":"NONE","seed_source_timestamp":1878947644417835,"circlet_count":0,"master_deck":["Strike_R","Strike_R","Strike_R+1","Strike_R+1","Defend_R","Defend_R","Defend_R","Bash+1","Clash+1","Wild Strike+1","Fiend Fire+1","Metallicize+1","Immolate+1","Rage","Fiend Fire+1","Fiend Fire","Wild Strike+1","Power Through+1"],"relics":["Burning Blood","NeowsBlessing","Orichalcum","Frozen Egg 2","Lantern","Sozu","Self Forming Clay","Juzu Bracelet","Pocketwatch","Tiny Chest","Nilry\u0027s Codex","Red Mask","Bronze Scales","Fusion Hammer","Red Skull","Anchor","Strawberry","Whetstone","Blood Vial"],"potions_floor_usage":[],"damage_taken":[{"damage":0,"enemies":"2 Louse","floor":1,"turns":1},{"damage":0,"enemies":"Jaw Worm","floor":4,"turns":1},{"damage":0,"enemies":"Cultist","floor":5,"turns":1},{"damage":16,"enemies":"Gremlin Nob","floor":7,"turns":4},{"damage":38,"enemies":"Hexaghost","floor":16,"turns":9},{"damage":2,"enemies":"Shell Parasite","floor":18,"turns":4},{"damage":4,"enemies":"Spheric Guardian","floor":20,"turns":3},{"damage":17,"enemies":"Gremlin Leader","floor":23,"turns":5},{"damage":0,"enemies":"Snake Plant","floor":24,"turns":2},{"damage":7,"enemies":"Cultist and Chosen","floor":28,"turns":3},{"damage":19,"enemies":"Masked Bandits","floor":29,"turns":3},{"damage":33,"enemies":"Collector","floor":33,"turns":5},{"damage":14,"enemies":"3 Darklings","floor":35,"turns":4},{"damage":1,"enemies":"Orb Walker","floor":36,"turns":2},{"damage":26,"enemies":"Reptomancer","floor":41,"turns":3},{"damage":0,"enemies":"Spire Growth","floor":44,"turns":3},{"damage":27,"enemies":"Transient","floor":45,"turns":5},{"damage":23,"enemies":"Maw","floor":47,"turns":6},{"damage":16,"enemies":"4 Shapes","floor":48,"turns":4},{"damage":77,"enemies":"Awakened One","floor":50,"turns":9}],"seed_played":"-6708953709522093522","potions_obtained":[{"floor":5,"key":"FearPotion"},{"floor":7,"key":"GamblersBrew"}],"is_trial":false,"path_per_floor":["M","?","?","M","M","R","E","R","T","?","R","?","R","$","R","B",null,"M","?","M","?","?","E","M","R","T","?","M","?","R","T","R","B",null,"M","M","$","?","?","R","E","?","T","M","M","$","M","M","R","B"],"character_chosen":"IRONCLAD","items_purchased":["Metallicize+1","Red Skull","Anchor","Blood Vial"],"campfire_rested":4,"item_purchase_floors":[14,37,37,46],"current_hp_per_floor":[80,62,62,68,74,74,64,64,64,64,64,53,77,77,77,45,80,80,80,80,80,80,69,75,75,75,59,58,45,69,69,69,42,80,72,77,77,77,77,80,67,87,87,87,66,66,51,43,69,0],"gold":418,"neow_bonus":"THREE_ENEMY_KILL","is_prod":false,"is_daily":false,"chose_seed":false,"campfire_upgraded":6,"win_rate":0,"timestamp":1560008907,"path_taken":["M","?","?","M","?","R","E","R","T","?","R","?","R","?","R","BOSS","M","?","?","?","?","E","M","R","T","?","M","?","R","?","R","BOSS","M","M","?","?","?","R","E","?","T","M","M","$","M","M","R","BOSS"],"build_version":"2019-01-23","purchased_purges":2,"victory":false,"max_hp_per_floor":[80,80,80,80,80,80,80,80,80,80,80,80,80,80,80,80,80,80,80,80,80,80,80,80,80,80,80,80,80,80,80,80,80,80,80,80,80,80,80,80,87,87,87,87,87,87,87,87,87,87],"card_choices":[{"not_picked":["Metallicize","Havoc"],"picked":"Clash","floor":1},{"not_picked":["Body Slam","Flex","Armaments"],"picked":"SKIP","floor":4},{"not_picked":["Warcry","Heavy Blade"],"picked":"Wild Strike","floor":5},{"not_picked":["Impervious","Shrug It Off"],"picked":"Fiend Fire","floor":7},{"not_picked":["Berserk+1","Demon Form+1"],"picked":"Immolate","floor":16},{"not_picked":["Clothesline","Thunderclap","Wild Strike"],"picked":"SKIP","floor":18},{"not_picked":["Armaments","Perfected Strike"],"picked":"Shrug It Off","floor":20},{"not_picked":["Armaments","Clothesline","Pummel"],"picked":"SKIP","floor":23},{"not_picked":["Flame Barrier","Rupture+1"],"picked":"Rage","floor":24},{"not_picked":["Rage","Sword Boomerang","Cleave"],"picked":"SKIP","floor":28},{"not_picked":["Thunderclap","Clothesline"],"picked":"Fiend Fire","floor":29},{"not_picked":["Brutality+1","Berserk+1"],"picked":"Fiend Fire","floor":33},{"not_picked":["Clothesline+1","Rampage+1","Headbutt"],"picked":"SKIP","floor":35},{"not_picked":["Infernal Blade+1","Sword Boomerang"],"picked":"Wild Strike+1","floor":36},{"not_picked":["Berserk+1","Headbutt"],"picked":"Power Through+1","floor":41},{"not_picked":["Carnage+1","Havoc+1","Intimidate"],"picked":"SKIP","floor":44},{"not_picked":["Body Slam+1","Cleave+1","Rampage+1"],"picked":"SKIP","floor":45},{"not_picked":["Blood for Blood+1","Iron Wave+1","Body Slam+1"],"picked":"SKIP","floor":47},{"not_picked":["Wild Strike+1","Feed","Battle Trance+1"],"picked":"SKIP","floor":48}],"player_experience":402443,"relics_obtained":[{"floor":7,"key":"Frozen Egg 2"},{"floor":9,"key":"Lantern"},{"floor":23,"key":"Pocketwatch"},{"floor":26,"key":"Tiny Chest"},{"floor":27,"key":"Nilry\u0027s Codex"},{"floor":29,"key":"Red Mask"},{"floor":31,"key":"Bronze Scales"},{"floor":41,"key":"Strawberry"},{"floor":43,"key":"Whetstone"}],"event_choices":[{"damage_healed":0,"gold_gain":0,"player_choice":"Success","damage_taken":18,"relics_obtained":["Orichalcum"],"max_hp_gain":0,"max_hp_loss":0,"event_name":"Scrap Ooze","floor":2,"gold_loss":0},{"damage_healed":0,"gold_gain":100,"player_choice":"Pray","damage_taken":0,"max_hp_gain":0,"max_hp_loss":0,"event_name":"Golden Shrine","floor":3,"gold_loss":0},{"damage_healed":0,"gold_gain":76,"player_choice":"Gained Gold","damage_taken":0,"max_hp_gain":0,"max_hp_loss":0,"event_name":"Golden Wing","floor":10,"gold_loss":0},{"damage_healed":0,"gold_gain":75,"player_choice":"Gather Gold","damage_taken":11,"max_hp_gain":0,"max_hp_loss":0,"event_name":"World of Goop","floor":12,"gold_loss":0},{"damage_healed":0,"gold_gain":0,"player_choice":"0 cards matched","damage_taken":0,"max_hp_gain":0,"max_hp_loss":0,"event_name":"Match and Keep!","floor":19,"gold_loss":0,"cards_obtained":[]},{"damage_healed":0,"gold_gain":0,"player_choice":"Obtained Relic","damage_taken":0,"relics_obtained":["Self Forming Clay"],"max_hp_gain":0,"max_hp_loss":0,"event_name":"Addict","floor":21,"gold_loss":85},{"cards_removed":["Shrug It Off"],"damage_healed":0,"gold_gain":0,"player_choice":"Gave Card","damage_taken":0,"relics_obtained":["Juzu Bracelet"],"max_hp_gain":0,"max_hp_loss":0,"event_name":"WeMeetAgain","floor":22,"gold_loss":0},{"damage_healed":0,"gold_gain":0,"player_choice":"Obtained Book","damage_taken":16,"max_hp_gain":0,"max_hp_loss":0,"event_name":"Cursed Tome","floor":27,"gold_loss":0},{"damage_healed":0,"gold_gain":0,"player_choice":"Fought Bandits","damage_taken":0,"max_hp_gain":0,"max_hp_loss":0,"event_name":"Masked Bandits","floor":29,"gold_loss":0},{"damage_healed":0,"gold_gain":222,"player_choice":"Wore Mask","damage_taken":0,"max_hp_gain":0,"max_hp_loss":0,"event_name":"Tomb of Lord Red Mask","floor":38,"gold_loss":0},{"cards_removed":["Defend_R"],"damage_healed":0,"gold_gain":0,"player_choice":"Removed Skill","damage_taken":0,"max_hp_gain":0,"max_hp_loss":0,"event_name":"Falling","floor":39,"gold_loss":0},{"damage_healed":20,"gold_gain":0,"player_choice":"Heal","damage_taken":0,"max_hp_gain":0,"max_hp_loss":0,"event_name":"MindBloom","floor":42,"gold_loss":0,"cards_obtained":["Doubt"]}],"is_beta":false,"boss_relics":[{"not_picked":["Runic Cube","Runic Pyramid"],"picked":"Sozu"},{"not_picked":["Busted Crown","Philosopher\u0027s Stone"],"picked":"Fusion Hammer"}],"items_purged_floors":[37,46],"is_endless":false,"potions_floor_spawned":[5,7,18,20,23,28,33,41,45,47],"killed_by":"Awakened One","ascension_level":0}