{"gold_per_floor":[118,128,49,65,79,114,114,114,114,131,131,131,141,159,159,258,258,274,274],"floor_reached":19,"playtime":1520,"items_purged":[],"score":180,"play_id":"e56ed010-afd5-44cd-9b01-97c3b645b868","local_time":"20181225225333","is_ascension_mode":true,"campfire_choices":[{"data":"Entrench","floor":7,"key":"SMITH"},{"data":"Armaments","floor":15,"key":"SMITH"}],"neow_cost":"NONE","seed_source_timestamp":87078905989200,"circlet_count":0,"master_deck":["Strike_R","Strike_R","Strike_R+1","Strike_R","Defend_R","Defend_R","Defend_R","Defend_R","Bash+1","Warcry","Flex","Entrench+1","Shrug It Off","Flex","Intimidate","Double Tap","Armaments+1","Twin Strike","Demon Form","Body Slam+1"],"relics":["Burning Blood","Question Card","Dodecahedron","Runic Cube"],"potions_floor_usage":[6,14,16],"damage_taken":[{"damage":1,"enemies":"Cultist","floor":1,"turns":3},{"damage":8,"enemies":"Small Slimes","floor":2,"turns":3},{"damage":9,"enemies":"2 Louse","floor":4,"turns":3},{"damage":13,"enemies":"Red Slaver","floor":5,"turns":5},{"damage":15,"enemies":"Gremlin Nob","floor":6,"turns":4},{"damage":23,"enemies":"Large Slime","floor":10,"turns":10},{"damage":6,"enemies":"Exordium Wildlife","floor":13,"turns":5},{"damage":7,"enemies":"2 Fungi Beasts","floor":14,"turns":3},{"damage":12,"enemies":"The Guardian","floor":16,"turns":16},{"damage":32,"enemies":"Shell Parasite","floor":18,"turns":8},{"damage":62,"enemies":"3 Byrds","floor":19,"turns":7}],"seed_played":"-6905550874421481293","potions_obtained":[{"floor":2,"key":"Fire Potion"},{"floor":13,"key":"PowerPotion"},{"floor":14,"key":"Dexterity Potion"},{"floor":16,"key":"Dexterity Potion"}],"is_trial":false,"path_per_floor":["M","M","$","M","M","E","R","$","T","M","?","?","M","M","R","B",null,"M","M"],"character_chosen":"IRONCLAD","items_purchased":["Entrench"],"campfire_rested":0,"item_purchase_floors":[3],"current_hp_per_floor":[88,86,86,83,76,67,67,67,67,50,43,25,25,24,24,18,88,62,0],"gold":274,"neow_bonus":"TEN_PERCENT_HP_BONUS","is_prod":false,"is_daily":false,"chose_seed":false,"campfire_upgraded":2,"win_rate":0,"timestamp":1545807213,"path_taken":["M","M","$","M","M","E","R","?","T","M","?","?","M","M","R","BOSS","M","M"],"build_version":"2018-12-20","purchased_purges":0,"victory":false,"max_hp_per_floor":[88,88,88,88,88,88,88,88,88,88,88,88,88,88,88,88,88,88,88],"card_choices":[{"not_picked":["Second Wind","Body Slam"],"picked":"Warcry","floor":1},{"not_picked":["Heavy Blade","Pommel Strike"],"picked":"Flex","floor":2},{"not_picked":["Searing Blow","Wild Strike"],"picked":"Shrug It Off","floor":4},{"not_picked":["True Grit","Clothesline"],"picked":"Flex","floor":5},{"not_picked":["Rampage","Wild Strike"],"picked":"Intimidate","floor":6},{"not_picked":["Cleave","Armaments","Heavy Blade"],"picked":"Double Tap","floor":10},{"not_picked":["Searing Blow","Flex","Burning Pact"],"picked":"Armaments","floor":13},{"not_picked":["Sword Boomerang","Clothesline","Power Through"],"picked":"Twin Strike","floor":14},{"not_picked":["Juggernaut","Offering","Brutality"],"picked":"Demon Form","floor":16},{"not_picked":["Headbutt","Sword Boomerang+1","Cleave"],"picked":"Body Slam+1","floor":18}],"player_experience":110394,"relics_obtained":[{"floor":6,"key":"Question Card"},{"floor":9,"key":"Dodecahedron"}],"event_choices":[{"cards_removed":["Strike_R"],"damage_healed":0,"gold_gain":0,"player_choice":"Card Removal","damage_taken":7,"max_hp_gain":0,"max_hp_loss":0,"event_name":"Golden Wing","floor":11,"gold_loss":0},{"damage_healed":0,"gold_gain":0,"player_choice":"Entered Light","damage_taken":18,"max_hp_gain":0,"max_hp_loss":0,"event_name":"Shining Light","floor":12,"gold_loss":0,"cards_upgraded":["Strike_R","Bash"]}],"is_beta":false,"boss_relics":[{"not_picked":["Calling Bell","Runic Pyramid"],"picked":"Runic Cube"}],"items_purged_floors":[],"is_endless":false,"potions_floor_spawned":[2,13,14,16],"killed_by":"3 Byrds","ascension_level":1}