{"gold_per_floor":[119,119,38,38,38,71,81,95,95,95,113,38,52,52,52,149,149,166,166,185,197,46,46,46,46,73,73,86,99,99,118,118,214,214,228,245,145,162,162,162,172,172,250,280,280,280,293,89,89,89,89,89,15,41,41],"floor_reached":55,"playtime":4311,"items_purged":["Shame","Force Field+1"],"score":672,"play_id":"cbae3466-d679-4f60-a008-90a54eb4ea68","local_time":"20190706132019","is_ascension_mode":false,"campfire_choices":[{"floor":10,"key":"REST"},{"data":"Chill","floor":15,"key":"SMITH"},{"data":"Echo Form","floor":23,"key":"SMITH"},{"data":"Reinforced Body","floor":25,"key":"SMITH"},{"data":"Zap","floor":27,"key":"SMITH"},{"floor":32,"key":"RECALL"},{"data":"Fission","floor":40,"key":"SMITH"},{"floor":42,"key":"REST"},{"floor":45,"key":"REST"},{"floor":49,"key":"REST"},{"data":"Leap","floor":52,"key":"SMITH"}],"neow_cost":"CURSE","seed_source_timestamp":1269194634122010,"circlet_count":0,"master_deck":["Defend_B","Defend_B","Defend_B","Defend_B","Zap+1","Dualcast","Core Surge","Cold Snap+1","Undo","Genetic Algorithm","Undo","Chill+1","Hologram","Reinforced Body+1","Ball Lightning","BootSequence","Biased Cognition","Darkness+1","Conserve Battery+1","Storm","Ball Lightning+1","Steam","Echo Form+1","Genetic Algorithm+1","Steam","Double Energy+1","Static Discharge+1","Leap+1","Fission+1","Reprogram+1","Tempest+1","Recycle+1","Auto Shields+1","Genetic Algorithm","Loop"],"relics":["Cracked Core","Prayer Wheel","Matryoshka","Bag of Marbles","Thread and Needle","Inserter","Centennial Puzzle","Whetstone","Ancient Tea Set","Astrolabe","Happy Flower","Chemical X","Anchor"],"potions_floor_usage":[16,20,33,33,38,41,44,44,54,55],"damage_taken":[{"damage":0,"enemies":"2 Louse","floor":1,"turns":2},{"damage":38,"enemies":"3 Sentries","floor":6,"turns":16},{"damage":3,"enemies":"Small Slimes","floor":7,"turns":2},{"damage":0,"enemies":"Cultist","floor":8,"turns":4},{"damage":0,"enemies":"Lots of Slimes","floor":11,"turns":6},{"damage":0,"enemies":"Large Slime","floor":13,"turns":6},{"damage":20,"enemies":"Slime Boss","floor":16,"turns":17},{"damage":11,"enemies":"Chosen","floor":18,"turns":5},{"damage":0,"enemies":"2 Thieves","floor":20,"turns":4},{"damage":0,"enemies":"Chosen and Byrds","floor":21,"turns":7},{"damage":0,"enemies":"Cultist and Chosen","floor":28,"turns":5},{"damage":5,"enemies":"Snake Plant","floor":29,"turns":6},{"damage":0,"enemies":"Centurion and Healer","floor":31,"turns":5},{"damage":24,"enemies":"Champ","floor":33,"turns":9},{"damage":1,"enemies":"3 Darklings","floor":35,"turns":5},{"damage":0,"enemies":"3 Shapes","floor":36,"turns":6},{"damage":29,"enemies":"Maw","floor":38,"turns":10},{"damage":14,"enemies":"Jaw Worm Horde","floor":41,"turns":5},{"damage":32,"enemies":"Giant Head","floor":44,"turns":10},{"damage":0,"enemies":"Sphere and 2 Shapes","floor":47,"turns":6},{"damage":52,"enemies":"Donu and Deca","floor":50,"turns":12},{"damage":63,"enemies":"Shield and Spear","floor":54,"turns":8},{"damage":20,"enemies":"The Heart","floor":55,"turns":8}],"seed_played":"6491873998467549871","potions_obtained":[{"floor":6,"key":"Poison Potion"},{"floor":11,"key":"SpeedPotion"},{"floor":16,"key":"LiquidBronze"},{"floor":18,"key":"Explosive Potion"},{"floor":29,"key":"Poison Potion"},{"floor":36,"key":"FearPotion"},{"floor":41,"key":"Fruit Juice"},{"floor":44,"key":"Fruit Juice"},{"floor":54,"key":"PowerPotion"}],"is_trial":false,"path_per_floor":["M","?","$","?","?","E","M","M","T","R","M","$","M","$","R","B",null,"M","?","M","M","$","R","$","R","T","R","M","M","$","M","R","B",null,"M","M","$","M","?","R","M","R","T","E","R","?","M","$","R","B",null,"R","$","E","B"],"character_chosen":"DEFECT","items_purchased":["Undo","Centennial Puzzle","Chemical X","Regen Potion"],"campfire_rested":4,"item_purchase_floors":[3,22,48,53],"current_hp_per_floor":[75,57,57,57,57,19,16,16,16,38,38,38,38,38,38,18,75,64,64,64,64,64,64,64,64,64,64,64,59,59,59,59,35,75,74,74,74,45,45,45,36,58,58,31,55,55,55,55,79,27,81,81,81,27,7],"gold":41,"neow_bonus":"THREE_RARE_CARDS","is_prod":false,"is_daily":false,"chose_seed":false,"campfire_upgraded":6,"win_rate":0,"timestamp":1562444419,"path_taken":["M","?","$","?","?","E","M","M","T","R","?","$","M","?","R","BOSS","M","?","?","M","$","R","?","R","T","R","M","M","?","M","R","BOSS","M","M","$","M","?","R","M","R","T","E","R","?","M","$","R","BOSS","R","$","E","BOSS"],"build_version":"2019-07-05","purchased_purges":2,"victory":false,"max_hp_per_floor":[75,75,75,75,75,75,75,75,75,75,75,75,75,75,75,75,75,75,75,75,75,75,75,75,75,75,75,75,75,75,75,75,75,75,75,75,75,75,71,71,76,76,76,81,81,81,81,81,81,81,81,81,81,81,81],"card_choices":[{"not_picked":["Multi-Cast","Reboot"],"picked":"Core Surge","floor":0},{"not_picked":["Gash","Beam Cell"],"picked":"Cold Snap","floor":1},{"not_picked":["Machine Learning","Doom and Gloom"],"picked":"Genetic Algorithm","floor":6},{"not_picked":["Conserve Battery","Ball Lightning"],"picked":"Undo","floor":7},{"not_picked":["Barrage","BootSequence"],"picked":"Chill","floor":7},{"not_picked":["Turbo","Lockon"],"picked":"Hologram","floor":8},{"not_picked":["Capacitor","Leap"],"picked":"Reinforced Body","floor":8},{"not_picked":["Conserve Battery","Fusion"],"picked":"Ball Lightning","floor":11},{"not_picked":["Cold Snap","Compile Driver"],"picked":"BootSequence","floor":11},{"not_picked":["Turbo","Hologram","Barrage"],"picked":"SKIP","floor":13},{"not_picked":["Hologram","Streamline","Tempest"],"picked":"SKIP","floor":13},{"not_picked":["Thunder Strike","Seek"],"picked":"Biased Cognition","floor":16},{"not_picked":["Fusion","Blizzard"],"picked":"Darkness+1","floor":18},{"not_picked":["Rebound","Go for the Eyes"],"picked":"Conserve Battery+1","floor":18},{"not_picked":["Consume","Beam Cell"],"picked":"Ball Lightning+1","floor":20},{"not_picked":["Hello World+1","Hologram"],"picked":"Steam","floor":20},{"not_picked":["Auto Shields+1","Melter"],"picked":"Echo Form","floor":21},{"not_picked":["Hologram","Redo","Cold Snap"],"picked":"SKIP","floor":21},{"not_picked":["Beam Cell","Recycle"],"picked":"Genetic Algorithm+1","floor":28},{"not_picked":["Streamline","Blizzard"],"picked":"Steam","floor":28},{"not_picked":["Leap","Gash"],"picked":"Double Energy+1","floor":29},{"not_picked":["Coolheaded","Cold Snap","Ball Lightning"],"picked":"SKIP","floor":29},{"not_picked":["Go for the Eyes+1","Sunder+1"],"picked":"Static Discharge+1","floor":31},{"not_picked":["Genetic Algorithm+1","Barrage"],"picked":"Leap","floor":31},{"not_picked":["Hyperbeam","Core Surge"],"picked":"Fission","floor":33},{"not_picked":["Leap","Gash+1","Coolheaded"],"picked":"SKIP","floor":35},{"not_picked":["Storm+1","Conserve Battery+1","Rebound+1"],"picked":"SKIP","floor":35},{"not_picked":["Reinforced Body+1","Steam"],"picked":"Recycle+1","floor":36},{"not_picked":["Ball Lightning+1","Fission","Beam Cell"],"picked":"SKIP","floor":36},{"not_picked":["Hello World+1","Rebound+1"],"picked":"Auto Shields+1","floor":38},{"not_picked":["FTL","Cold Snap","Genetic Algorithm+1"],"picked":"SKIP","floor":38},{"not_picked":["Beam Cell","Heatsinks","Coolheaded+1"],"picked":"SKIP","floor":41},{"not_picked":["Steam Power","Leap+1","Aggregate"],"picked":"SKIP","floor":41},{"not_picked":["Meteor Strike","Steam Power+1","Compile Driver"],"picked":"SKIP","floor":44},{"not_picked":["Lockon+1","Loop","Stack+1"],"picked":"SKIP","floor":47},{"not_picked":["Streamline","Reprogram+1","Darkness+1"],"picked":"SKIP","floor":47},{"not_picked":["Compile Driver","Recycle"],"picked":"Loop","floor":54}],"player_experience":648978,"relics_obtained":[{"floor":6,"key":"Matryoshka"},{"floor":9,"key":"Bag of Marbles"},{"floor":9,"key":"Thread and Needle"},{"floor":26,"key":"Whetstone"},{"floor":26,"key":"Ancient Tea Set"},{"floor":44,"key":"Happy Flower"},{"floor":54,"key":"Anchor"}],"event_choices":[{"damage_healed":0,"gold_gain":0,"player_choice":"Success","damage_taken":18,"relics_obtained":["Prayer Wheel"],"max_hp_gain":0,"max_hp_loss":0,"event_name":"Scrap Ooze","floor":2,"gold_loss":0},{"damage_healed":0,"gold_gain":0,"player_choice":"Ignored","damage_taken":0,"max_hp_gain":0,"max_hp_loss":0,"event_name":"Liars Game","floor":4,"gold_loss":0},{"damage_healed":0,"gold_gain":0,"player_choice":"Ignored","damage_taken":0,"max_hp_gain":0,"max_hp_loss":0,"event_name":"WeMeetAgain","floor":5,"gold_loss":0},{"damage_healed":0,"gold_gain":0,"cards_transformed":["Strike_B"],"player_choice":"Transformed","damage_taken":0,"max_hp_gain":0,"max_hp_loss":0,"event_name":"Transmorgrifier","floor":19,"gold_loss":0,"cards_obtained":["Storm"]},{"damage_healed":0,"gold_gain":0,"player_choice":"Max HP","damage_taken":0,"max_hp_gain":0,"max_hp_loss":4,"event_name":"Winding Halls","floor":39,"gold_loss":0},{"damage_healed":0,"gold_gain":0,"player_choice":"Copied","damage_taken":0,"max_hp_gain":0,"max_hp_loss":0,"event_name":"Duplicator","floor":46,"gold_loss":0,"cards_obtained":["Genetic Algorithm"]}],"is_beta":false,"boss_relics":[{"not_picked":["Calling Bell","Fusion Hammer"],"picked":"Inserter"},{"not_picked":["Orrery","Coffee Dripper"],"picked":"Astrolabe"}],"items_purged_floors":[12,37],"is_endless":false,"potions_floor_spawned":[6,11,16,18,29,31,36,41,44,54],"killed_by":"The Heart","ascension_level":0}