{"gold_per_floor":[115,132,142,142,142,142,101,22,47,81,101,101,115,115,115,191,191,131,81,6,6,6,6,6,6,6,6,6,6,6,6,6,6,6,6,6,6,6,6],"floor_reached":39,"playtime":1528,"items_purged":["Strike_B"],"score":798,"play_id":"5bab672e-a3f1-4afb-8776-a27d162681f3","local_time":"20190128001242","is_ascension_mode":true,"campfire_choices":[{"data":"Go for the Eyes","floor":6,"key":"SMITH"},{"data":"Defragment","floor":15,"key":"SMITH"},{"floor":23,"key":"REST"},{"floor":25,"key":"REST"},{"floor":27,"key":"REST"},{"data":"FTL","floor":32,"key":"SMITH"}],"neow_cost":"NONE","seed_source_timestamp":329569067332100,"circlet_count":0,"master_deck":["AscendersBane","Strike_B+1","Defend_B+1","Defend_B+1","Defend_B+1","Zap+1","Dualcast","Self Repair","Melter+1","Go for the Eyes+1","FTL+1","Defragment+1","Cold Snap","Sweeping Beam","Echo Form","Go for the Eyes+1","Conserve Battery","Steam+1","Electrodynamics","Coolheaded+1","Loop+1","Recycle+1","Leap"],"relics":["Cracked Core","Vajra","Incense Burner","Art of War","Boot","Ectoplasm","Darkstone Periapt","Oddly Smooth Stone","Astrolabe"],"potions_floor_usage":[10,16,16,24,30,33,39],"damage_taken":[{"damage":7,"enemies":"Jaw Worm","floor":1,"turns":3},{"damage":1,"enemies":"2 Louse","floor":2,"turns":3},{"damage":1,"enemies":"Cultist","floor":3,"turns":3},{"damage":20,"enemies":"Lagavulin","floor":10,"turns":6},{"damage":2,"enemies":"Looter","floor":11,"turns":3},{"damage":0,"enemies":"2 Fungi Beasts","floor":13,"turns":2},{"damage":29,"enemies":"The Guardian","floor":16,"turns":8},{"damage":18,"enemies":"2 Thieves","floor":18,"turns":4},{"damage":0,"enemies":"Spheric Guardian","floor":21,"turns":1},{"damage":19,"enemies":"Snake Plant","floor":22,"turns":4},{"damage":46,"enemies":"Book of Stabbing","floor":24,"turns":6},{"damage":0,"enemies":"Snecko","floor":29,"turns":5},{"damage":0,"enemies":"Cultist and Chosen","floor":30,"turns":6},{"damage":64,"enemies":"Champ","floor":33,"turns":15},{"damage":19,"enemies":"Orb Walker","floor":35,"turns":4},{"damage":11,"enemies":"3 Shapes","floor":38,"turns":4},{"damage":44,"enemies":"Transient","floor":39,"turns":6}],"seed_played":"4027523571798313358","potions_obtained":[{"floor":1,"key":"Strength Potion"},{"floor":2,"key":"AttackPotion"},{"floor":13,"key":"PowerPotion"},{"floor":16,"key":"Ancient Potion"},{"floor":29,"key":"Block Potion"},{"floor":30,"key":"Block Potion"},{"floor":33,"key":"Explosive Potion"}],"is_trial":false,"path_per_floor":["M","M","M","?","?","R","$","$","T","E","M","?","M","?","R","B",null,"M","?","$","M","M","R","E","R","T","R","?","M","M","$","R","B",null,"M","?","$","M","M"],"character_chosen":"DEFECT","items_purchased":["FTL","Defragment"],"campfire_rested":3,"item_purchase_floors":[7,8],"current_hp_per_floor":[57,56,62,57,57,57,57,57,57,44,49,49,49,49,49,27,60,49,49,49,49,30,51,12,33,33,54,54,61,68,68,68,11,56,37,37,37,40,0],"gold":6,"neow_bonus":"RANDOM_COMMON_RELIC","is_prod":false,"is_daily":false,"chose_seed":false,"campfire_upgraded":3,"win_rate":0,"timestamp":1548634362,"path_taken":["M","M","M","?","?","R","?","$","T","E","M","?","?","?","R","BOSS","M","?","$","?","M","R","E","R","T","R","?","M","M","$","R","BOSS","M","?","$","M","M"],"build_version":"2019-01-23","purchased_purges":1,"victory":false,"max_hp_per_floor":[71,71,71,71,71,71,71,71,71,71,71,71,71,71,71,71,71,71,71,71,71,71,71,71,71,71,71,71,71,71,71,71,71,71,71,71,71,71,71],"card_choices":[{"not_picked":["Scrape","Turbo"],"picked":"Self Repair","floor":1},{"not_picked":["Sweeping Beam","Beam Cell"],"picked":"Melter","floor":2},{"not_picked":["Steam","Coolheaded"],"picked":"Go for the Eyes","floor":3},{"not_picked":["Melter","Reprogram"],"picked":"Cold Snap","floor":10},{"not_picked":["Genetic Algorithm","Barrage"],"picked":"Sweeping Beam","floor":11},{"not_picked":["Fusion","Cold Snap","Rebound"],"picked":"SKIP","floor":13},{"not_picked":["Fission","Creative AI"],"picked":"Echo Form","floor":16},{"not_picked":["Compile Driver","FTL"],"picked":"Go for the Eyes+1","floor":18},{"not_picked":["Steam","Chaos+1"],"picked":"Conserve Battery","floor":21},{"not_picked":["Gash","Compile Driver","Echo Form"],"picked":"SKIP","floor":22},{"not_picked":["Hologram","Lockon","Scrape"],"picked":"SKIP","floor":24},{"not_picked":["Redo","Cold Snap"],"picked":"Steam+1","floor":29},{"not_picked":["Rebound","Genetic Algorithm","Melter"],"picked":"SKIP","floor":30},{"not_picked":["Multi-Cast","Core Surge"],"picked":"Electrodynamics","floor":33},{"not_picked":["Sunder+1","Gash+1","Coolheaded"],"picked":"SKIP","floor":35},{"not_picked":["Beam Cell","Steam"],"picked":"Leap","floor":38}],"player_experience":1251125,"relics_obtained":[{"floor":9,"key":"Art of War"},{"floor":10,"key":"Boot"},{"floor":24,"key":"Darkstone Periapt"},{"floor":26,"key":"Oddly Smooth Stone"}],"event_choices":[{"damage_healed":0,"gold_gain":0,"player_choice":"Success","damage_taken":5,"relics_obtained":["Incense Burner"],"max_hp_gain":0,"max_hp_loss":0,"event_name":"Scrap Ooze","floor":4,"gold_loss":0},{"damage_healed":0,"gold_gain":0,"player_choice":"Grow","damage_taken":0,"max_hp_gain":0,"max_hp_loss":0,"event_name":"Living Wall","floor":5,"gold_loss":0,"cards_upgraded":["Zap"]},{"damage_healed":0,"gold_gain":0,"player_choice":"0 cards matched","damage_taken":0,"max_hp_gain":0,"max_hp_loss":0,"event_name":"Match and Keep!","floor":12,"gold_loss":0,"cards_obtained":[]},{"damage_healed":0,"gold_gain":0,"player_choice":"Ignored","damage_taken":0,"max_hp_gain":0,"max_hp_loss":0,"event_name":"Liars Game","floor":14,"gold_loss":0},{"damage_healed":0,"gold_gain":100,"player_choice":"Bet on Murderer","damage_taken":0,"max_hp_gain":0,"max_hp_loss":0,"event_name":"The Joust","floor":19,"gold_loss":50},{"damage_healed":0,"gold_gain":0,"player_choice":"Simplicity","damage_taken":0,"max_hp_gain":0,"max_hp_loss":0,"event_name":"Back to Basics","floor":28,"gold_loss":0,"cards_upgraded":["Strike_B","Strike_B","Strike_B","Defend_B","Defend_B","Defend_B","Defend_B"]},{"damage_healed":0,"gold_gain":0,"player_choice":"Upgraded","damage_taken":0,"max_hp_gain":0,"max_hp_loss":0,"event_name":"Upgrade Shrine","floor":36,"gold_loss":0,"cards_upgraded":["Melter"]}],"is_beta":false,"boss_relics":[{"not_picked":["Busted Crown","Calling Bell"],"picked":"Ectoplasm"},{"not_picked":["Cursed Key","Nuclear Battery"],"picked":"Astrolabe"}],"items_purged_floors":[20],"is_endless":false,"potions_floor_spawned":[1,2,13,16,29,30,33],"killed_by":"Transient","ascension_level":20}