{"gold_per_floor":[117,117,129,146,126,126,142,142,165,180,180,193,225,240,240,317,317,333,333,349,75,75],"floor_reached":22,"playtime":691,"items_purged":["Spot Weakness"],"score":386,"play_id":"40e204be-b42c-409d-9924-3e3d6f233c23","local_time":"20190116161346","is_ascension_mode":true,"campfire_choices":[{"data":"Armaments","floor":8,"key":"SMITH"},{"data":"Bash","floor":11,"key":"SMITH"},{"data":"Inflame","floor":15,"key":"SMITH"}],"neow_cost":"NONE","seed_source_timestamp":20198263179285,"circlet_count":0,"master_deck":["AscendersBane","Strike_R","Strike_R","Strike_R","Defend_R","Defend_R","Defend_R","Bash+1","Clash","Armaments+1","Shrug It Off","Pommel Strike","Cleave","Inflame+1","Limit Break","Cleave+1","Limit Break+1","Sword Boomerang","Heavy Blade"],"relics":["Burning Blood","NeowsBlessing","Happy Flower","Art of War","Smiling Mask","Astrolabe","ClockworkSouvenir"],"potions_floor_usage":[6,7,16,16,22],"damage_taken":[{"damage":0,"enemies":"2 Louse","floor":1,"turns":1},{"damage":0,"enemies":"Small Slimes","floor":3,"turns":1},{"damage":0,"enemies":"Cultist","floor":4,"turns":1},{"damage":0,"enemies":"3 Sentries","floor":6,"turns":1},{"damage":7,"enemies":"Large Slime","floor":7,"turns":5},{"damage":4,"enemies":"Lots of Slimes","floor":10,"turns":6},{"damage":5,"enemies":"Gremlin Gang","floor":12,"turns":4},{"damage":37,"enemies":"Lagavulin","floor":13,"turns":6},{"damage":0,"enemies":"2 Fungi Beasts","floor":14,"turns":2},{"damage":8,"enemies":"Slime Boss","floor":16,"turns":7},{"damage":25,"enemies":"Spheric Guardian","floor":18,"turns":4},{"damage":41,"enemies":"Shell Parasite","floor":20,"turns":4},{"damage":31,"enemies":"Centurion and Healer","floor":22,"turns":5}],"seed_played":"-3842343083178453105","potions_obtained":[{"floor":1,"key":"Fire Potion"},{"floor":5,"key":"SmokeBomb"},{"floor":12,"key":"Energy Potion"},{"floor":14,"key":"Swift Potion"},{"floor":20,"key":"Regen Potion"}],"is_trial":false,"path_per_floor":["M","?","M","M","?","E","M","R","T","M","R","M","E","M","R","B",null,"M","?","M","$","M"],"character_chosen":"IRONCLAD","items_purchased":["ClockworkSouvenir"],"campfire_rested":0,"item_purchase_floors":[21],"current_hp_per_floor":[74,56,62,68,68,74,73,73,73,75,75,75,44,50,50,48,68,49,49,14,14,0],"gold":75,"neow_bonus":"THREE_ENEMY_KILL","is_prod":false,"is_daily":false,"chose_seed":false,"campfire_upgraded":3,"win_rate":0,"timestamp":1547655226,"path_taken":["M","?","M","M","?","E","M","R","T","M","R","?","E","M","R","BOSS","M","?","M","$","M"],"build_version":"2019-01-10","purchased_purges":1,"victory":false,"max_hp_per_floor":[75,75,75,75,75,75,75,75,75,75,75,75,75,75,75,75,75,75,75,75,75,75],"card_choices":[{"not_picked":["Warcry","Twin Strike"],"picked":"Clash","floor":1},{"not_picked":["Fire Breathing","Evolve"],"picked":"Armaments","floor":3},{"not_picked":["Armaments","Warcry"],"picked":"Shrug It Off","floor":4},{"not_picked":["Offering","Corruption"],"picked":"Pommel Strike","floor":7},{"not_picked":["Dropkick","Sword Boomerang"],"picked":"Spot Weakness","floor":10},{"not_picked":["Wild Strike","Heavy Blade","Body Slam"],"picked":"SKIP","floor":12},{"not_picked":["Juggernaut","Sentinel"],"picked":"Cleave","floor":13},{"not_picked":["Flex","Combust"],"picked":"Inflame","floor":14},{"not_picked":["Double Tap","Bludgeon"],"picked":"Limit Break","floor":16},{"not_picked":["Rupture","Wild Strike"],"picked":"Sword Boomerang","floor":18},{"not_picked":["Intimidate","Warcry"],"picked":"Heavy Blade","floor":20}],"player_experience":1156393,"relics_obtained":[{"floor":9,"key":"Art of War"},{"floor":13,"key":"Smiling Mask"}],"event_choices":[{"damage_healed":0,"gold_gain":0,"player_choice":"Success","damage_taken":18,"relics_obtained":["Happy Flower"],"max_hp_gain":0,"max_hp_loss":0,"event_name":"Scrap Ooze","floor":2,"gold_loss":0},{"damage_healed":0,"gold_gain":0,"player_choice":"Bought 1 Potion","damage_taken":0,"max_hp_gain":0,"max_hp_loss":0,"event_name":"The Woman in Blue","floor":5,"gold_loss":0},{"cards_removed":["Brutality"],"damage_healed":0,"gold_gain":0,"player_choice":"Purged","damage_taken":0,"max_hp_gain":0,"max_hp_loss":0,"event_name":"Purifier","floor":19,"gold_loss":0}],"is_beta":false,"boss_relics":[{"not_picked":["Coffee Dripper","Velvet Choker"],"picked":"Astrolabe"}],"items_purged_floors":[21],"is_endless":false,"potions_floor_spawned":[1,6,12,14,20],"killed_by":"Centurion and Healer","ascension_level":19}