{"gold_per_floor":[114,130,142,159,109,137,137,164,190,190,205,205,108,122,122,122],"floor_reached":16,"playtime":577,"items_purged":["Strike_G"],"score":112,"play_id":"4df28eb4-dfd8-42c1-beec-e7eb4665586c","local_time":"20190505184352","is_ascension_mode":false,"campfire_choices":[{"data":"Riddle With Holes","floor":7,"key":"SMITH"},{"data":"Sucker Punch","floor":10,"key":"SMITH"},{"floor":15,"key":"REST"}],"neow_cost":"TEN_PERCENT_HP_LOSS","seed_source_timestamp":1963657934753580,"circlet_count":0,"master_deck":["Defend_G","Defend_G","Defend_G","Defend_G","Defend_G","Strike_G","Strike_G","Strike_G","Survivor","Neutralize","Sucker Punch+1","All Out Attack","Tactician","Riddle With Holes+1","Reflex","Wraith Form v2","Prepared","Acrobatics"],"relics":["Ring of the Snake","Tough Bandages","Matryoshka","Omamori","Juzu Bracelet","Smiling Mask"],"potions_floor_usage":[8,16],"damage_taken":[{"damage":0,"enemies":"Small Slimes","floor":1,"turns":3},{"damage":7,"enemies":"2 Louse","floor":2,"turns":3},{"damage":0,"enemies":"Cultist","floor":3,"turns":3},{"damage":7,"enemies":"2 Fungi Beasts","floor":4,"turns":5},{"damage":12,"enemies":"3 Sentries","floor":6,"turns":11},{"damage":17,"enemies":"Gremlin Nob","floor":8,"turns":4},{"damage":5,"enemies":"Looter","floor":11,"turns":3},{"damage":5,"enemies":"Lots of Slimes","floor":14,"turns":4},{"damage":12,"enemies":"Slime Boss","floor":16,"turns":7}],"seed_played":"4247659884395883653","potions_obtained":[{"floor":1,"key":"SkillPotion"},{"floor":4,"key":"FearPotion"},{"floor":11,"key":"FearPotion"}],"is_trial":false,"path_per_floor":["M","M","M","M","?","E","R","E","T","R","M","?","$","M","R","B"],"character_chosen":"THE_SILENT","items_purchased":["Prepared"],"campfire_rested":1,"item_purchase_floors":[13],"current_hp_per_floor":[63,56,56,49,49,37,37,20,20,20,15,15,15,10,28,16],"gold":122,"neow_bonus":"ONE_RARE_RELIC","is_prod":false,"is_daily":false,"chose_seed":false,"campfire_upgraded":2,"win_rate":0,"timestamp":1557096232,"path_taken":["M","M","M","M","?","E","R","E","T","R","M","?","$","M","R","BOSS"],"build_version":"2019-01-23","purchased_purges":1,"victory":false,"max_hp_per_floor":[63,63,63,63,63,63,63,63,63,63,63,63,63,63,63,63],"card_choices":[{"not_picked":["Accuracy","Catalyst"],"picked":"Sucker Punch","floor":1},{"not_picked":["Flechettes","Slice"],"picked":"All Out Attack","floor":2},{"not_picked":["Dodge and Roll","Quick Slash"],"picked":"Tactician","floor":3},{"not_picked":["Slice","Bane","Cloak And Dagger"],"picked":"SKIP","floor":4},{"not_picked":["Slice","Choke"],"picked":"Riddle With Holes","floor":6},{"not_picked":["Deflect","Outmaneuver"],"picked":"Reflex","floor":8},{"not_picked":["Slice","Acrobatics"],"picked":"Wraith Form v2","floor":11},{"not_picked":["Bane","Slice"],"picked":"Acrobatics","floor":14}],"player_experience":376531,"relics_obtained":[{"floor":6,"key":"Matryoshka"},{"floor":8,"key":"Omamori"},{"floor":9,"key":"Juzu Bracelet"},{"floor":9,"key":"Smiling Mask"}],"event_choices":[{"cards_removed":["Strike_G"],"damage_healed":0,"gold_gain":0,"player_choice":"Card Removal","damage_taken":0,"max_hp_gain":0,"max_hp_loss":0,"event_name":"The Cleric","floor":5,"gold_loss":50},{"damage_healed":0,"gold_gain":0,"player_choice":"Ignored","damage_taken":0,"max_hp_gain":0,"max_hp_loss":0,"event_name":"Shining Light","floor":12,"gold_loss":0}],"is_beta":false,"boss_relics":[],"items_purged_floors":[13],"is_endless":false,"potions_floor_spawned":[1,4,11],"killed_by":"Slime Boss","ascension_level":0}