{"path_per_floor":["M","M","$","?","?","M","E","M","T","E","R","E","R","M","R"],"character_chosen":"THE_SILENT","items_purchased":[],"gold_per_floor":[111,123,48,48,48,61,95,111,111,137,137,163,163,180,180],"floor_reached":16,"campfire_rested":1,"playtime":1573,"current_hp_per_floor":[63,61,61,61,61,61,48,42,42,31,31,21,21,16,37],"items_purged":["Defend_G"],"gold":180,"play_id":"115e7e35-62b0-4fd7-b94c-5c4a2c505ceb","is_prod":false,"is_daily":false,"campfire_rituals":0,"campfire_upgraded":2,"is_hardmode":false,"path_taken":["M","M","?","?","?","M","E","M","T","E","R","E","R","?","R","BOSS"],"build_version":"2018-01-18-PROD4","purchased_purges":1,"victory":false,"master_deck":["Defend_G","Defend_G","Defend_G","Defend_G","Strike_G","Strike_G","Strike_G","Strike_G","Strike_G","Survivor","Neutralize","Backflip","Quick Slash","Quick Slash","Adrenaline","Acrobatics","Calculated Gamble","Sucker Punch","Blur"],"max_hp_per_floor":[70,70,70,70,70,70,70,70,70,70,70,70,70,70,70],"relics":["Ring of the Snake","Frozen Eye","Mummified Hand","Prayer Wheel"],"campfire_meditates":0,"card_choices":[{"not_picked":["Dagger Throw","Poisoned Stab"],"picked":"Backflip"},{"not_picked":["Crippling Poison","Underhanded Strike"],"picked":"Quick Slash"},{"not_picked":["Predator","Phantasmal Killer"],"picked":"Quick Slash"},{"not_picked":["Deadly Poison","Sucker Punch"],"picked":"Adrenaline"},{"not_picked":["Quick Slash","Reflex"],"picked":"Acrobatics"},{"not_picked":["Endless Agony","PiercingWail"],"picked":"Calculated Gamble"},{"not_picked":["Reflex","Slice"],"picked":"Sucker Punch"},{"not_picked":["Bouncing Flask","Eviscerate"],"picked":"Blur"}],"player_experience":295307,"potions_floor_usage":[7,7,10,10,12],"damage_taken":[{"damage":7,"enemies":"Blue Slaver","floor":1,"turns":5},{"damage":2,"enemies":"Small Slimes","floor":2,"turns":4},{"damage":0,"enemies":"Cultist","floor":6,"turns":3},{"damage":13,"enemies":"3 Sentries","floor":7,"turns":9},{"damage":6,"enemies":"Exordium Thugs","floor":8,"turns":4},{"damage":11,"enemies":"Lagavulin","floor":10,"turns":6},{"damage":10,"enemies":"3 Sentries","floor":12,"turns":8},{"damage":5,"enemies":"2 Fungi Beasts","floor":14,"turns":3},{"damage":42,"enemies":"Slime Boss","floor":16,"turns":12}],"event_choices":[{"event_name":"Living Wall","player_choice":"Grow","floor":4,"damage_taken":0},{"event_name":"The Lab","player_choice":"Got Potions","floor":5,"damage_taken":0}],"boss_relics":[],"potions_floor_spawned":[7,8],"seed_played":"293461685433428498","killed_by":"Slime Boss","is_trial":false}