{"path_per_floor":["M","?","M","M","?","E","M","M","T","E","R","M","M","E","R","B",null,"M","M","$","?","M","R","?","E","T","R","?","R"],"character_chosen":"THE_SILENT","items_purchased":["Bottled Flame","Backflip"],"gold_per_floor":[116,116,130,147,147,490,514,539,539,574,574,589,602,642,642,773,773,792,806,424,424,448,448,448,487,487,487,412,412],"floor_reached":30,"campfire_rested":2,"playtime":2095,"current_hp_per_floor":[67,67,67,66,65,49,37,34,34,16,50,47,47,31,31,9,65,63,45,45,45,37,37,37,4,4,38,38,38],"items_purged":["Strike_G"],"gold":412,"play_id":"1296b462-de62-4a4b-892a-d5c26a7992fb","is_prod":false,"is_daily":false,"campfire_rituals":0,"campfire_upgraded":3,"is_hardmode":false,"path_taken":["M","?","M","M","?","E","M","M","T","E","R","M","M","E","R","BOSS","M","M","$","?","M","R","?","E","T","R","?","R","E"],"build_version":"2018-01-18-PROD4","purchased_purges":1,"victory":false,"master_deck":["Defend_G","Defend_G","Strike_G","Survivor","Neutralize","Poisoned Stab","Terror","Flying Knee","Footwork","Prepared","Leg Sweep","Poisoned Stab","Bane","Poisoned Stab","Bullet Time","Blade Dance","Envenom","Masterful Stab","Footwork","Backflip","Bouncing Flask"],"max_hp_per_floor":[70,70,70,70,65,65,65,65,65,65,65,65,65,65,65,65,65,65,65,65,65,65,65,65,65,65,65,65,65],"relics":["Ring of the Snake","Golden Idol","Old Coin","Regal Pillow","Juzu Bracelet","Astrolabe","Bottled Flame","Nloth\u0027s Gift","Molten Egg","Ginger"],"campfire_meditates":0,"card_choices":[{"not_picked":["Accuracy","Terror"],"picked":"Poisoned Stab"},{"not_picked":["Endless Agony","Deadly Poison"],"picked":"Terror"},{"not_picked":["Deadly Poison","Reflex"],"picked":"Flying Knee"},{"not_picked":["Distraction","Bane"],"picked":"Footwork"},{"not_picked":["Burst","Flying Knee"],"picked":"Prepared"},{"not_picked":["Dodge and Roll","Cloak And Dagger"],"picked":"Leg Sweep"},{"not_picked":["Cloak And Dagger","Outmaneuver"],"picked":"Poisoned Stab"},{"not_picked":["Backstab","Prepared"],"picked":"Bane"},{"not_picked":["PiercingWail","Acrobatics"],"picked":"Poisoned Stab"},{"not_picked":["Night Terror","Grand Finale"],"picked":"Bullet Time"},{"not_picked":["Accuracy","Predator"],"picked":"Footwork"},{"not_picked":["Reflex","A Thousand Cuts"],"picked":"Bouncing Flask"}],"player_experience":272377,"potions_floor_usage":[6,8,14,16,30],"damage_taken":[{"damage":3,"enemies":"Jaw Worm","floor":1,"turns":5},{"damage":0,"enemies":"Blue Slaver","floor":3,"turns":4},{"damage":1,"enemies":"2 Louse","floor":4,"turns":4},{"damage":16,"enemies":"Gremlin Nob","floor":6,"turns":4},{"damage":12,"enemies":"Exordium Thugs","floor":7,"turns":10},{"damage":3,"enemies":"Gremlin Gang","floor":8,"turns":6},{"damage":18,"enemies":"Lagavulin","floor":10,"turns":8},{"damage":3,"enemies":"Red Slaver","floor":12,"turns":4},{"damage":0,"enemies":"2 Fungi Beasts","floor":13,"turns":4},{"damage":16,"enemies":"3 Sentries","floor":14,"turns":8},{"damage":22,"enemies":"Slime Boss","floor":16,"turns":8},{"damage":2,"enemies":"Shell Parasite","floor":18,"turns":4},{"damage":18,"enemies":"Spheric Guardian","floor":19,"turns":5},{"damage":8,"enemies":"Centurion and Healer","floor":22,"turns":8},{"damage":33,"enemies":"Book of Stabbing","floor":25,"turns":7},{"damage":51,"enemies":"Gremlin Leader","floor":30,"turns":8}],"event_choices":[{"event_name":"Purifier","player_choice":"One Purge","floor":2,"damage_taken":0},{"event_name":"Golden Idol","player_choice":"Lose Max HP","floor":5,"damage_taken":0},{"event_name":"N\u0027loth","player_choice":"Traded a Bronze Scales","floor":21,"damage_taken":0},{"event_name":"Purifier","player_choice":"One Purge","floor":24,"damage_taken":0},{"event_name":"Beggar","player_choice":"Gave Gold","floor":28,"damage_taken":0}],"boss_relics":[{"not_picked":["Lizard Tail","Snecko Eye"],"picked":"Astrolabe"}],"potions_floor_spawned":[1,6,8,10,14,18,22],"seed_played":"6557311961194407475","killed_by":"Gremlin Leader","is_trial":false}