{"gold_per_floor":[114,129,145,145,163,163,163,163,187,222,235,235,235,235,235,330,330,345,345],"floor_reached":19,"playtime":518,"items_purged":[],"score":334,"play_id":"2efce63c-35d1-4d14-8642-98224d8077a6","local_time":"20190128215454","is_ascension_mode":true,"campfire_choices":[{"data":"Zap","floor":6,"key":"SMITH"},{"data":"Defragment","floor":12,"key":"SMITH"},{"data":"Dualcast","floor":15,"key":"SMITH"}],"neow_cost":"NONE","seed_source_timestamp":408713800649400,"circlet_count":0,"master_deck":["AscendersBane","Strike_B","Strike_B","Strike_B","Strike_B","Defend_B","Defend_B","Defend_B","Defend_B","Zap+1","Dualcast+1","Defragment+1","Rebound","FTL","Self Repair","Sweeping Beam"],"relics":["Cracked Core","Lantern","Pocketwatch","Golden Idol","Ornamental Fan","Strawberry","Art of War","Busted Crown"],"potions_floor_usage":[10,16,18],"damage_taken":[{"damage":1,"enemies":"Cultist","floor":1,"turns":3},{"damage":3,"enemies":"2 Louse","floor":2,"turns":3},{"damage":2,"enemies":"Jaw Worm","floor":3,"turns":3},{"damage":15,"enemies":"3 Louse","floor":5,"turns":3},{"damage":7,"enemies":"Gremlin Nob","floor":10,"turns":3},{"damage":0,"enemies":"2 Fungi Beasts","floor":11,"turns":2},{"damage":27,"enemies":"The Guardian","floor":16,"turns":9},{"damage":18,"enemies":"2 Thieves","floor":18,"turns":4},{"damage":56,"enemies":"Masked Bandits","floor":19,"turns":3}],"seed_played":"-3219705505251392791","potions_obtained":[{"floor":1,"key":"Weak Potion"},{"floor":3,"key":"FearPotion"},{"floor":16,"key":"Fire Potion"}],"is_trial":false,"path_per_floor":["M","M","M","?","M","R","?","T","T","E","M","R","?","?","R","B",null,"M","?"],"character_chosen":"DEFECT","items_purchased":[],"campfire_rested":0,"item_purchase_floors":[],"current_hp_per_floor":[63,60,58,58,43,43,43,43,50,43,43,43,43,43,43,23,59,48,0],"gold":345,"neow_bonus":"RANDOM_COMMON_RELIC","is_prod":false,"is_daily":false,"chose_seed":false,"campfire_upgraded":3,"win_rate":0,"timestamp":1548712494,"path_taken":["M","M","M","?","?","R","?","?","T","E","M","R","?","?","R","BOSS","M","?"],"build_version":"2019-01-23","purchased_purges":0,"victory":false,"max_hp_per_floor":[71,71,71,71,71,71,64,64,71,71,71,71,71,71,71,71,71,71,71],"card_choices":[{"not_picked":["Ball Lightning","Rebound"],"picked":"Defragment","floor":1},{"not_picked":["Force Field","Aggregate","Streamline"],"picked":"SKIP","floor":2},{"not_picked":["Beam Cell","Barrage"],"picked":"Steam","floor":3},{"not_picked":["Genetic Algorithm","Machine Learning"],"picked":"Rebound","floor":5},{"not_picked":["Doom and Gloom","Reboot"],"picked":"FTL","floor":10},{"not_picked":["Heatsinks","Melter"],"picked":"Self Repair","floor":11},{"not_picked":[],"picked":"Sweeping Beam","floor":18}],"player_experience":1255761,"relics_obtained":[{"floor":8,"key":"Ornamental Fan"},{"floor":9,"key":"Strawberry"},{"floor":10,"key":"Art of War"}],"event_choices":[{"cards_removed":["Steam"],"damage_healed":0,"gold_gain":0,"player_choice":"Gave Card","damage_taken":0,"relics_obtained":["Pocketwatch"],"max_hp_gain":0,"max_hp_loss":0,"event_name":"WeMeetAgain","floor":4,"gold_loss":0},{"damage_healed":0,"gold_gain":0,"player_choice":"Lose Max HP","damage_taken":0,"relics_obtained":["Golden Idol"],"max_hp_gain":0,"max_hp_loss":7,"event_name":"Golden Idol","floor":7,"gold_loss":0},{"damage_healed":0,"gold_gain":0,"player_choice":"Ignored","damage_taken":0,"max_hp_gain":0,"max_hp_loss":0,"event_name":"Golden Wing","floor":13,"gold_loss":0},{"damage_healed":0,"gold_gain":0,"player_choice":"Ignored","damage_taken":0,"max_hp_gain":0,"max_hp_loss":0,"event_name":"Liars Game","floor":14,"gold_loss":0},{"damage_healed":0,"gold_gain":0,"player_choice":"Fought Bandits","damage_taken":0,"max_hp_gain":0,"max_hp_loss":0,"event_name":"Masked Bandits","floor":19,"gold_loss":0}],"is_beta":false,"boss_relics":[{"not_picked":["Lizard Tail","Tiny House"],"picked":"Busted Crown"}],"items_purged_floors":[],"is_endless":false,"potions_floor_spawned":[1,3,5,16],"killed_by":"Masked Bandits","ascension_level":20}