{"gold_per_floor":[113,113,129,144,144,144,154,154,199,232,232,264,281,308,308,406,406,425,425,425,442,442,442],"floor_reached":23,"playtime":962,"items_purged":[],"score":209,"play_id":"9c50f252-1f81-4e6c-9ba5-01f82fd3e9e7","local_time":"20190705105553","is_ascension_mode":false,"campfire_choices":[{"data":"Rainbow","floor":6,"key":"SMITH"},{"data":"Streamline","floor":8,"key":"SMITH"},{"data":"Zap","floor":11,"key":"SMITH"},{"floor":15,"key":"REST"}],"neow_cost":"NONE","seed_source_timestamp":1177473614975386,"circlet_count":0,"master_deck":["Strike_B","Strike_B","Strike_B","Strike_B","Defend_B","Defend_B","Defend_B","Defend_B","Zap+1","Dualcast","Rainbow+1","Compile Driver","Zap","Genetic Algorithm","Streamline+1","Hologram","Coolheaded","Capacitor","Steam Power","Defragment","Leap","Buffer","Genetic Algorithm","Genetic Algorithm","RitualDagger"],"relics":["Cracked Core","Ancient Tea Set","Art of War","Bronze Scales","Regal Pillow","Busted Crown"],"potions_floor_usage":[10,12,13,14,23],"damage_taken":[{"damage":6,"enemies":"Jaw Worm","floor":1,"turns":3},{"damage":4,"enemies":"Cultist","floor":3,"turns":3},{"damage":0,"enemies":"Small Slimes","floor":4,"turns":3},{"damage":14,"enemies":"2 Fungi Beasts","floor":7,"turns":4},{"damage":17,"enemies":"3 Sentries","floor":10,"turns":7},{"damage":13,"enemies":"Lagavulin","floor":12,"turns":5},{"damage":20,"enemies":"Exordium Wildlife","floor":13,"turns":3},{"damage":7,"enemies":"3 Sentries","floor":14,"turns":6},{"damage":34,"enemies":"Hexaghost","floor":16,"turns":8},{"damage":16,"enemies":"Spheric Guardian","floor":18,"turns":5},{"damage":14,"enemies":"3 Byrds","floor":21,"turns":3},{"damage":45,"enemies":"Slavers","floor":23,"turns":3}],"seed_played":"-8260613293769376654","potions_obtained":[{"floor":1,"key":"Regen Potion"},{"floor":3,"key":"Energy Potion"},{"floor":5,"key":"Regen Potion"},{"floor":13,"key":"LiquidBronze"},{"floor":14,"key":"FearPotion"}],"is_trial":false,"path_per_floor":["M","?","M","M","?","R","M","R","T","E","R","E","M","E","R","B",null,"M","?","?","M","?","E"],"character_chosen":"DEFECT","items_purchased":[],"campfire_rested":1,"item_purchase_floors":[],"current_hp_per_floor":[69,69,65,65,65,65,51,51,51,49,49,50,30,23,60,26,75,59,59,59,45,39,0],"gold":442,"neow_bonus":"ONE_RANDOM_RARE_CARD","is_prod":false,"is_daily":false,"chose_seed":false,"campfire_upgraded":3,"win_rate":0,"timestamp":1562349353,"path_taken":["M","?","?","M","?","R","M","R","T","E","R","E","?","E","R","BOSS","M","?","?","?","?","E"],"build_version":"2019-07-01","purchased_purges":0,"victory":false,"max_hp_per_floor":[75,75,75,75,75,75,75,75,75,75,75,75,75,75,75,75,75,75,75,75,75,75,75],"card_choices":[{"not_picked":["Reprogram","Stack"],"picked":"Compile Driver","floor":1},{"not_picked":["Go for the Eyes","Turbo"],"picked":"Streamline","floor":3},{"not_picked":["Steam Power","Steam"],"picked":"Hologram","floor":4},{"not_picked":["Doom and Gloom","Beam Cell"],"picked":"Coolheaded","floor":7},{"not_picked":["Redo","Storm"],"picked":"Capacitor","floor":10},{"not_picked":["Turbo","Capacitor"],"picked":"Steam Power","floor":12},{"not_picked":["Sweeping Beam","Rebound"],"picked":"Defragment","floor":13},{"not_picked":["Beam Cell","Blizzard"],"picked":"Leap","floor":14},{"not_picked":["Meteor Strike","Thunder Strike"],"picked":"Buffer","floor":16},{"not_picked":["Fusion"],"picked":"SKIP","floor":18},{"not_picked":[],"picked":"Genetic Algorithm","floor":21}],"player_experience":638948,"relics_obtained":[{"floor":9,"key":"Ancient Tea Set"},{"floor":10,"key":"Art of War"},{"floor":12,"key":"Bronze Scales"},{"floor":14,"key":"Regal Pillow"}],"event_choices":[{"damage_healed":0,"gold_gain":0,"player_choice":"2 cards matched","damage_taken":0,"max_hp_gain":0,"max_hp_loss":0,"event_name":"Match and Keep!","floor":2,"gold_loss":0,"cards_obtained":["Zap","Genetic Algorithm"]},{"damage_healed":0,"gold_gain":0,"player_choice":"Got Potions","damage_taken":0,"max_hp_gain":0,"max_hp_loss":0,"event_name":"Lab","floor":5,"gold_loss":0},{"damage_healed":0,"gold_gain":0,"player_choice":"Ignored","damage_taken":0,"max_hp_gain":0,"max_hp_loss":0,"event_name":"Cursed Tome","floor":19,"gold_loss":0},{"damage_healed":0,"gold_gain":0,"player_choice":"Copied","damage_taken":0,"max_hp_gain":0,"max_hp_loss":0,"event_name":"Duplicator","floor":20,"gold_loss":0,"cards_obtained":["Genetic Algorithm"]},{"damage_healed":0,"gold_gain":0,"player_choice":"Joined the Cult","damage_taken":6,"max_hp_gain":0,"max_hp_loss":0,"event_name":"Nest","floor":22,"gold_loss":0,"cards_obtained":["RitualDagger"]}],"is_beta":false,"boss_relics":[{"not_picked":["Empty Cage","White Beast Statue"],"picked":"Busted Crown"}],"items_purged_floors":[],"is_endless":false,"potions_floor_spawned":[1,3,13,14],"killed_by":"Slavers","ascension_level":0}