{"path_per_floor":["M","?","M","M","M","E","$","R","T","E","?","?","M","?","R"],"character_chosen":"THE_SILENT","items_purchased":["Juzu Bracelet"],"gold_per_floor":[111,111,130,143,164,205,55,55,82,122,99,199,223,223,223],"floor_reached":16,"campfire_rested":1,"playtime":1071,"current_hp_per_floor":[70,53,53,52,47,29,29,29,29,8,8,8,8,8,29],"items_purged":[],"gold":223,"play_id":"4be8a8c6-5471-48b2-9867-6105b9a9c228","is_prod":false,"is_daily":false,"campfire_rituals":0,"campfire_upgraded":1,"is_hardmode":false,"path_taken":["M","?","M","M","M","E","$","R","T","E","?","?","M","?","R","BOSS"],"build_version":"2018-01-11-PROD2","purchased_purges":0,"victory":false,"master_deck":["Defend_G","Defend_G","Defend_G","Defend_G","Defend_G","Strike_G","Strike_G","Strike_G","Strike_G","Strike_G","Survivor","Neutralize","Night Terror","Sucker Punch","Backstab","Flying Knee","After Image","Poisoned Stab","Sucker Punch"],"max_hp_per_floor":[70,70,70,70,70,70,70,70,70,70,70,70,70,70,70],"relics":["Ring of the Snake","Golden Idol","Bottled Flame","Juzu Bracelet","Vajra","Pen Nib"],"campfire_meditates":0,"card_choices":[{"not_picked":["Catalyst","Outmaneuver"],"picked":"Sucker Punch"},{"not_picked":["Backflip","Bane"],"picked":"Backstab"},{"not_picked":["Reflex","Dagger Throw"],"picked":"Flying Knee"},{"not_picked":["Leg Sweep","Poisoned Stab"],"picked":"After Image"},{"not_picked":["Dagger Throw","Underhanded Strike"],"picked":"Poisoned Stab"},{"not_picked":["Poisoned Stab","Reflex"],"picked":"Sucker Punch"}],"player_experience":115486,"potions_floor_usage":[5,16],"damage_taken":[{"damage":0,"enemies":"Small Slimes","floor":1,"turns":4},{"damage":0,"enemies":"2 Louse","floor":3,"turns":2},{"damage":1,"enemies":"Jaw Worm","floor":4,"turns":4},{"damage":5,"enemies":"Exordium Thugs","floor":5,"turns":5},{"damage":18,"enemies":"Gremlin Nob","floor":6,"turns":6},{"damage":21,"enemies":"Lagavulin","floor":10,"turns":9},{"damage":0,"enemies":"Red Slaver","floor":13,"turns":4},{"damage":31,"enemies":"Hexaghost","floor":16,"turns":14}],"event_choices":[{"event_name":"Golden Idol","player_choice":"Take Damage","floor":2,"damage_taken":0},{"event_name":"World of Goop","player_choice":"Left","floor":11,"damage_taken":0},{"event_name":"Golden Shrine","player_choice":"Pray","floor":12,"damage_taken":0},{"event_name":"Living Wall","player_choice":"Grow","floor":14,"damage_taken":0}],"boss_relics":[],"potions_floor_spawned":[1,10],"seed_played":"8209976610971936896","killed_by":"Hexaghost","is_trial":false}