{"gold_per_floor":[115,135,146,164,164,164,194,194,194,209,150,166,198,216,216,321,321,336,336,346,346,359,359,388,388,388,405,320,320,320,337,337,439,439,451,451,451],"floor_reached":37,"playtime":2221,"items_purged":[],"score":506,"play_id":"e32adc4c-da6d-4670-a48f-bba48a09ee03","local_time":"20181226030027","is_ascension_mode":true,"campfire_choices":[{"data":"Redo","floor":6,"key":"SMITH"},{"data":"Loop","floor":8,"key":"SMITH"},{"floor":15,"key":"REST"},{"data":"Dualcast","floor":23,"key":"SMITH"},{"data":"Buffer","floor":25,"key":"SMITH"},{"floor":30,"key":"REST"},{"data":"Coolheaded","floor":32,"key":"SMITH"}],"neow_cost":"NONE","seed_source_timestamp":101192404753005,"circlet_count":0,"master_deck":["Zap","Dualcast+1","Skim","Redo+1","Hologram","Loop+1","Conserve Battery","Electrodynamics","Darkness","BootSequence","Reinforced Body","Buffer+1","Cold Snap","Beam Cell","Compile Driver","Tempest","Aggregate","Consume","Aggregate","Storm","Turbo+1","Hologram","Reinforced Body+1","Force Field","Coolheaded+1","Bite","Bite","Bite","Bite","Bite","Redo+1","Rainbow+1","Hello World"],"relics":["Sozu","Regal Pillow","The Courier","WingedGreaves","Pandora\u0027s Box","Mummified Hand","Lantern","Art of War"],"potions_floor_usage":[],"damage_taken":[{"damage":8,"enemies":"Jaw Worm","floor":1,"turns":4},{"damage":5,"enemies":"Cultist","floor":2,"turns":4},{"damage":0,"enemies":"Small Slimes","floor":3,"turns":3},{"damage":9,"enemies":"2 Fungi Beasts","floor":4,"turns":4},{"damage":32,"enemies":"3 Sentries","floor":7,"turns":7},{"damage":11,"enemies":"Blue Slaver","floor":10,"turns":4},{"damage":0,"enemies":"Exordium Wildlife","floor":12,"turns":3},{"damage":20,"enemies":"Lagavulin","floor":13,"turns":5},{"damage":1,"enemies":"Lots of Slimes","floor":14,"turns":2},{"damage":19,"enemies":"Slime Boss","floor":16,"turns":8},{"damage":0,"enemies":"Chosen","floor":18,"turns":5},{"damage":0,"enemies":"Spheric Guardian","floor":20,"turns":5},{"damage":16,"enemies":"Snake Plant","floor":22,"turns":4},{"damage":20,"enemies":"Gremlin Leader","floor":24,"turns":7},{"damage":15,"enemies":"Cultist and Chosen","floor":27,"turns":6},{"damage":20,"enemies":"Centurion and Healer","floor":31,"turns":5},{"damage":21,"enemies":"Collector","floor":33,"turns":9},{"damage":4,"enemies":"3 Shapes","floor":35,"turns":6},{"damage":67,"enemies":"3 Darklings","floor":37,"turns":4}],"seed_played":"-4763977850416458003","potions_obtained":[],"is_trial":false,"path_per_floor":["M","M","M","M","?","R","E","R","T","M","$","M","E","M","R","B",null,"M","$","M","?","M","R","E","R","T","M","?","?","R","M","R","B",null,"M","?","M"],"character_chosen":"DEFECT","items_purchased":["Electrodynamics"],"campfire_rested":2,"item_purchase_floors":[11],"current_hp_per_floor":[67,62,62,53,75,75,43,43,43,32,32,32,12,11,48,29,75,75,75,75,61,45,45,25,25,25,10,10,10,41,31,31,30,56,52,52,0],"gold":451,"neow_bonus":"BOSS_RELIC","is_prod":false,"is_daily":false,"chose_seed":false,"campfire_upgraded":5,"win_rate":0,"timestamp":1545822027,"path_taken":["M","M","M","M","?","R","E","R","T","?","$","M","E","M","R","BOSS","M","$","M","?","M","R","E","R","T","M","?","?","R","M","R","BOSS","M","?","?"],"build_version":"2018-12-20","purchased_purges":0,"victory":false,"max_hp_per_floor":[75,75,75,75,75,75,75,75,75,75,75,75,75,75,75,75,75,75,75,75,80,80,80,80,80,80,80,80,56,56,56,56,56,56,56,56,56],"card_choices":[{"not_picked":["Rip and Tear","Conserve Battery"],"picked":"Skim","floor":1},{"not_picked":["Gash","Ball Lightning"],"picked":"Redo","floor":2},{"not_picked":["Gash","Stack"],"picked":"BootSequence","floor":3},{"not_picked":["Rebound","Barrage"],"picked":"Hologram","floor":4},{"not_picked":["Compile Driver","Ball Lightning"],"picked":"Loop","floor":7},{"not_picked":["Sweeping Beam","Steam"],"picked":"Conserve Battery","floor":10},{"not_picked":["Compile Driver","Ball Lightning"],"picked":"Darkness","floor":12},{"not_picked":["Ball Lightning","Electrodynamics"],"picked":"BootSequence","floor":13},{"not_picked":["Reprogram","Steam"],"picked":"Reinforced Body","floor":14},{"not_picked":["All For One","Multi-Cast"],"picked":"Buffer","floor":16},{"not_picked":["Self Repair","Chaos+1"],"picked":"Turbo+1","floor":18},{"not_picked":["Leap+1","Sweeping Beam"],"picked":"Hologram","floor":20},{"not_picked":["Streamline","Compile Driver+1"],"picked":"Reinforced Body+1","floor":22},{"not_picked":["Steam+1","Turbo+1"],"picked":"Force Field","floor":24},{"not_picked":["Core Surge","Steam"],"picked":"Coolheaded","floor":27},{"not_picked":["Rebound","BootSequence"],"picked":"Redo+1","floor":31},{"not_picked":["All For One","Biased Cognition"],"picked":"Rainbow","floor":33},{"not_picked":["Recycle+1","Lockon"],"picked":"Hello World","floor":35}],"player_experience":123769,"relics_obtained":[{"floor":7,"key":"Regal Pillow"},{"floor":9,"key":"The Courier"},{"floor":13,"key":"WingedGreaves"},{"floor":24,"key":"Mummified Hand"},{"floor":26,"key":"Lantern"}],"event_choices":[{"cards_removed":["BootSequence"],"damage_healed":22,"gold_gain":0,"player_choice":"Offered Uncommon","damage_taken":0,"max_hp_gain":0,"max_hp_loss":0,"event_name":"Bonfire Elementals","floor":5,"gold_loss":0},{"damage_healed":0,"gold_gain":0,"player_choice":"Shed Blood","damage_taken":19,"max_hp_gain":5,"max_hp_loss":0,"event_name":"Forgotten Altar","floor":21,"gold_loss":0},{"damage_healed":0,"gold_gain":0,"player_choice":"Obtained Relic","damage_taken":0,"relics_obtained":["Art of War"],"max_hp_gain":0,"max_hp_loss":0,"event_name":"Addict","floor":28,"gold_loss":85},{"damage_healed":0,"gold_gain":0,"player_choice":"Became a vampire","damage_taken":0,"max_hp_gain":0,"max_hp_loss":24,"event_name":"Vampires","floor":29,"gold_loss":0,"cards_obtained":["Bite","Bite","Bite","Bite","Bite"]},{"damage_healed":0,"gold_gain":0,"player_choice":"Upgraded","damage_taken":0,"max_hp_gain":0,"max_hp_loss":0,"event_name":"Upgrade Shrine","floor":36,"gold_loss":0,"cards_upgraded":["Rainbow"]}],"is_beta":false,"boss_relics":[{"not_picked":["Tiny House","Cursed Key"],"picked":"Pandora\u0027s Box"},{"not_picked":["Velvet Choker","Snecko Eye","Calling Bell"]}],"items_purged_floors":[],"is_endless":false,"potions_floor_spawned":[1,2,7,13,24,27,31,33],"killed_by":"3 Darklings","ascension_level":4}