{"path_per_floor":["M","M","M","M","M","E","R","?","T","M","E","M","R","M","R","B",null,"M","?","?","M","M","E","R","M","T","M","M","E","?","M","R","B",null,"M","M","?","$","M","E","?","?","T","$","M","$","R","E","R","B"],"character_chosen":"THE_SILENT","items_purchased":["Toy Ornithopter","Shuriken","Panache"],"gold_per_floor":[115,133,150,163,178,212,212,212,262,274,307,323,323,343,343,443,443,454,454,454,464,480,513,513,526,526,536,547,577,492,512,512,610,610,630,641,641,445,457,483,483,483,483,20,33,33,33,68,68,68],"floor_reached":51,"campfire_rested":0,"playtime":6427,"current_hp_per_floor":[70,70,68,67,62,41,41,41,41,41,25,25,25,17,17,17,70,49,49,49,49,49,36,36,31,31,45,44,42,42,45,45,36,49,35,35,49,49,41,14,14,4,4,4,33,33,33,11,11,9],"items_purged":[],"gold":68,"play_id":"efd7bb23-0265-4232-af30-e82da62d94b4","is_prod":false,"is_daily":false,"campfire_rituals":0,"campfire_upgraded":7,"is_hardmode":false,"path_taken":["M","M","M","M","M","E","R","?","T","M","E","M","R","M","R","BOSS","M","?","?","M","M","E","R","M","T","?","M","E","?","M","R","BOSS","M","M","?","$","M","E","?","?","T","$","M","?","R","E","R","BOSS"],"build_version":"2018-01-11-PROD2","purchased_purges":0,"victory":true,"master_deck":["Defend_G","Defend_G","Survivor","Neutralize","Dash","Flying Knee","PiercingWail","Dodge and Roll","Terror","Well Laid Plans","Acrobatics","Backflip","Unload","Calculated Gamble","PiercingWail","Bite_G","Bite_G","Bite_G","Bite_G","Bite_G","Noxious Fumes","Bane","Quick Slash","Quick Slash","Bane","Malaise","Sucker Punch","Heel Hook","Envenom","Skewer","Wraith Form","Escape Plan","Bane","Dodge and Roll","Sucker Punch","Deflect","Madness","Madness","Panache","Dagger Throw","Bouncing Flask"],"max_hp_per_floor":[70,70,70,70,70,70,70,70,70,70,70,70,70,70,70,70,70,70,49,49,49,49,49,49,49,49,49,49,49,49,49,49,49,49,49,49,49,49,49,49,49,49,49,49,49,49,49,49,49,49],"relics":["Lizard Tail","Molten Egg","Orichalcum","Ninja Scroll","Velvet Choker","Pen Nib","Unceasing Top","War Paint","Snake Skull","Astrolabe","Toy Ornithopter","Ornamental Fan","Toxic Egg","Shuriken","Torii"],"campfire_meditates":0,"card_choices":[{"not_picked":["Acrobatics","Slice"],"picked":"Dash"},{"not_picked":["Sucker Punch","Dagger Throw"],"picked":"Flying Knee"},{"not_picked":["Outmaneuver","Eviscerate"],"picked":"PiercingWail"},{"not_picked":["Riddle With Holes","Dagger Spray"],"picked":"Dodge and Roll"},{"not_picked":["Poisoned Stab","Flechettes"],"picked":"Terror"},{"not_picked":["Reflex","Calculated Gamble"],"picked":"Well Laid Plans"},{"not_picked":["Prepared","Flechettes"],"picked":"Acrobatics"},{"not_picked":["Slice","Terror"],"picked":"Backflip"},{"not_picked":["Poisoned Stab","Masterful Stab"],"picked":"Unload"},{"not_picked":["Underhanded Strike","Well Laid Plans"],"picked":"Calculated Gamble"},{"not_picked":["Wraith Form","Glass Knife"],"picked":"Venomology"},{"not_picked":["Prepared","Riddle With Holes"],"picked":"PiercingWail"},{"not_picked":["Deflect","Poisoned Stab"],"picked":"Riddle With Holes"},{"not_picked":["Dagger Spray","Deflect"],"picked":"Bane"},{"not_picked":["Wraith Form","Escape Plan"],"picked":"Quick Slash"},{"not_picked":["Outmaneuver","Flying Knee"],"picked":"Quick Slash"},{"not_picked":["Flying Knee","Masterful Stab"],"picked":"Bane"},{"not_picked":["Deflect","Acrobatics"],"picked":"Malaise"},{"not_picked":["Dagger Throw","PiercingWail"],"picked":"Sucker Punch"},{"not_picked":["Dagger Spray","Prepared"],"picked":"Heel Hook"},{"not_picked":["A Thousand Cuts","Tactician"],"picked":"Envenom"},{"not_picked":["Acrobatics","Flying Knee"],"picked":"Bane"},{"not_picked":["Calculated Gamble","Deflect"],"picked":"Dodge and Roll"},{"not_picked":["Poisoned Stab","Dagger Spray"],"picked":"Sucker Punch"},{"not_picked":["Quick Slash","After Image"],"picked":"Deflect"},{"not_picked":["Dagger Spray","PiercingWail"],"picked":"Dagger Throw"},{"not_picked":["Deadly Poison","Dodge and Roll"],"picked":"Bouncing Flask"}],"player_experience":90653,"potions_floor_usage":[6,16,16,18,21,22,22,23,25,25,27,28,28,31,33,33,35,36,36,40,45,48,50],"damage_taken":[{"damage":0,"enemies":"Cultist","floor":1,"turns":5},{"damage":0,"enemies":"Small Slimes","floor":2,"turns":4},{"damage":2,"enemies":"2 Louse","floor":3,"turns":3},{"damage":1,"enemies":"Exordium Wildlife","floor":4,"turns":3},{"damage":5,"enemies":"Gremlin Gang","floor":5,"turns":6},{"damage":21,"enemies":"Lagavulin","floor":6,"turns":9},{"damage":0,"enemies":"Large Slime","floor":10,"turns":7},{"damage":16,"enemies":"3 Sentries","floor":11,"turns":10},{"damage":0,"enemies":"Exordium Wildlife","floor":12,"turns":3},{"damage":8,"enemies":"Exordium Thugs","floor":14,"turns":5},{"damage":0,"enemies":"Hexaghost","floor":16,"turns":9},{"damage":21,"enemies":"2 Thieves","floor":18,"turns":4},{"damage":7,"enemies":"Shell Parasite","floor":21,"turns":5},{"damage":2,"enemies":"Centurion and Healer","floor":22,"turns":7},{"damage":23,"enemies":"Book of Stabbing","floor":23,"turns":7},{"damage":21,"enemies":"Snake Plant","floor":25,"turns":5},{"damage":11,"enemies":"Snecko","floor":27,"turns":6},{"damage":13,"enemies":"Sentry and Sphere","floor":28,"turns":6},{"damage":20,"enemies":"Gremlin Leader","floor":29,"turns":8},{"damage":3,"enemies":"3 Cultists","floor":31,"turns":4},{"damage":17,"enemies":"Automaton","floor":33,"turns":10},{"damage":16,"enemies":"3 Shapes","floor":35,"turns":5},{"damage":17,"enemies":"3 Darklings","floor":36,"turns":5},{"damage":8,"enemies":"4 Shapes","floor":39,"turns":6},{"damage":36,"enemies":"2 Orb Walkers","floor":40,"turns":5},{"damage":1,"enemies":"Maw","floor":45,"turns":7},{"damage":35,"enemies":"Nemesis","floor":48,"turns":7},{"damage":34,"enemies":"Awakened One","floor":50,"turns":11}],"event_choices":[{"event_name":"Liars Game","player_choice":"disagreed","floor":8,"damage_taken":0},{"event_name":"Vampires","player_choice":"Became a vampire","floor":19,"damage_taken":0},{"event_name":"The Library","player_choice":"Read","floor":20,"damage_taken":0},{"event_name":"Addict","player_choice":"Obtained Relic","floor":30,"damage_taken":0},{"event_name":"Bonfire Elementals","player_choice":"UNCOMMON","floor":37,"damage_taken":0},{"event_name":"Winding Halls","player_choice":"Embrace Madness","floor":42,"damage_taken":0}],"boss_relics":[{"not_picked":["The Specimen","Cursed Key"],"picked":"Velvet Choker"},{"not_picked":["Philosopher\u0027s Stone","Black Star"],"picked":"Astrolabe"}],"potions_floor_spawned":[2,4,6,14,16,18,22,23,25,29,33,35,40,48],"seed_played":"-7536550127619547355","is_trial":false}