{"gold_per_floor":[112,187,187,187,197,197,208,208,208,222,222,232,257,272,272,350,350,367,318,233,233,243,243,243,243],"floor_reached":25,"playtime":1121,"items_purged":[],"score":531,"play_id":"9de977cd-526b-4b5a-9f40-f01f8b1d7ed1","local_time":"20190125224619","is_ascension_mode":true,"campfire_choices":[{"data":"Twin Strike","floor":6.0,"key":"SMITH"},{"data":"Uppercut","floor":8.0,"key":"SMITH"},{"data":"Metallicize","floor":11.0,"key":"SMITH"},{"floor":15.0,"key":"RECALL"},{"data":"Shrug It Off","floor":23,"key":"SMITH"}],"neow_cost":"NONE","seed_source_timestamp":0,"circlet_count":0,"master_deck":["AscendersBane","Defend_R","Defend_R","Defend_R","Defend_R","Bash","Impervious","Twin Strike+1","Metallicize+1","Uppercut+1","Shrug It Off+1","Shrug It Off","True Grit","Feed","Cleave","Evolve","Bite","Bite","Bite","Bite","Bite","Clothesline+1"],"special_seed":0,"relics":["Black Blood","Thread and Needle","Paper Frog","Turnip","The Courier"],"potions_floor_usage":[22,22,25,25],"damage_taken":[{"damage":0.0,"enemies":"2 Louse","floor":1.0,"turns":4.0},{"damage":3.0,"enemies":"Jaw Worm","floor":5.0,"turns":4.0},{"damage":0.0,"enemies":"Cultist","floor":7.0,"turns":2.0},{"damage":38.0,"enemies":"Gremlin Gang","floor":10.0,"turns":7.0},{"damage":0.0,"enemies":"Exordium Wildlife","floor":12.0,"turns":4.0},{"damage":9.0,"enemies":"3 Sentries","floor":13.0,"turns":9.0},{"damage":0.0,"enemies":"Looter","floor":14.0,"turns":4.0},{"damage":0.0,"enemies":"The Guardian","floor":16.0,"turns":13.0},{"damage":2.0,"enemies":"Chosen","floor":18.0,"turns":5.0},{"damage":27,"enemies":"2 Thieves","floor":19,"turns":5},{"damage":24,"enemies":"Snecko","floor":22,"turns":8},{"damage":47,"enemies":"Slavers","floor":25,"turns":4}],"seed_played":"-2712616263545939952","potions_obtained":[{"floor":10.0,"key":"BloodPotion"},{"floor":13.0,"key":"AttackPotion"},{"floor":16.0,"key":"EntropicBrew"}],"is_trial":false,"path_per_floor":["M","?","T","?","M","R","M","R","T","M","R","M","E","M","R","B",null,"M","M","?","?","M","R","?","E"],"character_chosen":"IRONCLAD","items_purchased":[],"campfire_rested":0,"item_purchase_floors":[],"current_hp_per_floor":[74,63,63,68,71,71,77,77,77,45,45,51,48,54,54,60,75,80,63,63,56,53,53,38,0],"gold":243,"neow_bonus":"ONE_RANDOM_RARE_CARD","is_prod":false,"is_daily":false,"chose_seed":false,"campfire_upgraded":4,"win_rate":0,"timestamp":1548456379,"path_taken":["M","?","?","?","M","R","?","R","T","M","R","?","E","M","R","BOSS","M","?","?","?","M","R","?","E"],"build_version":"2019-01-23","purchased_purges":0,"victory":false,"max_hp_per_floor":[75,75,75,80,80,80,80,80,80,80,80,80,80,80,80,80,80,80,80,80,56,56,56,61,61],"card_choices":[{"not_picked":["Sword Boomerang","Havoc"],"picked":"Twin Strike","floor":1.0},{"not_picked":["Heavy Blade","Flex"],"picked":"Metallicize","floor":5.0},{"not_picked":["Perfected Strike","True Grit"],"picked":"Uppercut","floor":7.0},{"not_picked":["Fire Breathing","Perfected Strike","Corruption"],"picked":"SKIP","floor":10.0},{"not_picked":["Double Tap","Thunderclap"],"picked":"Shrug It Off","floor":12.0},{"not_picked":["Sentinel","Perfected Strike"],"picked":"Shrug It Off","floor":13.0},{"not_picked":["Wild Strike","Sword Boomerang"],"picked":"True Grit","floor":14.0},{"not_picked":["Double Tap","Bludgeon"],"picked":"Feed","floor":16.0},{"not_picked":["True Grit","Havoc"],"picked":"Cleave","floor":18},{"not_picked":["Cleave","Immolate"],"picked":"Evolve","floor":19},{"not_picked":["Whirlwind","Shrug It Off"],"picked":"Clothesline+1","floor":22}],"player_experience":1216228,"relics_obtained":[{"floor":3.0,"key":"Thread and Needle"},{"floor":9.0,"key":"Paper Frog"},{"floor":13.0,"key":"Turnip"}],"event_choices":[{"damage_healed":0.0,"max_hp_gain":0.0,"max_hp_loss":0.0,"gold_gain":75.0,"event_name":"World of Goop","player_choice":"Gather Gold","floor":2.0,"gold_loss":0.0,"damage_taken":11.0},{"damage_healed":0.0,"max_hp_gain":5.0,"max_hp_loss":0.0,"gold_gain":0.0,"event_name":"Big Fish","player_choice":"Donut","floor":4.0,"gold_loss":0.0,"damage_taken":0.0},{"damage_healed":0,"gold_gain":0,"player_choice":"Obtained Relic","damage_taken":0,"relics_obtained":["The Courier"],"max_hp_gain":0,"max_hp_loss":0,"event_name":"Addict","floor":20,"gold_loss":85},{"damage_healed":0,"gold_gain":0,"player_choice":"Became a vampire","damage_taken":0,"max_hp_gain":0,"max_hp_loss":24,"event_name":"Vampires","floor":21,"gold_loss":0,"cards_obtained":["Bite","Bite","Bite","Bite","Bite"]},{"damage_healed":0,"gold_gain":0,"player_choice":"Shed Blood","damage_taken":20,"max_hp_gain":5,"max_hp_loss":0,"event_name":"Forgotten Altar","floor":24,"gold_loss":0}],"is_beta":false,"boss_relics":[{"not_picked":["Philosopher\u0027s Stone","Tiny House"],"picked":"Black Blood"}],"items_purged_floors":[],"is_endless":false,"potions_floor_spawned":[10,13,16,19],"killed_by":"Slavers","ascension_level":20}