{"gold_per_floor":[114,114,46,46,66,97,97,122,199,199,218,218,143,157,157,257,257,275,275,275,291,130,130],"floor_reached":23,"playtime":687,"items_purged":["Strike_B"],"score":276,"play_id":"2cee9d6c-c4ba-4c80-9ead-a2f6966b5f29","local_time":"20190622140148","is_ascension_mode":true,"campfire_choices":[{"data":"Zap","floor":7,"key":"SMITH"},{"floor":12,"key":"REST"},{"floor":15,"key":"REST"}],"neow_cost":"NONE","seed_source_timestamp":912983567727065,"circlet_count":0,"master_deck":["Strike_B","Strike_B","Strike_B","Defend_B","Defend_B","Defend_B","Defend_B","Zap+1","Dualcast","Sunder","Defragment+1","Leap","Conserve Battery","Compile Driver","Chaos","Electrodynamics","Thunder Strike","Tempest","Ball Lightning","Reboot"],"relics":["Cracked Core","Pen Nib","Gremlin Horn","Blue Candle","Cursed Key"],"potions_floor_usage":[23],"damage_taken":[{"damage":8,"enemies":"2 Louse","floor":1,"turns":3},{"damage":1,"enemies":"Cultist","floor":5,"turns":4},{"damage":26,"enemies":"Lagavulin","floor":6,"turns":7},{"damage":31,"enemies":"Gremlin Nob","floor":8,"turns":4},{"damage":10,"enemies":"Small Slimes","floor":11,"turns":3},{"damage":5,"enemies":"Exordium Thugs","floor":14,"turns":4},{"damage":10,"enemies":"The Guardian","floor":16,"turns":8},{"damage":25,"enemies":"Chosen","floor":18,"turns":5},{"damage":0,"enemies":"Spheric Guardian","floor":21,"turns":2},{"damage":61,"enemies":"Book of Stabbing","floor":23,"turns":4}],"seed_played":"4474920387364094110","potions_obtained":[{"floor":1,"key":"FocusPotion"},{"floor":5,"key":"Dexterity Potion"},{"floor":6,"key":"Strength Potion"}],"is_trial":false,"path_per_floor":["M","?","$","$","M","E","R","E","T","?","M","R","$","M","R","B",null,"M","?","?","M","$","E"],"character_chosen":"DEFECT","items_purchased":["Defragment","Reboot"],"campfire_rested":2,"item_purchase_floors":[3,22],"current_hp_per_floor":[67,82,82,82,81,55,55,24,24,24,14,38,38,33,57,47,73,48,32,61,61,61,0],"gold":130,"neow_bonus":"TEN_PERCENT_HP_BONUS","is_prod":false,"is_daily":false,"chose_seed":false,"campfire_upgraded":1,"win_rate":0,"timestamp":1561226508,"path_taken":["M","?","?","$","M","E","R","E","T","?","?","R","$","?","R","BOSS","M","?","?","M","$","E"],"build_version":"2019-01-23","purchased_purges":1,"victory":false,"max_hp_per_floor":[82,82,82,82,82,82,82,82,82,82,82,82,82,82,82,82,82,82,87,87,87,87,87],"card_choices":[{"not_picked":["Static Discharge","Sweeping Beam"],"picked":"Sunder","floor":1},{"not_picked":["Streamline","Steam"],"picked":"Leap","floor":5},{"not_picked":["Leap","Force Field"],"picked":"Conserve Battery","floor":6},{"not_picked":["Force Field","Fusion"],"picked":"Compile Driver","floor":8},{"not_picked":["Compile Driver","Conserve Battery"],"picked":"Chaos","floor":11},{"not_picked":["Streamline","Hologram"],"picked":"Electrodynamics","floor":14},{"not_picked":["Multi-Cast","Hyperbeam"],"picked":"Thunder Strike","floor":16},{"not_picked":["Redo+1","Streamline"],"picked":"Tempest","floor":18},{"not_picked":["Chaos","Double Energy"],"picked":"Ball Lightning","floor":21}],"player_experience":428757,"relics_obtained":[{"floor":6,"key":"Pen Nib"},{"floor":8,"key":"Gremlin Horn"},{"floor":9,"key":"Blue Candle"}],"event_choices":[{"damage_healed":15,"gold_gain":0,"player_choice":"Full Heal","damage_taken":0,"max_hp_gain":0,"max_hp_loss":0,"event_name":"Wheel of Change","floor":2,"gold_loss":0},{"damage_healed":0,"gold_gain":0,"player_choice":"Upgraded","damage_taken":0,"max_hp_gain":0,"max_hp_loss":0,"event_name":"Upgrade Shrine","floor":10,"gold_loss":0,"cards_upgraded":["Defragment"]},{"damage_healed":0,"gold_gain":0,"player_choice":"Shed Blood","damage_taken":21,"max_hp_gain":5,"max_hp_loss":0,"event_name":"Forgotten Altar","floor":19,"gold_loss":0},{"damage_healed":29,"gold_gain":0,"player_choice":"Heal","damage_taken":0,"max_hp_gain":0,"max_hp_loss":0,"event_name":"The Library","floor":20,"gold_loss":0}],"is_beta":false,"boss_relics":[{"not_picked":["Snecko Eye","Busted Crown"],"picked":"Cursed Key"}],"items_purged_floors":[13],"is_endless":false,"potions_floor_spawned":[1,5,6,16,21],"killed_by":"Book of Stabbing","ascension_level":8}