{"gold_per_floor":[112,387,13,25,25,50,50,78,131,162,175,191,191,220,220,324,324,339,355,355,355,355,355,382,382,405,131,143,161,161],"floor_reached":30,"playtime":1075,"items_purged":["Regret"],"score":361,"play_id":"c478d11a-b295-4e8a-b93d-e8f11b0eb7dc","local_time":"20190309002731","is_ascension_mode":true,"campfire_choices":[{"data":"Rainbow","floor":15,"key":"SMITH"},{"data":"Loop","floor":23,"key":"SMITH"},{"floor":25,"key":"REST"}],"neow_cost":"NONE","seed_source_timestamp":687399115223703,"circlet_count":0,"master_deck":["Strike_B","Strike_B+1","Strike_B","Strike_B+1","Defend_B","Defend_B","Defend_B","Defend_B","Zap+1","Dualcast","Ball Lightning","Melter","Auto Shields+1","Cold Snap","Undo","Capacitor","Doom and Gloom","Leap+1","Rainbow+1","Buffer","Rainbow","Ball Lightning","Doom and Gloom","Loop+1","Consume+1","FTL","Core Surge"],"relics":["Cracked Core","NeowsBlessing","DataDisk","Gremlin Horn","Incense Burner","Darkstone Periapt","Whetstone","Bag of Preparation","Pen Nib","Inserter","Ancient Tea Set","War Paint","Bottled Flame"],"potions_floor_usage":[14,18,29,30],"damage_taken":[{"damage":6,"enemies":"2 Louse","floor":1,"turns":2},{"damage":0,"enemies":"Cultist","floor":4,"turns":1},{"damage":0,"enemies":"Gremlin Nob","floor":6,"turns":1},{"damage":7,"enemies":"3 Sentries","floor":8,"turns":7},{"damage":22,"enemies":"Gremlin Nob","floor":10,"turns":4},{"damage":0,"enemies":"Jaw Worm","floor":11,"turns":2},{"damage":0,"enemies":"Large Slime","floor":12,"turns":4},{"damage":1,"enemies":"3 Sentries","floor":14,"turns":3},{"damage":20,"enemies":"Hexaghost","floor":16,"turns":10},{"damage":0,"enemies":"Spheric Guardian","floor":18,"turns":3},{"damage":4,"enemies":"Shell Parasite","floor":19,"turns":4},{"damage":44,"enemies":"Slavers","floor":24,"turns":7},{"damage":12,"enemies":"Sentry and Sphere","floor":28,"turns":4},{"damage":19,"enemies":"Shelled Parasite and Fungi","floor":29,"turns":5},{"damage":9,"enemies":"Gremlin Leader","floor":30,"turns":2}],"seed_played":"-4835524627275716956","potions_obtained":[{"floor":4,"key":"EssenceOfSteel"},{"floor":10,"key":"GamblersBrew"},{"floor":12,"key":"Explosive Potion"},{"floor":14,"key":"Explosive Potion"},{"floor":16,"key":"FocusPotion"},{"floor":28,"key":"Weak Potion"},{"floor":29,"key":"Poison Potion"}],"is_trial":false,"path_per_floor":["M","?","$","M","$","E","T","E","T","E","M","M","?","E","R","B",null,"M","M","?","?","?","R","E","R","T","$","M","M","E"],"character_chosen":"DEFECT","items_purchased":["DataDisk","Melter","Auto Shields","Bottled Flame","FTL"],"campfire_rested":1,"item_purchase_floors":[3,3,3,27,27],"current_hp_per_floor":[69,69,69,69,69,69,69,62,62,40,40,40,40,39,39,19,75,75,71,71,71,57,57,13,37,37,37,25,6,0],"gold":161,"neow_bonus":"THREE_ENEMY_KILL","is_prod":false,"is_daily":false,"chose_seed":false,"campfire_upgraded":2,"win_rate":0,"timestamp":1552109251,"path_taken":["M","?","$","?","$","E","?","E","T","E","M","M","?","E","R","BOSS","M","?","?","?","?","R","E","R","T","$","M","M","E"],"build_version":"2019-01-23","purchased_purges":1,"victory":false,"max_hp_per_floor":[75,75,75,75,75,75,75,75,75,75,75,75,75,75,75,75,75,75,75,75,75,80,80,80,80,80,80,80,80,80],"card_choices":[{"not_picked":["Rip and Tear","Beam Cell"],"picked":"Ball Lightning","floor":1},{"not_picked":["Auto Shields","Leap"],"picked":"Cold Snap","floor":4},{"not_picked":["Go for the Eyes","Skim"],"picked":"Undo","floor":6},{"not_picked":["Storm","Barrage"],"picked":"Capacitor","floor":8},{"not_picked":["Ball Lightning","Stack"],"picked":"Doom and Gloom","floor":10},{"not_picked":["Sweeping Beam","Steam Power"],"picked":"Leap","floor":11},{"not_picked":["Stack","Steam"],"picked":"Rainbow","floor":12},{"not_picked":["White Noise","Turbo"],"picked":"Buffer","floor":14},{"not_picked":["Reboot","Creative AI"],"picked":"Rainbow","floor":16},{"not_picked":["Steam+1","Go for the Eyes+1"],"picked":"Ball Lightning","floor":18},{"not_picked":["Beam Cell","Turbo"],"picked":"Doom and Gloom","floor":19},{"not_picked":["Beam Cell","Redo+1"],"picked":"Consume+1","floor":24},{"not_picked":["Gash","Doom and Gloom"],"picked":"Core Surge","floor":28},{"not_picked":["Gash","Skim","Beam Cell"],"picked":"SKIP","floor":29}],"player_experience":284184,"relics_obtained":[{"floor":6,"key":"Gremlin Horn"},{"floor":7,"key":"Incense Burner"},{"floor":8,"key":"Darkstone Periapt"},{"floor":9,"key":"Whetstone"},{"floor":10,"key":"Bag of Preparation"},{"floor":14,"key":"Pen Nib"},{"floor":24,"key":"Ancient Tea Set"},{"floor":26,"key":"War Paint"}],"event_choices":[{"damage_healed":0,"gold_gain":275,"player_choice":"Desecrate","damage_taken":0,"max_hp_gain":0,"max_hp_loss":0,"event_name":"Golden Shrine","floor":2,"gold_loss":0,"cards_obtained":["Regret"]},{"damage_healed":0,"gold_gain":0,"player_choice":"Upgraded","damage_taken":0,"max_hp_gain":0,"max_hp_loss":0,"event_name":"Upgrade Shrine","floor":13,"gold_loss":0,"cards_upgraded":["Zap"]},{"damage_healed":0,"gold_gain":0,"player_choice":"Ignored","damage_taken":0,"max_hp_gain":0,"max_hp_loss":0,"event_name":"Vampires","floor":20,"gold_loss":0},{"damage_healed":0,"gold_gain":0,"player_choice":"Read","damage_taken":0,"max_hp_gain":0,"max_hp_loss":0,"event_name":"The Library","floor":21,"gold_loss":0,"cards_obtained":["Loop"]},{"damage_healed":0,"gold_gain":0,"player_choice":"Shed Blood","damage_taken":19,"max_hp_gain":5,"max_hp_loss":0,"event_name":"Forgotten Altar","floor":22,"gold_loss":0}],"is_beta":false,"boss_relics":[{"not_picked":["FrozenCore","Ectoplasm"],"picked":"Inserter"}],"items_purged_floors":[3],"is_endless":false,"potions_floor_spawned":[4,10,12,14,16,28,29],"killed_by":"Gremlin Leader","ascension_level":4}