{"gold_per_floor":[118,130,110,122,122,136,136,156,183,84,84,84,111,122,122,196,196,215,229,229],"floor_reached":20,"playtime":943,"items_purged":[],"score":352,"play_id":"b1f4d3cc-4430-46ae-b513-6c576975186b","local_time":"20190128214603","is_ascension_mode":true,"campfire_choices":[{"floor":7,"key":"REST"},{"data":"Discovery","floor":12,"key":"SMITH"},{"floor":15,"key":"REST"}],"neow_cost":"NONE","seed_source_timestamp":407757339478800,"circlet_count":0,"master_deck":["AscendersBane","Strike_B","Strike_B","Strike_B","Strike_B","Defend_B","Defend_B","Defend_B+1","Defend_B+1","Zap","Dualcast","Sweeping Beam","Buffer","Undo","Leap","Conserve Battery","Discovery+1","Cold Snap","Loop","Echo Form","Coolheaded","Leap+1"],"relics":["Cracked Core","War Paint","FaceOfCleric","Art of War","Juzu Bracelet","Velvet Choker"],"potions_floor_usage":[6,13,16],"damage_taken":[{"damage":1,"enemies":"Cultist","floor":1,"turns":3},{"damage":10,"enemies":"Small Slimes","floor":2,"turns":3},{"damage":0,"enemies":"2 Louse","floor":4,"turns":2},{"damage":35,"enemies":"Exordium Thugs","floor":6,"turns":9},{"damage":5,"enemies":"Looter","floor":8,"turns":3},{"damage":65,"enemies":"Gremlin Nob","floor":13,"turns":5},{"damage":0,"enemies":"Red Slaver","floor":14,"turns":4},{"damage":24,"enemies":"Hexaghost","floor":16,"turns":12},{"damage":23,"enemies":"Spheric Guardian","floor":18,"turns":7},{"damage":28,"enemies":"3 Byrds","floor":19,"turns":6},{"damage":14,"enemies":"Shelled Parasite and Fungi","floor":20,"turns":2}],"seed_played":"-6748268675552321642","potions_obtained":[{"floor":3,"key":"EntropicBrew"},{"floor":11,"key":"EssenceOfSteel"},{"floor":14,"key":"AttackPotion"}],"is_trial":false,"path_per_floor":["M","M","?","M","?","M","R","M","T","$","?","R","E","M","R","B",null,"M","M","M"],"character_chosen":"DEFECT","items_purchased":["Discovery"],"campfire_rested":2,"item_purchase_floors":[10],"current_hp_per_floor":[63,53,53,53,53,19,40,36,36,36,36,36,8,9,31,8,59,37,10,0],"gold":229,"neow_bonus":"RANDOM_COMMON_RELIC","is_prod":false,"is_daily":false,"chose_seed":false,"campfire_upgraded":1,"win_rate":0,"timestamp":1548711963,"path_taken":["M","?","?","?","?","M","R","M","T","?","?","R","E","M","R","BOSS","M","M","M"],"build_version":"2019-01-23","purchased_purges":0,"victory":false,"max_hp_per_floor":[71,71,71,71,71,72,72,73,73,73,73,73,74,75,75,76,76,77,78,78],"card_choices":[{"not_picked":["Stack","Rebound"],"picked":"Sweeping Beam","floor":1},{"not_picked":["Compile Driver","Sweeping Beam"],"picked":"Buffer","floor":2},{"not_picked":["Reprogram","Blizzard"],"picked":"Undo","floor":4},{"not_picked":["Gash","Barrage"],"picked":"Leap","floor":6},{"not_picked":["Steam","Leap"],"picked":"Conserve Battery","floor":8},{"not_picked":["Conserve Battery","Redo"],"picked":"Cold Snap","floor":13},{"not_picked":["Go for the Eyes","Hello World"],"picked":"Loop","floor":14},{"not_picked":["Fission","Machine Learning"],"picked":"Echo Form","floor":16},{"not_picked":["Compile Driver","Doom and Gloom"],"picked":"Coolheaded","floor":18},{"not_picked":["Compile Driver","Hologram"],"picked":"Leap+1","floor":19}],"player_experience":1254818,"relics_obtained":[{"floor":9,"key":"Art of War"},{"floor":13,"key":"Juzu Bracelet"}],"event_choices":[{"damage_healed":0,"gold_gain":0,"player_choice":"Bought 1 Potion","damage_taken":0,"max_hp_gain":0,"max_hp_loss":0,"event_name":"The Woman in Blue","floor":3,"gold_loss":0},{"damage_healed":0,"gold_gain":0,"player_choice":"Trade","damage_taken":0,"relics_obtained":["FaceOfCleric"],"max_hp_gain":0,"max_hp_loss":0,"event_name":"FaceTrader","floor":5,"gold_loss":0},{"damage_healed":0,"gold_gain":0,"player_choice":"Got Potions","damage_taken":0,"max_hp_gain":0,"max_hp_loss":0,"event_name":"Lab","floor":11,"gold_loss":0}],"is_beta":false,"boss_relics":[{"not_picked":["Empty Cage","Sozu"],"picked":"Velvet Choker"}],"items_purged_floors":[],"is_endless":false,"potions_floor_spawned":[6,14],"killed_by":"Shelled Parasite and Fungi","ascension_level":20}