{"gold_per_floor":[111,122,133,145,164,193,193,211,211,222,222,222,222],"floor_reached":13,"playtime":714,"items_purged":[],"score":98,"play_id":"4a373e6c-09e3-4671-a1af-d005b781b566","local_time":"20190705200552","is_ascension_mode":true,"campfire_choices":[{"data":"Bullet Time","floor":7,"key":"SMITH"},{"floor":12,"key":"REST"}],"neow_cost":"CURSE","seed_source_timestamp":97394133462130,"circlet_count":0,"master_deck":["Strike_G","Strike_G","Strike_G","Strike_G","Strike_G","Defend_G","Defend_G","Defend_G","Defend_G","Defend_G","Survivor","Neutralize","Injury","Bullet Time+1","All Out Attack","Riddle With Holes","Deadly Poison","Infinite Blades","Blur","Storm of Steel","Cloak And Dagger","Terror"],"relics":["Ring of the Snake","Unceasing Top","Darkstone Periapt","Molten Egg 2"],"potions_floor_usage":[6,13],"damage_taken":[{"damage":11,"enemies":"Cultist","floor":1,"turns":6},{"damage":0,"enemies":"2 Louse","floor":2,"turns":3},{"damage":9,"enemies":"Jaw Worm","floor":3,"turns":5},{"damage":6,"enemies":"3 Louse","floor":4,"turns":2},{"damage":2,"enemies":"2 Fungi Beasts","floor":5,"turns":3},{"damage":18,"enemies":"3 Sentries","floor":6,"turns":8},{"damage":1,"enemies":"Large Slime","floor":8,"turns":4},{"damage":6,"enemies":"Looter","floor":10,"turns":4},{"damage":39,"enemies":"Gremlin Nob","floor":13,"turns":4}],"seed_played":"3895515527233417232","potions_obtained":[{"floor":4,"key":"AttackPotion"},{"floor":5,"key":"LiquidBronze"},{"floor":6,"key":"AttackPotion"}],"is_trial":false,"path_per_floor":["M","M","M","M","M","E","R","M","T","M","?","R","E"],"character_chosen":"THE_SILENT","items_purchased":[],"campfire_rested":1,"item_purchase_floors":[],"current_hp_per_floor":[59,59,50,44,42,24,24,23,23,17,17,38,0],"gold":222,"neow_bonus":"THREE_RARE_CARDS","is_prod":false,"is_daily":false,"chose_seed":false,"campfire_upgraded":1,"win_rate":0,"timestamp":1562382352,"path_taken":["M","M","M","M","M","E","R","M","T","?","?","R","E"],"build_version":"2019-07-05","purchased_purges":0,"victory":false,"max_hp_per_floor":[70,70,70,70,70,70,70,70,70,70,70,70,70],"card_choices":[{"not_picked":["Grand Finale","Doppelganger"],"picked":"Bullet Time","floor":0},{"not_picked":["Prepared","Cloak And Dagger"],"picked":"All Out Attack","floor":1},{"not_picked":["Dagger Spray","Dodge and Roll"],"picked":"Riddle With Holes","floor":2},{"not_picked":["Choke","Underhanded Strike"],"picked":"Deadly Poison","floor":3},{"not_picked":["Deadly Poison","Flying Knee"],"picked":"Infinite Blades","floor":4},{"not_picked":["Acrobatics","Flechettes"],"picked":"Blur","floor":5},{"not_picked":["Flying Knee","Bouncing Flask"],"picked":"Storm of Steel","floor":6},{"not_picked":["Slice","Underhanded Strike"],"picked":"Cloak And Dagger","floor":8},{"not_picked":["Underhanded Strike","Dagger Spray"],"picked":"Terror","floor":10}],"player_experience":552481,"relics_obtained":[{"floor":6,"key":"Unceasing Top"},{"floor":9,"key":"Darkstone Periapt"}],"event_choices":[{"damage_healed":0,"gold_gain":0,"player_choice":"Searched \u00271\u0027 times","damage_taken":0,"relics_obtained":["Molten Egg 2"],"max_hp_gain":0,"max_hp_loss":0,"event_name":"Dead Adventurer","floor":11,"gold_loss":0}],"is_beta":false,"boss_relics":[],"items_purged_floors":[],"is_endless":false,"potions_floor_spawned":[4,5,6],"killed_by":"Gremlin Nob","ascension_level":2}