{"gold_per_floor":[119,119,138,162,162,162,200,200,227,270,288,288,326,347,347,437,437,458,476,526,526,526,526,551,551,597,616,641,32,32,63,63,154,217,242,256,256,256,381,381,422,422,422,422,422,422,56,76,76,76],"floor_reached":51,"playtime":2623,"items_purged":["Strike_R+1"],"score":1413,"play_id":"11e0011f-8c6f-475a-a4cc-aa45675d5ef1","local_time":"20190117190332","is_ascension_mode":true,"campfire_choices":[{"data":"Whirlwind","floor":6,"key":"SMITH"},{"floor":8,"key":"REST"},{"data":"Thunderclap","floor":15,"key":"SMITH"},{"data":"Shockwave","floor":23,"key":"SMITH"},{"floor":32,"key":"REST"},{"data":"Bash","floor":40,"key":"SMITH"},{"data":"Disarm","floor":42,"key":"SMITH"},{"data":"True Grit","floor":44,"key":"SMITH"},{"data":"Discovery","floor":46,"key":"SMITH"},{"floor":49,"key":"REST"}],"neow_cost":"NONE","seed_source_timestamp":114802986359233,"circlet_count":0,"master_deck":["AscendersBane","Strike_R+1","Strike_R+1","Strike_R+1","Strike_R+1","Defend_R+1","Defend_R+1","Defend_R+1","Defend_R+1","Bash+1","Whirlwind+1","Thunderclap+1","True Grit+1","Clothesline+1","Shockwave+1","Reaper","Reaper","Battle Trance+1","Discovery+1","Uppercut+1","Fiend Fire+1","Disarm+1","Clothesline+1","Iron Wave+1","Impervious","Metamorphosis","Carnage+1"],"relics":["Burning Blood","Golden Idol","Regal Pillow","PreservedInsect","Meat on the Bone","Charon\u0027s Ashes","Omamori","Snecko Eye","Smiling Mask","Oddly Smooth Stone","Bag of Marbles","Molten Egg 2","Gremlin Horn","Tiny House","Pocketwatch","Dodecahedron","Singing Bowl"],"potions_floor_usage":[7,13,14,48,50],"damage_taken":[{"damage":3,"enemies":"2 Louse","floor":1,"turns":4},{"damage":12,"enemies":"Small Slimes","floor":3,"turns":5},{"damage":9,"enemies":"Jaw Worm","floor":4,"turns":4},{"damage":60,"enemies":"Lagavulin","floor":7,"turns":7},{"damage":8,"enemies":"Gremlin Nob","floor":10,"turns":3},{"damage":11,"enemies":"Blue Slaver","floor":11,"turns":3},{"damage":0,"enemies":"3 Sentries","floor":13,"turns":3},{"damage":2,"enemies":"3 Louse","floor":14,"turns":2},{"damage":42,"enemies":"Slime Boss","floor":16,"turns":10},{"damage":25,"enemies":"Shell Parasite","floor":18,"turns":4},{"damage":35,"enemies":"2 Thieves","floor":19,"turns":4},{"damage":41,"enemies":"Shelled Parasite and Fungi","floor":24,"turns":4},{"damage":3,"enemies":"Cultist and Chosen","floor":27,"turns":5},{"damage":27,"enemies":"Snake Plant","floor":28,"turns":4},{"damage":47,"enemies":"Gremlin Leader","floor":31,"turns":5},{"damage":76,"enemies":"Automaton","floor":33,"turns":9},{"damage":5,"enemies":"3 Shapes","floor":35,"turns":3},{"damage":0,"enemies":"Orb Walker","floor":36,"turns":1},{"damage":13,"enemies":"Mind Bloom Boss Battle","floor":39,"turns":4},{"damage":44,"enemies":"Nemesis","floor":41,"turns":6},{"damage":11,"enemies":"Jaw Worm Horde","floor":48,"turns":3},{"damage":80,"enemies":"Awakened One","floor":50,"turns":23}],"seed_played":"7683911749959439977","potions_obtained":[{"floor":1,"key":"SteroidPotion"},{"floor":4,"key":"Fire Potion"},{"floor":13,"key":"Block Potion"},{"floor":16,"key":"FearPotion"},{"floor":19,"key":"Ancient Potion"},{"floor":34,"key":"Regen Potion"}],"is_trial":false,"path_per_floor":["M","?","M","M","$","R","E","R","T","E","M","?","E","M","R","B",null,"M","M","?","?","?","R","M","?","T","M","M","$","$","E","R","B",null,"M","M","?","$","?","R","E","R","T","R","?","R","$","M","R","B",null],"character_chosen":"IRONCLAD","items_purchased":["Discovery","Bag of Marbles","Molten Egg 2","Uppercut+1","Impervious","Metamorphosis","Swift Potion"],"campfire_rested":3,"item_purchase_floors":[29,29,29,29,47,47,47],"current_hp_per_floor":[78,74,68,65,65,65,11,48,48,46,53,42,48,52,52,28,63,50,45,45,45,45,45,30,30,30,55,46,46,46,42,74,28,68,69,75,75,75,74,74,49,49,49,49,49,49,49,68,75,34],"gold":76,"neow_bonus":"TEN_PERCENT_HP_BONUS","is_prod":false,"is_daily":false,"chose_seed":false,"campfire_upgraded":7,"win_rate":0,"timestamp":1547751812,"path_taken":["M","?","M","M","$","R","E","R","T","E","M","?","E","?","R","BOSS","M","M","?","?","?","R","M","?","T","?","M","?","$","E","R","BOSS","M","?","?","$","?","R","E","R","T","R","?","R","$","M","R","BOSS"],"build_version":"2019-01-10","purchased_purges":1,"victory":true,"max_hp_per_floor":[82,74,74,74,74,74,74,74,74,74,74,74,74,74,74,74,74,74,74,74,74,74,74,74,74,74,74,74,74,74,74,74,74,79,79,79,75,75,75,75,75,75,75,75,75,75,75,75,75,75],"card_choices":[{"not_picked":["Flame Barrier","Perfected Strike"],"picked":"Whirlwind","floor":1},{"not_picked":["Rampage","Body Slam"],"picked":"Thunderclap","floor":3},{"not_picked":["Armaments","Body Slam"],"picked":"True Grit","floor":4},{"not_picked":["Fiend Fire","Sentinel","Heavy Blade"],"picked":"SKIP","floor":7},{"not_picked":["Warcry","Searing Blow","Havoc"],"picked":"SKIP","floor":10},{"not_picked":["Body Slam","Blood for Blood"],"picked":"Clothesline","floor":11},{"not_picked":["Thunderclap","Dropkick"],"picked":"Shockwave","floor":13},{"not_picked":["Rampage","Sever Soul","Seeing Red"],"picked":"SKIP","floor":14},{"not_picked":["Impervious","Limit Break"],"picked":"Reaper","floor":16},{"not_picked":["Flex+1","Clash","Body Slam"],"picked":"SKIP","floor":18},{"not_picked":["Cleave","Warcry","Sentinel+1"],"picked":"SKIP","floor":19},{"not_picked":["Body Slam","Iron Wave","Feel No Pain"],"picked":"SKIP","floor":24},{"not_picked":["Rage","Infernal Blade"],"picked":"Battle Trance+1","floor":27},{"not_picked":["Headbutt+1","Shockwave","Clash"],"picked":"SKIP","floor":28},{"not_picked":["Battle Trance","Shockwave","Warcry"],"picked":"SKIP","floor":31},{"not_picked":["Feed+1","Berserk"],"picked":"Fiend Fire+1","floor":33},{"not_picked":["Warcry","Corruption"],"picked":"Disarm","floor":34},{"not_picked":["Headbutt+1","Anger+1"],"picked":"Clothesline+1","floor":35},{"not_picked":["Clothesline+1","Reckless Charge+1"],"picked":"Iron Wave+1","floor":36},{"not_picked":["Thunderclap+1","Flex","Rage"],"picked":"SKIP","floor":41},{"not_picked":["Seeing Red","Clash+1"],"picked":"Carnage+1","floor":48}],"player_experience":1161368,"relics_obtained":[{"floor":7,"key":"Regal Pillow"},{"floor":9,"key":"PreservedInsect"},{"floor":10,"key":"Meat on the Bone"},{"floor":13,"key":"Omamori"},{"floor":26,"key":"Oddly Smooth Stone"},{"floor":31,"key":"Gremlin Horn"},{"floor":39,"key":"Pocketwatch"},{"floor":41,"key":"Dodecahedron"},{"floor":43,"key":"Singing Bowl"}],"event_choices":[{"damage_healed":0,"gold_gain":0,"player_choice":"Lose Max HP","damage_taken":0,"relics_obtained":["Golden Idol"],"max_hp_gain":0,"max_hp_loss":8,"event_name":"Golden Idol","floor":2,"gold_loss":0},{"damage_healed":0,"gold_gain":0,"player_choice":"Success","damage_taken":11,"relics_obtained":["Charon\u0027s Ashes"],"max_hp_gain":0,"max_hp_loss":0,"event_name":"Scrap Ooze","floor":12,"gold_loss":0},{"damage_healed":0,"gold_gain":50,"player_choice":"Stole From Cult","damage_taken":0,"max_hp_gain":0,"max_hp_loss":0,"event_name":"Nest","floor":20,"gold_loss":0},{"damage_healed":0,"gold_gain":0,"player_choice":"Simplicity","damage_taken":0,"max_hp_gain":0,"max_hp_loss":0,"event_name":"Back to Basics","floor":21,"gold_loss":0,"cards_upgraded":["Strike_R","Strike_R","Strike_R","Strike_R","Strike_R","Defend_R","Defend_R","Defend_R","Defend_R"]},{"damage_healed":0,"gold_gain":0,"player_choice":"Opened","damage_taken":0,"relics_obtained":["Smiling Mask"],"max_hp_gain":0,"max_hp_loss":0,"event_name":"The Mausoleum","floor":22,"gold_loss":0,"cards_obtained":["Writhe"]},{"damage_healed":0,"gold_gain":0,"player_choice":"Copied","damage_taken":0,"max_hp_gain":0,"max_hp_loss":0,"event_name":"Duplicator","floor":25,"gold_loss":0,"cards_obtained":["Reaper"]},{"damage_healed":0,"gold_gain":0,"player_choice":"Max HP","damage_taken":0,"max_hp_gain":0,"max_hp_loss":4,"event_name":"Winding Halls","floor":37,"gold_loss":0},{"damage_healed":0,"gold_gain":0,"player_choice":"Fight","damage_taken":0,"max_hp_gain":0,"max_hp_loss":0,"event_name":"MindBloom","floor":39,"gold_loss":0},{"damage_healed":0,"gold_gain":0,"player_choice":"Cursed","damage_taken":0,"max_hp_gain":0,"max_hp_loss":0,"event_name":"Wheel of Change","floor":45,"gold_loss":0,"cards_obtained":["Decay"]}],"is_beta":false,"boss_relics":[{"not_picked":["Calling Bell","Black Blood"],"picked":"Snecko Eye"},{"not_picked":["Eternal Feather","Runic Dome"],"picked":"Tiny House"}],"items_purged_floors":[47],"is_endless":false,"potions_floor_spawned":[1,4,13,16,19,27,28,33,35,41],"ascension_level":19}