{"gold_per_floor":[368,384,384,234,206,206,237,237,237,237,237,251,272,306,306,426,426,397,413,413,413,413],"floor_reached":22,"playtime":889,"items_purged":["Strike_B"],"score":269,"play_id":"aed21779-e0b7-4cf3-a2cf-a20a7be69c38","local_time":"20190622141650","is_ascension_mode":true,"campfire_choices":[{"floor":6,"key":"REST"},{"floor":8,"key":"REST"},{"data":"Loop","floor":10,"key":"SMITH"},{"floor":15,"key":"REST"}],"neow_cost":"PERCENT_DAMAGE","seed_source_timestamp":913683963646391,"circlet_count":0,"master_deck":["Strike_B","Strike_B","Defend_B","Defend_B","Defend_B","Defend_B","Zap","Dualcast","Loop+1","Coolheaded","FTL","Echo Form","Leap","Hologram","Self Repair","Rainbow","Machine Learning","Redo+1","Writhe"],"relics":["Cracked Core","Golden Idol","Dream Catcher","Blood Vial","Anchor","Inserter","Nilry\u0027s Codex","Bronze Scales"],"potions_floor_usage":[],"damage_taken":[{"damage":4,"enemies":"2 Louse","floor":1,"turns":3},{"damage":6,"enemies":"Cultist","floor":2,"turns":4},{"damage":19,"enemies":"Lagavulin","floor":7,"turns":7},{"damage":2,"enemies":"Jaw Worm","floor":12,"turns":3},{"damage":4,"enemies":"Blue Slaver","floor":13,"turns":4},{"damage":38,"enemies":"Gremlin Nob","floor":14,"turns":5},{"damage":27,"enemies":"Slime Boss","floor":16,"turns":9},{"damage":44,"enemies":"2 Thieves","floor":18,"turns":5},{"damage":19,"enemies":"Shell Parasite","floor":19,"turns":10},{"damage":10,"enemies":"Colosseum Slavers","floor":22,"turns":3}],"seed_played":"1220691079113920302","potions_obtained":[{"floor":1,"key":"PowerPotion"},{"floor":2,"key":"PowerPotion"},{"floor":16,"key":"Strength Potion"}],"is_trial":false,"path_per_floor":["M","M","?","$","?","R","E","R","T","R","?","M","M","E","R","B",null,"M","M","?","?","?"],"character_chosen":"DEFECT","items_purchased":["FTL"],"campfire_rested":3,"item_purchase_floors":[4],"current_hp_per_floor":[46,40,22,22,22,44,25,47,47,47,47,47,45,23,45,27,63,35,25,9,9,1],"gold":413,"neow_bonus":"TWO_FIFTY_GOLD","is_prod":false,"is_daily":false,"chose_seed":false,"campfire_upgraded":1,"win_rate":0,"timestamp":1561227410,"path_taken":["M","M","?","$","?","R","E","R","T","R","?","?","M","E","R","BOSS","M","M","?","?","?"],"build_version":"2019-01-23","purchased_purges":1,"victory":false,"max_hp_per_floor":[75,75,75,75,75,75,75,75,75,75,75,75,75,75,75,75,75,75,75,75,75,75],"card_choices":[{"not_picked":["Rebound","Hologram"],"picked":"Loop","floor":1},{"not_picked":["Stack","Turbo"],"picked":"Coolheaded","floor":2},{"not_picked":["Streamline","Hologram"],"picked":"Echo Form","floor":7},{"not_picked":["Gash","Storm"],"picked":"Leap","floor":8},{"not_picked":["Scrape","Rip and Tear"],"picked":"Hologram","floor":12},{"not_picked":["Gash","Coolheaded"],"picked":"Self Repair","floor":13},{"not_picked":["Reinforced Body","Hologram"],"picked":"Rainbow","floor":14},{"not_picked":["All For One","Multi-Cast"],"picked":"Machine Learning","floor":16},{"not_picked":["Tempest","Leap","Turbo"],"picked":"SKIP","floor":18},{"not_picked":["Conserve Battery","Turbo+1"],"picked":"Redo+1","floor":19}],"player_experience":429444,"relics_obtained":[{"floor":7,"key":"Dream Catcher"},{"floor":9,"key":"Blood Vial"},{"floor":14,"key":"Anchor"},{"floor":20,"key":"Nilry\u0027s Codex"}],"event_choices":[{"damage_healed":0,"gold_gain":0,"player_choice":"Take Damage","damage_taken":18,"relics_obtained":["Golden Idol"],"max_hp_gain":0,"max_hp_loss":0,"event_name":"Golden Idol","floor":3,"gold_loss":0},{"damage_healed":0,"gold_gain":0,"player_choice":"Left Gold","damage_taken":0,"max_hp_gain":0,"max_hp_loss":0,"event_name":"World of Goop","floor":5,"gold_loss":28},{"cards_removed":["Strike_B"],"damage_healed":0,"gold_gain":0,"player_choice":"Offered Basic","damage_taken":0,"max_hp_gain":0,"max_hp_loss":0,"event_name":"Bonfire Elementals","floor":11,"gold_loss":0},{"damage_healed":0,"gold_gain":0,"player_choice":"Obtained Book","damage_taken":16,"max_hp_gain":0,"max_hp_loss":0,"event_name":"Cursed Tome","floor":20,"gold_loss":0},{"damage_healed":0,"gold_gain":0,"player_choice":"Opened","damage_taken":0,"relics_obtained":["Bronze Scales"],"max_hp_gain":0,"max_hp_loss":0,"event_name":"The Mausoleum","floor":21,"gold_loss":0,"cards_obtained":["Writhe"]},{"damage_healed":0,"gold_gain":0,"player_choice":"Fight","damage_taken":0,"max_hp_gain":0,"max_hp_loss":0,"event_name":"Colosseum","floor":22,"gold_loss":0}],"is_beta":false,"boss_relics":[{"not_picked":["Snecko Eye","Busted Crown"],"picked":"Inserter"}],"items_purged_floors":[4],"is_endless":false,"potions_floor_spawned":[1,2,16,18],"killed_by":"Colosseum Slavers","ascension_level":8}