{"path_per_floor":["M","$","?","?","T","R","E","R","T","M","E","M","E","?","R","B",null,"M","?","M","M","?","R","E","R","T","R","?","M","R","M","R"],"character_chosen":"THE_SILENT","items_purchased":["Infinite Blades"],"gold_per_floor":[116,47,47,47,125,125,152,152,152,169,197,207,242,242,242,338,338,355,355,370,382,382,382,416,416,468,468,468,485,485,505,505],"floor_reached":33,"campfire_rested":1,"playtime":2481,"current_hp_per_floor":[69,69,69,69,69,69,43,43,43,43,37,39,21,21,43,8,74,65,65,67,65,70,70,70,70,70,70,70,61,61,53,53],"items_purged":[],"gold":505,"play_id":"8247817e-cc52-48b0-a756-fbddf4b06e92","is_prod":false,"is_daily":false,"is_ascension_mode":false,"campfire_upgraded":7,"path_taken":["M","$","?","?","?","R","E","R","T","M","E","?","E","?","R","BOSS","M","?","M","M","?","R","E","R","T","R","?","M","R","M","R","BOSS"],"build_version":"2018-01-25-PROD3","purchased_purges":0,"victory":false,"master_deck":["Defend_G+1","Defend_G+1","Defend_G+1","Defend_G+1","Defend_G+1","Strike_G+1","Strike_G+1","Strike_G+1","Strike_G+1","Survivor+1","Neutralize+1","Blade Dance+1","Infinite Blades+1","Poisoned Stab","Cloak And Dagger+1","Accuracy+1","Escape Plan","Neutralize+1","Adrenaline+1","Blur+1","Backflip+1","Quick Slash+1","Pain","Prepared+1","Prepared+1"],"max_hp_per_floor":[70,70,70,70,70,70,70,70,70,70,70,72,74,74,74,74,74,74,74,76,76,76,76,76,76,76,76,76,76,76,76,76],"relics":["Ring of the Snake","The Courier","Singing Bowl","Toxic Egg","Calipers","Letter Opener","Cursed Key","Blue Candle","Molten Egg","Ninja Scroll"],"card_choices":[{"not_picked":["Bane","Deadly Poison"],"picked":"Blade Dance"},{"not_picked":["Quick Slash","Heel Hook"],"picked":"Cloak And Dagger"},{"not_picked":["Deflect","Leg Sweep"],"picked":"Accuracy"},{"not_picked":["Flying Knee","Cloak And Dagger"],"picked":"Escape Plan"},{"not_picked":["Envenom","Unload"],"picked":"Adrenaline"},{"not_picked":["Sucker Punch","Distraction"],"picked":"Blur"},{"not_picked":["Deflect","PiercingWail"],"picked":"Backflip"},{"not_picked":["Finisher","Sucker Punch"],"picked":"Quick Slash"},{"not_picked":["Dagger Spray","Grand Finale"],"picked":"Prepared"},{"not_picked":["Flying Knee","Dodge and Roll"],"picked":"Prepared"}],"player_experience":296880,"potions_floor_usage":[11],"damage_taken":[{"damage":1,"enemies":"2 Louse","floor":1,"turns":3},{"damage":26,"enemies":"3 Sentries","floor":7,"turns":8},{"damage":0,"enemies":"Jaw Worm","floor":10,"turns":3},{"damage":6,"enemies":"Gremlin Nob","floor":11,"turns":3},{"damage":0,"enemies":"Cultist","floor":12,"turns":3},{"damage":20,"enemies":"Lagavulin","floor":13,"turns":5},{"damage":35,"enemies":"The Guardian","floor":16,"turns":10},{"damage":9,"enemies":"2 Thieves","floor":18,"turns":4},{"damage":0,"enemies":"3 Byrds","floor":20,"turns":3},{"damage":2,"enemies":"Snecko","floor":21,"turns":5},{"damage":0,"enemies":"Gremlin Leader","floor":24,"turns":8},{"damage":9,"enemies":"Snake Plant","floor":29,"turns":4},{"damage":8,"enemies":"Centurion and Healer","floor":31,"turns":3},{"damage":58,"enemies":"Champ","floor":33,"turns":13}],"event_choices":[{"event_name":"The Cleric","player_choice":"Leave","floor":3,"damage_taken":0},{"event_name":"Transmorgrifier","player_choice":"Transform","floor":4,"damage_taken":0},{"event_name":"Match and Keep!","player_choice":"2 cards matched","floor":14,"damage_taken":0},{"event_name":"Back to Basics","player_choice":"Simplicity","floor":19,"damage_taken":0},{"event_name":"Bonfire Elementals","player_choice":"COMMON","floor":22,"damage_taken":0},{"event_name":"The Mausoleum","player_choice":"Yes","floor":28,"damage_taken":0}],"boss_relics":[{"not_picked":["Tiny House","Runic Dome"],"picked":"Cursed Key"}],"potions_floor_spawned":[10,18,24,31],"seed_played":"-1582922526620520821","killed_by":"Champ","ascension_level":0,"is_trial":false}