{"gold_per_floor":[17,17,38,38,57,57,78,78,78,92,108,108,144,144,144,242,242,263,282,332,345,345,345,345],"floor_reached":24,"playtime":842,"items_purged":[],"score":496,"play_id":"20eaa6ba-f9ed-401f-bfee-d4ea0eaf2402","local_time":"20190120213013","is_ascension_mode":true,"campfire_choices":[{"data":"Bash","floor":6,"key":"SMITH"},{"data":"Cleave","floor":8,"key":"SMITH"},{"data":"Iron Wave","floor":15,"key":"SMITH"},{"floor":23,"key":"REST"}],"neow_cost":"NO_GOLD","seed_source_timestamp":60983887865900,"circlet_count":0,"master_deck":["AscendersBane","Strike_R","Strike_R","Strike_R","Strike_R","Strike_R","Defend_R","Defend_R","Defend_R","Defend_R","Bash+1","Battle Trance","Cleave+1","Twin Strike","Iron Wave+1","Thunderclap","Metallicize+1","Juggernaut","True Grit","Disarm"],"relics":["Burning Blood","FossilizedHelix","Golden Idol","Charon\u0027s Ashes","Peace Pipe","Cursed Key"],"potions_floor_usage":[10,10,16],"damage_taken":[{"damage":0,"enemies":"Small Slimes","floor":1,"turns":3},{"damage":0,"enemies":"Jaw Worm","floor":3,"turns":3},{"damage":0,"enemies":"Cultist","floor":5,"turns":3},{"damage":0,"enemies":"Exordium Wildlife","floor":7,"turns":3},{"damage":16,"enemies":"Exordium Thugs","floor":10,"turns":4},{"damage":0,"enemies":"Blue Slaver","floor":11,"turns":3},{"damage":20,"enemies":"Lagavulin","floor":13,"turns":5},{"damage":0,"enemies":"Slime Boss","floor":16,"turns":8},{"damage":18,"enemies":"Shell Parasite","floor":18,"turns":5},{"damage":33,"enemies":"2 Thieves","floor":19,"turns":4},{"damage":18,"enemies":"Snake Plant","floor":21,"turns":5},{"damage":43,"enemies":"Sentry and Sphere","floor":24,"turns":5}],"seed_played":"2840092917266838054","potions_obtained":[{"floor":1,"key":"SkillPotion"},{"floor":3,"key":"SneckoOil"},{"floor":5,"key":"Energy Potion"},{"floor":13,"key":"Strength Potion"}],"is_trial":false,"path_per_floor":["M","?","M","?","M","R","M","R","T","M","M","$","E","?","R","B",null,"M","M","?","M","$","R","M"],"character_chosen":"IRONCLAD","items_purchased":[],"campfire_rested":1,"item_purchase_floors":[],"current_hp_per_floor":[74,48,54,54,60,60,66,66,66,56,62,62,48,48,48,54,70,58,31,31,19,19,41,0],"gold":345,"neow_bonus":"ONE_RARE_RELIC","is_prod":false,"is_daily":false,"chose_seed":false,"campfire_upgraded":3,"win_rate":0,"timestamp":1548019813,"path_taken":["M","?","M","?","M","R","M","R","T","M","M","?","E","?","R","BOSS","M","?","?","M","?","R","M"],"build_version":"2019-01-17v2","purchased_purges":0,"victory":false,"max_hp_per_floor":[75,75,75,75,75,75,75,75,75,75,75,75,75,75,75,75,75,75,75,75,75,75,75,75],"card_choices":[{"not_picked":["Pummel","Iron Wave"],"picked":"Battle Trance","floor":1},{"not_picked":["Pommel Strike","Second Wind"],"picked":"Cleave","floor":3},{"not_picked":["Blood for Blood","Sentinel"],"picked":"Twin Strike","floor":5},{"not_picked":["Flex","Armaments","Heavy Blade"],"picked":"SKIP","floor":7},{"not_picked":["Heavy Blade","Searing Blow"],"picked":"Iron Wave","floor":10},{"not_picked":["Rupture","Intimidate"],"picked":"Thunderclap","floor":11},{"not_picked":["Spot Weakness","Impervious"],"picked":"Metallicize","floor":13},{"not_picked":["Brutality","Fiend Fire"],"picked":"Juggernaut","floor":16},{"not_picked":["Havoc","Thunderclap"],"picked":"True Grit","floor":18},{"not_picked":["Pummel","Twin Strike"],"picked":"Disarm","floor":19},{"not_picked":["Fire Breathing","Armaments","Warcry"],"picked":"SKIP","floor":21}],"player_experience":1213182,"relics_obtained":[{"floor":9,"key":"Charon\u0027s Ashes"},{"floor":13,"key":"Peace Pipe"}],"event_choices":[{"damage_healed":0,"gold_gain":0,"player_choice":"Take Damage","damage_taken":26,"relics_obtained":["Golden Idol"],"max_hp_gain":0,"max_hp_loss":0,"event_name":"Golden Idol","floor":2,"gold_loss":0},{"damage_healed":0,"gold_gain":0,"player_choice":"Leave","damage_taken":0,"max_hp_gain":0,"max_hp_loss":0,"event_name":"The Cleric","floor":4,"gold_loss":0},{"damage_healed":0,"gold_gain":0,"player_choice":"Upgraded","damage_taken":0,"max_hp_gain":0,"max_hp_loss":0,"event_name":"Upgrade Shrine","floor":14,"gold_loss":0,"cards_upgraded":["Metallicize"]},{"damage_healed":0,"gold_gain":100,"player_choice":"Bet on Murderer","damage_taken":0,"max_hp_gain":0,"max_hp_loss":0,"event_name":"The Joust","floor":20,"gold_loss":50}],"is_beta":false,"boss_relics":[{"not_picked":["Coffee Dripper","Sozu"],"picked":"Cursed Key"}],"items_purged_floors":[],"is_endless":false,"potions_floor_spawned":[1,3,5,13],"killed_by":"Sentry and Sphere","ascension_level":20}