{"gold_per_floor":[117,117,129,129,129,164,164,164,164,176,187,187,187,198,198,198],"floor_reached":16,"playtime":353,"items_purged":[],"score":244,"play_id":"023910c1-df2c-4ea1-b0c4-83a1b0294b80","local_time":"20190116152211","is_ascension_mode":true,"campfire_choices":[{"data":"Bash","floor":7,"key":"SMITH"},{"data":"Pommel Strike","floor":13,"key":"SMITH"},{"data":"Whirlwind","floor":15,"key":"SMITH"}],"neow_cost":"NONE","seed_source_timestamp":17441745250671,"circlet_count":0,"master_deck":["AscendersBane","Strike_R","Strike_R","Strike_R","Strike_R","Strike_R","Defend_R","Defend_R","Defend_R","Defend_R","Bash+1","Iron Wave","Armaments+1","Metallicize+1","Flex","Pommel Strike+1","Whirlwind+1"],"relics":["Burning Blood","NeowsBlessing","Ancient Tea Set","Blue Candle","Bottled Flame"],"potions_floor_usage":[11,16],"damage_taken":[{"damage":0,"enemies":"Cultist","floor":1,"turns":1},{"damage":0,"enemies":"Jaw Worm","floor":3,"turns":1},{"damage":0,"enemies":"Lagavulin","floor":6,"turns":2},{"damage":0,"enemies":"Small Slimes","floor":10,"turns":5},{"damage":7,"enemies":"Looter","floor":11,"turns":4},{"damage":0,"enemies":"2 Fungi Beasts","floor":14,"turns":3},{"damage":61,"enemies":"Hexaghost","floor":16,"turns":11}],"seed_played":"-5922513106954251545","potions_obtained":[{"floor":10,"key":"SteroidPotion"},{"floor":11,"key":"Dexterity Potion"}],"is_trial":false,"path_per_floor":["M","$","M","?","$","E","R","?","T","M","M","?","R","M","R","B"],"character_chosen":"IRONCLAD","items_purchased":[],"campfire_rested":0,"item_purchase_floors":[],"current_hp_per_floor":[74,74,75,80,80,80,80,75,75,80,79,55,55,61,61,0],"gold":198,"neow_bonus":"THREE_ENEMY_KILL","is_prod":false,"is_daily":false,"chose_seed":false,"campfire_upgraded":3,"win_rate":0,"timestamp":1547652131,"path_taken":["M","?","M","?","$","E","R","?","T","M","M","?","R","M","R","BOSS"],"build_version":"2019-01-10","purchased_purges":0,"victory":false,"max_hp_per_floor":[75,75,75,80,80,80,80,80,80,80,80,80,80,80,80,80],"card_choices":[{"not_picked":["Sword Boomerang","Warcry"],"picked":"Iron Wave","floor":1},{"not_picked":["Anger","Sword Boomerang"],"picked":"Armaments","floor":3},{"not_picked":["Barricade","Dropkick"],"picked":"Metallicize","floor":6},{"not_picked":["Sword Boomerang","Body Slam"],"picked":"Flex","floor":10},{"not_picked":["Body Slam","Second Wind"],"picked":"Pommel Strike","floor":11},{"not_picked":["Flex","Carnage"],"picked":"Whirlwind","floor":14}],"player_experience":1155805,"relics_obtained":[{"floor":6,"key":"Ancient Tea Set"},{"floor":9,"key":"Bottled Flame"}],"event_choices":[{"damage_healed":0,"gold_gain":0,"player_choice":"Donut","damage_taken":0,"max_hp_gain":5,"max_hp_loss":0,"event_name":"Big Fish","floor":4,"gold_loss":0},{"damage_healed":0,"gold_gain":0,"player_choice":"Success","damage_taken":5,"relics_obtained":["Blue Candle"],"max_hp_gain":0,"max_hp_loss":0,"event_name":"Scrap Ooze","floor":8,"gold_loss":0},{"damage_healed":0,"gold_gain":0,"player_choice":"Entered Light","damage_taken":24,"max_hp_gain":0,"max_hp_loss":0,"event_name":"Shining Light","floor":12,"gold_loss":0,"cards_upgraded":["Metallicize","Armaments"]}],"is_beta":false,"boss_relics":[],"items_purged_floors":[],"is_endless":false,"potions_floor_spawned":[10,11],"killed_by":"Hexaghost","ascension_level":19}