{"gold_per_floor":[110,110,69,84,94,94,119,119,191,191,191,211,240,255,255,255],"floor_reached":16,"playtime":1376,"items_purged":[],"score":121,"play_id":"38e393c5-d32d-4e2e-8cae-c22326769a58","local_time":"20190701133226","is_ascension_mode":true,"campfire_choices":[{"data":"Armaments","floor":8,"key":"SMITH"},{"floor":10,"key":"REST"},{"floor":15,"key":"REST"}],"neow_cost":"NONE","seed_source_timestamp":236584140722144,"circlet_count":0,"master_deck":["Strike_R","Strike_R","Strike_R","Strike_R","Strike_R","Defend_R","Defend_R","Defend_R","Defend_R","Bash","Searing Blow+1","Armaments+1","Infernal Blade","Uppercut"],"relics":["Burning Blood","MawBank","Anchor","Bottled Lightning","Boot"],"potions_floor_usage":[16,16,16],"damage_taken":[{"damage":1,"enemies":"Jaw Worm","floor":1,"turns":5},{"damage":1,"enemies":"Cultist","floor":4,"turns":4},{"damage":2,"enemies":"Small Slimes","floor":5,"turns":4},{"damage":56,"enemies":"Lagavulin","floor":7,"turns":7},{"damage":0,"enemies":"3 Louse","floor":12,"turns":2},{"damage":21,"enemies":"Gremlin Nob","floor":13,"turns":4},{"damage":16,"enemies":"Gremlin Gang","floor":14,"turns":4},{"damage":77,"enemies":"Hexaghost","floor":16,"turns":10}],"seed_played":"3254054544511247075","potions_obtained":[{"floor":1,"key":"BloodPotion"},{"floor":7,"key":"EssenceOfSteel"},{"floor":14,"key":"AttackPotion"}],"is_trial":false,"path_per_floor":["M","?","$","M","M","?","E","R","T","R","?","M","E","M","R","B"],"character_chosen":"IRONCLAD","items_purchased":["Armaments"],"campfire_rested":2,"item_purchase_floors":[3],"current_hp_per_floor":[80,80,80,80,80,85,35,35,35,60,60,66,51,41,66,0],"gold":255,"neow_bonus":"THREE_CARDS","is_prod":false,"is_daily":false,"chose_seed":false,"campfire_upgraded":1,"win_rate":0,"timestamp":1561959146,"path_taken":["M","?","$","?","M","?","E","R","T","R","?","M","E","M","R","BOSS"],"build_version":"2019-01-23","purchased_purges":0,"victory":false,"max_hp_per_floor":[80,80,80,80,80,85,85,85,85,85,85,85,85,85,85,85],"card_choices":[{"not_picked":["Thunderclap","Wild Strike"],"picked":"Searing Blow","floor":0},{"not_picked":["Searing Blow","Wild Strike"],"picked":"Spot Weakness","floor":1},{"not_picked":["Clash","Havoc","Carnage"],"picked":"SKIP","floor":4},{"not_picked":["Searing Blow","Second Wind"],"picked":"Infernal Blade","floor":5},{"not_picked":["Blood for Blood","Exhume","Clash"],"picked":"SKIP","floor":7},{"not_picked":["Searing Blow","Thunderclap","Warcry"],"picked":"SKIP","floor":12},{"not_picked":["Dropkick","Hemokinesis"],"picked":"Uppercut","floor":13},{"not_picked":["Uppercut","Twin Strike","Corruption"],"picked":"SKIP","floor":14}],"player_experience":89357,"relics_obtained":[{"floor":7,"key":"Anchor"},{"floor":9,"key":"Bottled Lightning"},{"floor":13,"key":"Boot"}],"event_choices":[{"cards_removed":["Spot Weakness"],"damage_healed":0,"gold_gain":0,"player_choice":"Gave Card","damage_taken":0,"relics_obtained":["MawBank"],"max_hp_gain":0,"max_hp_loss":0,"event_name":"WeMeetAgain","floor":2,"gold_loss":0},{"damage_healed":0,"gold_gain":0,"player_choice":"Donut","damage_taken":0,"max_hp_gain":5,"max_hp_loss":0,"event_name":"Big Fish","floor":6,"gold_loss":0},{"damage_healed":0,"gold_gain":0,"player_choice":"Upgraded","damage_taken":0,"max_hp_gain":0,"max_hp_loss":0,"event_name":"Upgrade Shrine","floor":11,"gold_loss":0,"cards_upgraded":["Searing Blow"]}],"is_beta":false,"boss_relics":[],"items_purged_floors":[],"is_endless":false,"potions_floor_spawned":[1,7,14],"killed_by":"Hexaghost","ascension_level":2}