{"gold_per_floor":[410,429,134,149,149,149,149,149,149,169,196,208,173,186,186,186],"floor_reached":16,"playtime":532,"items_purged":["Normality"],"score":204,"play_id":"941fd5f8-ffa6-4c92-96c7-316edab7283b","local_time":"20190128211437","is_ascension_mode":true,"campfire_choices":[{"data":"Zap","floor":6,"key":"SMITH"},{"data":"Go for the Eyes","floor":8,"key":"SMITH"},{"floor":15,"key":"REST"}],"neow_cost":"CURSE","seed_source_timestamp":406283831697700,"circlet_count":0,"master_deck":["AscendersBane","Strike_B","Strike_B","Strike_B","Strike_B","Defend_B","Defend_B","Defend_B","Defend_B","Zap+1","Dualcast+1","Go for the Eyes+1","Cold Snap","Rainbow","Leap","Sweeping Beam"],"relics":["Cracked Core","Old Coin","Runic Capacitor","Cables","Frozen Egg 2"],"potions_floor_usage":[11,14],"damage_taken":[{"damage":17,"enemies":"2 Louse","floor":1,"turns":3},{"damage":8,"enemies":"Small Slimes","floor":2,"turns":3},{"damage":5,"enemies":"Jaw Worm","floor":4,"turns":3},{"damage":7,"enemies":"2 Fungi Beasts","floor":10,"turns":3},{"damage":6,"enemies":"Gremlin Nob","floor":11,"turns":3},{"damage":10,"enemies":"3 Louse","floor":12,"turns":3},{"damage":54,"enemies":"Gremlin Gang","floor":14,"turns":5},{"damage":26,"enemies":"Hexaghost","floor":16,"turns":11}],"seed_played":"-6721895553285206887","potions_obtained":[{"floor":1,"key":"Dexterity Potion"},{"floor":4,"key":"SteroidPotion"},{"floor":11,"key":"FairyPotion"},{"floor":12,"key":"FocusPotion"}],"is_trial":false,"path_per_floor":["M","M","$","M","?","R","?","R","T","M","E","M","?","M","R","B"],"character_chosen":"DEFECT","items_purchased":["Runic Capacitor"],"campfire_rested":1,"item_purchase_floors":[3],"current_hp_per_floor":[47,39,39,34,39,39,39,39,39,32,26,16,35,2,24,0],"gold":186,"neow_bonus":"ONE_RARE_RELIC","is_prod":false,"is_daily":false,"chose_seed":false,"campfire_upgraded":2,"win_rate":0,"timestamp":1548710077,"path_taken":["M","M","$","M","?","R","?","R","T","M","E","M","?","M","R","BOSS"],"build_version":"2019-01-23","purchased_purges":1,"victory":false,"max_hp_per_floor":[71,71,71,71,76,76,76,76,76,76,76,76,76,76,76,76],"card_choices":[{"not_picked":["Blizzard","Streamline"],"picked":"Go for the Eyes","floor":1},{"not_picked":["Force Field","Turbo"],"picked":"Cold Snap","floor":2},{"not_picked":["Turbo","Compile Driver"],"picked":"Rainbow","floor":4},{"not_picked":["Go for the Eyes","Coolheaded"],"picked":"Leap","floor":10},{"not_picked":["Heatsinks","Barrage","Steam"],"picked":"SKIP","floor":11},{"not_picked":["Steam","Steam Power","Force Field"],"picked":"SKIP","floor":12},{"not_picked":["Stack","Static Discharge+1"],"picked":"Sweeping Beam","floor":14}],"player_experience":1253382,"relics_obtained":[{"floor":9,"key":"Cables"},{"floor":11,"key":"Frozen Egg 2"}],"event_choices":[{"damage_healed":0,"gold_gain":0,"player_choice":"Donut","damage_taken":0,"max_hp_gain":5,"max_hp_loss":0,"event_name":"Big Fish","floor":5,"gold_loss":0},{"damage_healed":0,"gold_gain":0,"player_choice":"Grow","damage_taken":0,"max_hp_gain":0,"max_hp_loss":0,"event_name":"Living Wall","floor":7,"gold_loss":0,"cards_upgraded":["Dualcast"]},{"damage_healed":19,"gold_gain":0,"player_choice":"Healed","damage_taken":0,"max_hp_gain":0,"max_hp_loss":0,"event_name":"The Cleric","floor":13,"gold_loss":35}],"is_beta":false,"boss_relics":[],"items_purged_floors":[3],"is_endless":false,"potions_floor_spawned":[1,4,11,12],"killed_by":"Hexaghost","ascension_level":20}