{"path_per_floor":["M","?","M","?","M","R","E","R","T","R","E","$","E","?","R","B",null,"M","M","M","M","M","E","R","E","T","E","M","M"],"character_chosen":"THE_SILENT","items_purchased":["Anchor"],"gold_per_floor":[109,109,126,126,141,141,174,174,221,221,251,33,61,61,61,165,165,178,191,210,230,249,282,282,312,312,345,362,374],"floor_reached":30,"campfire_rested":2,"playtime":2805,"current_hp_per_floor":[70,70,66,66,64,64,34,34,34,34,31,31,26,19,41,37,74,74,69,68,57,33,6,28,14,14,14,14,3],"items_purged":["Defend_G"],"gold":374,"play_id":"807bd5ad-ebd0-4fcd-ae72-8e3cff6a8529","is_prod":false,"is_daily":false,"campfire_rituals":0,"campfire_upgraded":3,"is_hardmode":false,"path_taken":["M","?","M","?","M","R","E","R","T","R","E","$","E","?","R","BOSS","M","M","M","M","M","E","R","E","T","E","M","M","M"],"build_version":"2018-01-11-PROD2","purchased_purges":1,"victory":false,"master_deck":["Defend_G","Defend_G","Defend_G","Defend_G","Strike_G","Strike_G","Strike_G","Strike_G","Survivor","Neutralize","Bane","Catalyst","Flying Knee","Poisoned Stab","Poisoned Stab","Wraith Form","Backflip","Acrobatics","Bouncing Flask","Envenom","Poisoned Stab","Crippling Poison","Prepared","Doppelganger","Bane","Quick Slash"],"max_hp_per_floor":[70,70,70,70,70,70,70,70,70,70,72,72,74,74,74,74,74,74,74,74,74,74,74,74,76,76,76,76,76],"relics":["Ring of the Snake","Bronze Scales","Molten Egg","Singing Bowl","Anchor","Dream Catcher","Velvet Choker","Gambling Chip","Tough Bandages","Dead Branch","Vajra"],"campfire_meditates":0,"card_choices":[{"not_picked":["Deflect","Sucker Punch"],"picked":"Bane"},{"not_picked":["Escape Plan","Deflect"],"picked":"Catalyst"},{"not_picked":["Acrobatics","Dagger Spray"],"picked":"Flying Knee"},{"not_picked":["Tools of the Trade","Bane"],"picked":"Poisoned Stab"},{"not_picked":["Dodge and Roll","Dagger Spray"],"picked":"Poisoned Stab"},{"not_picked":["Phantasmal Killer","Glass Knife"],"picked":"Wraith Form"},{"not_picked":["Slice","Flying Knee"],"picked":"Backflip"},{"not_picked":["Prepared","Flying Knee"],"picked":"Acrobatics"},{"not_picked":["Dagger Spray","Bane"],"picked":"Bouncing Flask"},{"not_picked":["Flying Knee","Infinite Blades"],"picked":"Envenom"},{"not_picked":["Slice","Dodge and Roll"],"picked":"Poisoned Stab"},{"not_picked":["Riddle With Holes","Footwork"],"picked":"Crippling Poison"},{"not_picked":["Deflect","Dagger Spray"],"picked":"Prepared"},{"not_picked":["Dagger Spray","Phantasmal Killer"],"picked":"Doppelganger"},{"not_picked":["Outmaneuver","Prepared"],"picked":"Bane"},{"not_picked":["Escape Plan","Deflect"],"picked":"Quick Slash"}],"player_experience":97751,"potions_floor_usage":[7,16,21,23,25,30],"damage_taken":[{"damage":0,"enemies":"Jaw Worm","floor":1,"turns":4},{"damage":4,"enemies":"Blue Slaver","floor":3,"turns":5},{"damage":2,"enemies":"Small Slimes","floor":5,"turns":4},{"damage":30,"enemies":"3 Sentries","floor":7,"turns":9},{"damage":5,"enemies":"Lagavulin","floor":11,"turns":5},{"damage":7,"enemies":"3 Sentries","floor":13,"turns":6},{"damage":4,"enemies":"Hexaghost","floor":16,"turns":6},{"damage":0,"enemies":"Shell Parasite","floor":18,"turns":3},{"damage":5,"enemies":"2 Thieves","floor":19,"turns":4},{"damage":1,"enemies":"Snake Plant","floor":20,"turns":3},{"damage":11,"enemies":"3 Cultists","floor":21,"turns":5},{"damage":24,"enemies":"Sentry and Sphere","floor":22,"turns":6},{"damage":27,"enemies":"Slavers","floor":23,"turns":4},{"damage":16,"enemies":"Book of Stabbing","floor":25,"turns":5},{"damage":0,"enemies":"Gremlin Leader","floor":27,"turns":7},{"damage":0,"enemies":"Snake Plant","floor":28,"turns":3},{"damage":11,"enemies":"Centurion and Healer","floor":29,"turns":4},{"damage":8,"enemies":"Sentry and Sphere","floor":30,"turns":3}],"event_choices":[{"event_name":"Accursed Blacksmith","player_choice":"Forge","floor":2,"damage_taken":0},{"event_name":"Living Wall","player_choice":"Grow","floor":4,"damage_taken":0},{"event_name":"Golden Wing","player_choice":"Card Removal","floor":14,"damage_taken":0}],"boss_relics":[{"not_picked":["Calling Bell","Runic Pyramid"],"picked":"Velvet Choker"}],"potions_floor_spawned":[3,13,16,19,20,27],"seed_played":"4713141245040136495","killed_by":"Sentry and Sphere","is_trial":false}