{"gold_per_floor":[213,232,232,21,33,33,47,79,103,103,118,118,77,94,94,171,171,190,190,202,202,127,127],"floor_reached":23,"playtime":1327,"items_purged":["Strike_G"],"score":363,"play_id":"6000c250-835b-447f-b260-0de3768613c8","local_time":"20190625213554","is_ascension_mode":true,"campfire_choices":[{"data":"Neutralize","floor":6,"key":"SMITH"},{"floor":10,"key":"REST"},{"floor":15,"key":"REST"}],"neow_cost":"NONE","seed_source_timestamp":281474716265269,"circlet_count":0,"master_deck":["AscendersBane","Defend_G","Defend_G","Defend_G","Defend_G","Defend_G","Strike_G","Strike_G","Survivor","Neutralize+1","Well Laid Plans","Dagger Spray","Poisoned Stab","Swift Strike","Slice","Quick Slash","Deadly Poison","Wraith Form v2","Bane","Neutralize","Crippling Poison","Infinite Blades","After Image","Bouncing Flask","Corpse Explosion"],"relics":["Ring of the Snake","PreservedInsect","Pen Nib","Nloth\u0027s Gift"],"potions_floor_usage":[],"damage_taken":[{"damage":0,"enemies":"Small Slimes","floor":1,"turns":5},{"damage":0,"enemies":"Cultist","floor":2,"turns":4},{"damage":0,"enemies":"2 Louse","floor":5,"turns":2},{"damage":0,"enemies":"Lots of Slimes","floor":7,"turns":2},{"damage":41,"enemies":"Lagavulin","floor":8,"turns":7},{"damage":6,"enemies":"3 Louse","floor":11,"turns":4},{"damage":11,"enemies":"Blue Slaver","floor":14,"turns":4},{"damage":28,"enemies":"Hexaghost","floor":16,"turns":11},{"damage":12,"enemies":"Spheric Guardian","floor":18,"turns":7},{"damage":16,"enemies":"Chosen","floor":20,"turns":5},{"damage":31,"enemies":"Slavers","floor":23,"turns":2}],"seed_played":"-5596362845974321014","potions_obtained":[{"floor":8,"key":"Strength Potion"},{"floor":14,"key":"Ancient Potion"},{"floor":16,"key":"Dexterity Potion"}],"is_trial":false,"path_per_floor":["M","M","?","$","M","R","M","E","T","R","M","?","$","M","R","B",null,"M","?","M","?","?","E"],"character_chosen":"THE_SILENT","items_purchased":["Poisoned Stab","Swift Strike","Crippling Poison"],"campfire_rested":2,"item_purchase_floors":[4,4,13],"current_hp_per_floor":[59,59,64,64,64,64,64,23,23,44,38,38,38,27,48,20,58,46,46,30,30,30,0],"gold":127,"neow_bonus":"HUNDRED_GOLD","is_prod":false,"is_daily":false,"chose_seed":false,"campfire_upgraded":1,"win_rate":0,"timestamp":1561512954,"path_taken":["M","M","?","$","M","R","M","E","T","R","M","?","$","?","R","BOSS","M","?","?","?","?","E"],"build_version":"2019-01-23","purchased_purges":1,"victory":false,"max_hp_per_floor":[66,66,71,71,71,71,71,71,71,71,71,71,71,71,71,71,71,71,71,71,71,71,71],"card_choices":[{"not_picked":["Dodge and Roll","Masterful Stab"],"picked":"Well Laid Plans","floor":1},{"not_picked":["Backflip","Slice"],"picked":"Dagger Spray","floor":2},{"not_picked":["Prepared","Reflex"],"picked":"Slice","floor":5},{"not_picked":["Slice","Underhanded Strike"],"picked":"Quick Slash","floor":7},{"not_picked":["PiercingWail","Dagger Spray"],"picked":"Deadly Poison","floor":8},{"not_picked":["Burst","Terror","Cloak And Dagger"],"picked":"SKIP","floor":11},{"not_picked":["Tactician","Terror"],"picked":"Infinite Blades","floor":14},{"not_picked":["Unload","Storm of Steel"],"picked":"After Image","floor":16},{"not_picked":["Caltrops","Dodge and Roll+1"],"picked":"Bouncing Flask","floor":18},{"not_picked":["Calculated Gamble","Flying Knee"],"picked":"Corpse Explosion","floor":20}],"player_experience":2339186,"relics_obtained":[{"floor":8,"key":"PreservedInsect"},{"floor":9,"key":"Pen Nib"}],"event_choices":[{"damage_healed":0,"gold_gain":0,"player_choice":"Donut","damage_taken":0,"max_hp_gain":5,"max_hp_loss":0,"event_name":"Big Fish","floor":3,"gold_loss":0},{"damage_healed":0,"gold_gain":0,"player_choice":"3 cards matched","damage_taken":0,"max_hp_gain":0,"max_hp_loss":0,"event_name":"Match and Keep!","floor":12,"gold_loss":0,"cards_obtained":["Wraith Form v2","Bane","Neutralize"]},{"damage_healed":0,"gold_gain":0,"player_choice":"Traded Relic","damage_taken":0,"relics_obtained":["Nloth\u0027s Gift"],"max_hp_gain":0,"max_hp_loss":0,"event_name":"N\u0027loth","floor":19,"relics_lost":["Empty Cage"],"gold_loss":0},{"damage_healed":0,"gold_gain":0,"player_choice":"Smashed Altar","damage_taken":0,"max_hp_gain":0,"max_hp_loss":0,"event_name":"Forgotten Altar","floor":21,"gold_loss":0,"cards_obtained":["Decay"]},{"cards_removed":["Decay"],"damage_healed":0,"gold_gain":0,"player_choice":"Gave Gold","damage_taken":0,"max_hp_gain":0,"max_hp_loss":0,"event_name":"Beggar","floor":22,"gold_loss":75}],"is_beta":false,"boss_relics":[{"not_picked":["Sozu","Tiny House"],"picked":"Empty Cage"}],"items_purged_floors":[4],"is_endless":false,"potions_floor_spawned":[8,14,16,20],"killed_by":"Slavers","ascension_level":18}