{"gold_per_floor":[11,11,11,27,52,52,72,147,170,191,191,214,214,214,214,310,310,323,348,348],"floor_reached":20,"playtime":526,"items_purged":[],"score":357,"play_id":"1f7ec068-b49f-4c18-8a33-67e52648fdfc","local_time":"20190127195620","is_ascension_mode":true,"campfire_choices":[{"data":"Zap","floor":6,"key":"SMITH"},{"data":"Dualcast","floor":11,"key":"SMITH"},{"floor":15,"key":"REST"}],"neow_cost":"NO_GOLD","seed_source_timestamp":315189860918500,"circlet_count":0,"master_deck":["AscendersBane","Strike_B","Strike_B","Defend_B","Defend_B","Defend_B","Defend_B","Zap+1","Dualcast+1","Flash of Steel","Dramatic Entrance","Gash","Ball Lightning","Gash","Steam","White Noise","Core Surge","Gash","Gash"],"relics":["Cracked Core","Golden Idol","Regal Pillow","Empty Cage"],"potions_floor_usage":[10,16,16,20],"damage_taken":[{"damage":7,"enemies":"Jaw Worm","floor":1,"turns":2},{"damage":7,"enemies":"2 Louse","floor":4,"turns":2},{"damage":1,"enemies":"Cultist","floor":5,"turns":3},{"damage":6,"enemies":"Looter","floor":7,"turns":2},{"damage":5,"enemies":"Red Slaver","floor":10,"turns":2},{"damage":20,"enemies":"Exordium Wildlife","floor":12,"turns":3},{"damage":27,"enemies":"Slime Boss","floor":16,"turns":9},{"damage":23,"enemies":"Spheric Guardian","floor":18,"turns":4},{"damage":32,"enemies":"Shell Parasite","floor":19,"turns":5},{"damage":8,"enemies":"Snake Plant","floor":20,"turns":1}],"seed_played":"-5278831588115196307","potions_obtained":[{"floor":4,"key":"EssenceOfSteel"},{"floor":5,"key":"Weak Potion"},{"floor":12,"key":"Dexterity Potion"},{"floor":16,"key":"FocusPotion"},{"floor":19,"key":"SkillPotion"}],"is_trial":false,"path_per_floor":["M","?","?","M","M","R","M","?","T","M","R","M","?","?","R","B",null,"M","M","M"],"character_chosen":"DEFECT","items_purchased":[],"campfire_rested":1,"item_purchase_floors":[],"current_hp_per_floor":[57,62,62,55,54,54,48,37,37,32,32,12,12,12,47,20,57,34,2,0],"gold":348,"neow_bonus":"RANDOM_COLORLESS_2","is_prod":false,"is_daily":false,"chose_seed":false,"campfire_upgraded":2,"win_rate":0,"timestamp":1548618980,"path_taken":["M","?","?","M","M","R","M","?","T","?","R","M","?","?","R","BOSS","M","M","?"],"build_version":"2019-01-23","purchased_purges":0,"victory":false,"max_hp_per_floor":[71,76,69,69,69,69,69,69,69,69,69,69,69,69,69,69,69,69,69,69],"card_choices":[{"not_picked":["Conserve Battery","FTL"],"picked":"Gash","floor":1},{"not_picked":["Loop","Darkness"],"picked":"Ball Lightning","floor":4},{"not_picked":["Coolheaded","Turbo"],"picked":"Gash","floor":5},{"not_picked":["Stack","Beam Cell"],"picked":"Steam","floor":7},{"not_picked":["Conserve Battery","Blizzard","Compile Driver"],"picked":"SKIP","floor":10},{"not_picked":["Static Discharge","Redo"],"picked":"White Noise","floor":12},{"not_picked":["Echo Form","Thunder Strike"],"picked":"Core Surge","floor":16},{"not_picked":["Steam","Sunder"],"picked":"Gash","floor":18},{"not_picked":["Capacitor","Conserve Battery"],"picked":"Gash","floor":19}],"player_experience":1237646,"relics_obtained":[{"floor":9,"key":"Regal Pillow"}],"event_choices":[{"damage_healed":0,"gold_gain":0,"player_choice":"Donut","damage_taken":0,"max_hp_gain":5,"max_hp_loss":0,"event_name":"Big Fish","floor":2,"gold_loss":0},{"damage_healed":0,"gold_gain":0,"player_choice":"Lose Max HP","damage_taken":0,"relics_obtained":["Golden Idol"],"max_hp_gain":0,"max_hp_loss":7,"event_name":"Golden Idol","floor":3,"gold_loss":0},{"damage_healed":0,"gold_gain":75,"player_choice":"Gather Gold","damage_taken":11,"max_hp_gain":0,"max_hp_loss":0,"event_name":"World of Goop","floor":8,"gold_loss":0},{"damage_healed":0,"gold_gain":0,"player_choice":"Ignored","damage_taken":0,"max_hp_gain":0,"max_hp_loss":0,"event_name":"Golden Wing","floor":13,"gold_loss":0},{"damage_healed":0,"gold_gain":0,"player_choice":"Got Potions","damage_taken":0,"max_hp_gain":0,"max_hp_loss":0,"event_name":"Lab","floor":14,"gold_loss":0}],"is_beta":false,"boss_relics":[{"not_picked":["Ectoplasm","Calling Bell"],"picked":"Empty Cage"}],"items_purged_floors":[],"is_endless":false,"potions_floor_spawned":[4,5,12,16,19],"killed_by":"Snake Plant","ascension_level":20}