{"gold_per_floor":[118,293,14,33,33,64,64,84,110,30,30,30],"floor_reached":12,"playtime":427,"items_purged":["Doubt"],"score":84,"play_id":"79233494-1daf-4592-90ee-07d1ddcac25e","local_time":"20190705193212","is_ascension_mode":true,"campfire_choices":[{"floor":7,"key":"REST"}],"neow_cost":"NONE","seed_source_timestamp":95660014593447,"circlet_count":0,"master_deck":["Strike_G","Strike_G","Strike_G","Strike_G","Strike_G","Defend_G","Defend_G","Defend_G","Defend_G+1","Defend_G","Survivor","Neutralize","Accuracy+1","Concentrate","PiercingWail","Backflip","Well Laid Plans","Regret"],"relics":["Sozu","Chemical X","Snake Skull","Regal Pillow","Boot"],"potions_floor_usage":[],"damage_taken":[{"damage":0,"enemies":"Cultist","floor":1,"turns":4},{"damage":1,"enemies":"2 Louse","floor":4,"turns":3},{"damage":33,"enemies":"3 Sentries","floor":6,"turns":16},{"damage":0,"enemies":"Small Slimes","floor":8,"turns":4},{"damage":45,"enemies":"Gremlin Nob","floor":12,"turns":5}],"seed_played":"7850101306045844726","potions_obtained":[],"is_trial":false,"path_per_floor":["M","?","$","M","?","E","R","M","T","$","?","E"],"character_chosen":"THE_SILENT","items_purchased":["Chemical X","Well Laid Plans"],"campfire_rested":1,"item_purchase_floors":[3,10],"current_hp_per_floor":[70,70,70,69,55,22,43,43,43,43,43,0],"gold":30,"neow_bonus":"BOSS_RELIC","is_prod":false,"is_daily":false,"chose_seed":false,"campfire_upgraded":0,"win_rate":0,"timestamp":1562380332,"path_taken":["M","?","$","M","?","E","R","M","T","$","?","E"],"build_version":"2019-07-05","purchased_purges":1,"victory":false,"max_hp_per_floor":[70,70,70,70,70,70,70,70,70,70,70,70],"card_choices":[{"not_picked":["Endless Agony","Riddle With Holes"],"picked":"Accuracy","floor":1},{"not_picked":["Dagger Spray","Prepared"],"picked":"Concentrate","floor":4},{"not_picked":["Sucker Punch","Prepared"],"picked":"PiercingWail","floor":6},{"not_picked":["Blur","Deadly Poison"],"picked":"Backflip","floor":8}],"player_experience":550998,"relics_obtained":[{"floor":6,"key":"Snake Skull"},{"floor":9,"key":"Regal Pillow"}],"event_choices":[{"damage_healed":0,"gold_gain":175,"player_choice":"AGREE","damage_taken":0,"max_hp_gain":0,"max_hp_loss":0,"event_name":"Liars Game","floor":2,"gold_loss":0,"cards_obtained":["Doubt"]},{"damage_healed":0,"gold_gain":0,"player_choice":"Entered Light","damage_taken":14,"max_hp_gain":0,"max_hp_loss":0,"event_name":"Shining Light","floor":5,"gold_loss":0,"cards_upgraded":["Defend_G","Accuracy"]},{"damage_healed":0,"gold_gain":0,"player_choice":"Box","damage_taken":0,"relics_obtained":["Boot"],"max_hp_gain":0,"max_hp_loss":0,"event_name":"Big Fish","floor":11,"gold_loss":0,"cards_obtained":["Regret"]}],"is_beta":false,"boss_relics":[],"items_purged_floors":[3],"is_endless":false,"potions_floor_spawned":[1],"killed_by":"Gremlin Nob","ascension_level":2}