{"gold_per_floor":[110,110,38,3,28,57,57,57,57,70,70,70,84,94,94,192,192,208,189,114,127,127,146,71,90,90,109,109,125,125,155,155,252,252,272,272,272,192,192,192,192,192,215,215,225,250,42,1,1,1],"floor_reached":50,"playtime":2740,"items_purged":["Recycle+1"],"score":511,"play_id":"abfc2888-3961-4658-bb92-a7fa4cb4046b","local_time":"20190703153031","is_ascension_mode":false,"campfire_choices":[{"floor":8,"key":"REST"},{"data":"Storm","floor":11,"key":"SMITH"},{"floor":15,"key":"REST"},{"floor":28,"key":"REST"},{"floor":30,"key":"REST"},{"data":"Chill","floor":32,"key":"SMITH"},{"floor":40,"key":"RECALL"},{"data":"BootSequence","floor":42,"key":"SMITH"},{"data":"Go for the Eyes","floor":44,"key":"SMITH"},{"floor":49,"key":"REST"}],"neow_cost":"NONE","seed_source_timestamp":1019369809591689,"circlet_count":0,"master_deck":["Defend_B","Defend_B","Defend_B","Defend_B","Zap+1","Dualcast","Genetic Algorithm+1","Storm+1","Hello World+1","Ball Lightning","Go for the Eyes+1","Creative AI+1","Buffer+1","Beam Cell+1","Cold Snap+1","Skim","Capacitor+1","BootSequence+1","Coolheaded","Chill+1","Heatsinks+1","Electrodynamics+1","Undo","Storm+1","Conserve Battery+1","Static Discharge+1"],"relics":["Velvet Choker","Anchor","Frozen Egg 2","Matryoshka","Astrolabe","Ornamental Fan","Dodecahedron","Bag of Preparation","Busted Crown","Art of War","Turnip","MealTicket"],"potions_floor_usage":[16,29,33,46,50],"damage_taken":[{"damage":6,"enemies":"Cultist","floor":1,"turns":4},{"damage":68,"enemies":"Gremlin Nob","floor":6,"turns":7},{"damage":0,"enemies":"2 Louse","floor":10,"turns":3},{"damage":1,"enemies":"Jaw Worm","floor":13,"turns":2},{"damage":0,"enemies":"Looter","floor":14,"turns":3},{"damage":32,"enemies":"The Guardian","floor":16,"turns":9},{"damage":7,"enemies":"Spheric Guardian","floor":18,"turns":4},{"damage":20,"enemies":"2 Thieves","floor":19,"turns":4},{"damage":0,"enemies":"Cultist and Chosen","floor":21,"turns":6},{"damage":19,"enemies":"Centurion and Healer","floor":23,"turns":8},{"damage":0,"enemies":"Snecko","floor":25,"turns":6},{"damage":0,"enemies":"Cultist and Chosen","floor":27,"turns":6},{"damage":7,"enemies":"Snake Plant","floor":29,"turns":4},{"damage":0,"enemies":"Book of Stabbing","floor":31,"turns":5},{"damage":21,"enemies":"Collector","floor":33,"turns":9},{"damage":0,"enemies":"3 Shapes","floor":35,"turns":2},{"damage":0,"enemies":"3 Darklings","floor":45,"turns":2},{"damage":62,"enemies":"Reptomancer","floor":46,"turns":5},{"damage":59,"enemies":"Awakened One","floor":50,"turns":6}],"seed_played":"367995639621028530","potions_obtained":[{"floor":10,"key":"Weak Potion"},{"floor":16,"key":"Strength Potion"},{"floor":21,"key":"Fire Potion"},{"floor":22,"key":"Ancient Potion"},{"floor":27,"key":"Block Potion"},{"floor":31,"key":"Block Potion"},{"floor":33,"key":"LiquidBronze"},{"floor":46,"key":"GamblersBrew"}],"is_trial":false,"path_per_floor":["M","?","$","?","T","E","?","R","T","M","R","?","M","M","R","B",null,"M","M","?","M","?","M","$","M","T","M","R","M","R","E","R","B",null,"M","?","?","$","?","R","?","R","T","R","M","E","$","$","R","B"],"character_chosen":"DEFECT","items_purchased":["Storm","Storm+1","MealTicket","Static Discharge+1"],"campfire_rested":5,"item_purchase_floors":[3,38,47,48],"current_hp_per_floor":[69,69,69,75,75,7,7,29,29,29,29,14,13,13,35,3,75,68,48,48,48,48,29,29,29,29,29,51,44,66,66,66,45,75,75,71,71,71,71,71,71,71,71,71,71,9,9,24,45,0],"gold":1,"neow_bonus":"BOSS_RELIC","is_prod":false,"is_daily":false,"chose_seed":false,"campfire_upgraded":4,"win_rate":0,"timestamp":1562193031,"path_taken":["M","?","$","?","?","E","?","R","T","?","R","?","M","M","R","BOSS","M","M","?","M","?","?","$","M","T","M","R","M","R","E","R","BOSS","M","?","?","$","?","R","?","R","T","R","M","E","?","$","R","BOSS"],"build_version":"2019-07-01","purchased_purges":1,"victory":false,"max_hp_per_floor":[75,75,75,75,75,75,75,75,75,75,75,75,75,75,75,75,75,75,75,75,75,75,75,75,75,75,75,75,75,75,75,75,75,75,75,71,71,71,71,71,71,71,71,71,71,71,71,71,71,71],"card_choices":[{"not_picked":["Coolheaded","Chaos"],"picked":"Genetic Algorithm","floor":1},{"not_picked":["Lockon","Steam"],"picked":"Hello World","floor":6},{"not_picked":["Barrage","Redo"],"picked":"Ball Lightning","floor":10},{"not_picked":["Turbo","Redo"],"picked":"Go for the Eyes","floor":13},{"not_picked":["Compile Driver","Force Field"],"picked":"Creative AI+1","floor":14},{"not_picked":["Biased Cognition+1","Hyperbeam"],"picked":"Buffer+1","floor":16},{"not_picked":["Barrage","Streamline"],"picked":"Skim","floor":18},{"not_picked":["Go for the Eyes","Beam Cell+1"],"picked":"Capacitor+1","floor":19},{"not_picked":["Redo","Conserve Battery+1"],"picked":"BootSequence","floor":21},{"not_picked":["Redo+1","Ball Lightning"],"picked":"Coolheaded","floor":23},{"not_picked":["Ball Lightning+1","Leap+1"],"picked":"Chill","floor":25},{"not_picked":["Hologram","Sweeping Beam","Beam Cell"],"picked":"SKIP","floor":27},{"not_picked":["Cold Snap+1","Core Surge"],"picked":"Heatsinks+1","floor":29},{"not_picked":["Heatsinks+1","Rebound+1","Barrage"],"picked":"SKIP","floor":31},{"not_picked":["Hyperbeam","Fission"],"picked":"Electrodynamics+1","floor":33},{"not_picked":[],"picked":"Undo","floor":35},{"not_picked":[],"picked":"Conserve Battery+1","floor":45},{"not_picked":["Meteor Strike"],"picked":"SKIP","floor":46}],"player_experience":621057,"relics_obtained":[{"floor":5,"key":"Anchor"},{"floor":6,"key":"Frozen Egg 2"},{"floor":9,"key":"Matryoshka"},{"floor":26,"key":"Ornamental Fan"},{"floor":26,"key":"Dodecahedron"},{"floor":31,"key":"Bag of Preparation"},{"floor":43,"key":"Art of War"},{"floor":46,"key":"Turnip"}],"event_choices":[{"damage_healed":0,"gold_gain":0,"player_choice":"Ignored","damage_taken":0,"max_hp_gain":0,"max_hp_loss":0,"event_name":"Liars Game","floor":2,"gold_loss":0},{"damage_healed":18,"gold_gain":0,"player_choice":"Healed","damage_taken":0,"max_hp_gain":0,"max_hp_loss":0,"event_name":"The Cleric","floor":4,"gold_loss":35},{"damage_healed":0,"gold_gain":0,"player_choice":"Searched \u00271\u0027 times","damage_taken":0,"max_hp_gain":0,"max_hp_loss":0,"event_name":"Dead Adventurer","floor":7,"gold_loss":0},{"damage_healed":0,"gold_gain":0,"player_choice":"Entered Light","damage_taken":15,"max_hp_gain":0,"max_hp_loss":0,"event_name":"Shining Light","floor":12,"gold_loss":0,"cards_upgraded":["Genetic Algorithm","Zap"]},{"cards_removed":["Strike_B"],"damage_healed":0,"gold_gain":0,"player_choice":"Gave Gold","damage_taken":0,"max_hp_gain":0,"max_hp_loss":0,"event_name":"Beggar","floor":20,"gold_loss":75},{"damage_healed":0,"gold_gain":0,"player_choice":"Got Potions","damage_taken":0,"max_hp_gain":0,"max_hp_loss":0,"event_name":"Lab","floor":22,"gold_loss":0},{"damage_healed":0,"gold_gain":0,"player_choice":"Max HP","damage_taken":0,"max_hp_gain":0,"max_hp_loss":4,"event_name":"Winding Halls","floor":36,"gold_loss":0},{"damage_healed":0,"gold_gain":0,"player_choice":"Ignored","damage_taken":0,"max_hp_gain":0,"max_hp_loss":0,"event_name":"Mysterious Sphere","floor":37,"gold_loss":0},{"damage_healed":0,"gold_gain":0,"player_choice":"Ignored","damage_taken":0,"max_hp_gain":0,"max_hp_loss":0,"event_name":"Tomb of Lord Red Mask","floor":39,"gold_loss":0},{"damage_healed":0,"gold_gain":0,"player_choice":"Memory 1","damage_taken":0,"max_hp_gain":0,"max_hp_loss":0,"event_name":"SensoryStone","floor":41,"gold_loss":0}],"is_beta":false,"boss_relics":[{"not_picked":["Empty Cage","Runic Dome"],"picked":"Astrolabe"},{"not_picked":["Calling Bell","Pandora\u0027s Box"],"picked":"Busted Crown"}],"items_purged_floors":[24],"is_endless":false,"potions_floor_spawned":[10,16,21,23,27,31,33,35,46],"killed_by":"Awakened One","ascension_level":0}