{"gold_per_floor":[109,123,123,138,138,171,37,37,106,138,138,170,186,186,186,281,281,292,309,259,271,56,56,70,70,148,182,182,192,192,204,204,204],"floor_reached":33,"playtime":2077,"items_purged":[],"score":341,"play_id":"dfcfb699-1e01-4a2d-b079-5f749a667180","local_time":"20190618220435","is_ascension_mode":true,"campfire_choices":[{"data":"Glass Knife","floor":8,"key":"SMITH"},{"data":"Tactician","floor":11,"key":"SMITH"},{"data":"Neutralize","floor":15,"key":"SMITH"},{"data":"Glass Knife","floor":23,"key":"SMITH"},{"floor":25,"key":"RECALL"},{"floor":28,"key":"REST"},{"floor":32,"key":"REST"}],"neow_cost":"NONE","seed_source_timestamp":549061028871630,"circlet_count":0,"master_deck":["Survivor","Neutralize+1","Flying Knee","Terror+1","Glass Knife+1","Unload","Tactician+1","Dagger Spray","Cloak And Dagger","Quick Slash","Glass Knife+1","Escape Plan","Malaise","Quick Slash","Backflip","Bane","Underhanded Strike","Calculated Gamble","Choke","Dash","Reflex","Underhanded Strike","Footwork","Accuracy","Envenom","Dagger Throw+1","Backstab","Venomology"],"relics":["Ring of the Snake","MawBank","Bag of Preparation","Darkstone Periapt","Letter Opener","Pandora\u0027s Box","Lantern","Bottled Lightning","Centennial Puzzle","MutagenicStrength"],"potions_floor_usage":[0,10,16,27,33,33],"damage_taken":[{"damage":4,"enemies":"2 Louse","floor":1,"turns":4},{"damage":1,"enemies":"Jaw Worm","floor":2,"turns":5},{"damage":0,"enemies":"Cultist","floor":4,"turns":3},{"damage":12,"enemies":"3 Sentries","floor":6,"turns":8},{"damage":3,"enemies":"Lagavulin","floor":10,"turns":4},{"damage":0,"enemies":"Gremlin Nob","floor":12,"turns":2},{"damage":0,"enemies":"Large Slime","floor":13,"turns":3},{"damage":18,"enemies":"The Guardian","floor":16,"turns":9},{"damage":11,"enemies":"2 Thieves","floor":18,"turns":3},{"damage":0,"enemies":"Chosen","floor":19,"turns":1},{"damage":15,"enemies":"Centurion and Healer","floor":21,"turns":3},{"damage":0,"enemies":"3 Cultists","floor":24,"turns":4},{"damage":37,"enemies":"Gremlin Leader","floor":27,"turns":5},{"damage":10,"enemies":"Shelled Parasite and Fungi","floor":29,"turns":2},{"damage":0,"enemies":"Snecko","floor":31,"turns":1},{"damage":50,"enemies":"Champ","floor":33,"turns":10}],"seed_played":"1514127425022017883","potions_obtained":[{"floor":0,"key":"Fruit Juice"},{"floor":0,"key":"GhostInAJar"},{"floor":0,"key":"LiquidBronze"},{"floor":1,"key":"Ancient Potion"},{"floor":10,"key":"Ancient Potion"},{"floor":18,"key":"SmokeBomb"},{"floor":24,"key":"Energy Potion"},{"floor":27,"key":"Fire Potion"}],"is_trial":false,"path_per_floor":["M","M","?","M","?","E","$","R","T","E","R","E","M","?","R","B",null,"M","M","?","M","$","R","M","R","T","E","R","M","?","M","R","B"],"character_chosen":"THE_SILENT","items_purchased":["Bag of Preparation","Lantern","Accuracy"],"campfire_rested":2,"item_purchase_floors":[7,22,22],"current_hp_per_floor":[71,70,70,70,70,58,58,58,58,55,55,55,55,55,55,37,75,64,64,64,49,49,49,49,49,49,12,34,24,24,24,46,0],"gold":204,"neow_bonus":"THREE_SMALL_POTIONS","is_prod":false,"is_daily":false,"chose_seed":false,"campfire_upgraded":4,"win_rate":0,"timestamp":1560920675,"path_taken":["M","M","?","M","?","E","$","R","T","E","R","E","?","?","R","BOSS","M","M","?","?","$","R","?","R","T","E","R","M","?","M","R","BOSS"],"build_version":"2019-01-23","purchased_purges":0,"victory":false,"max_hp_per_floor":[75,75,75,75,75,75,75,75,75,75,75,75,75,75,75,75,75,75,75,75,75,75,75,75,75,75,75,75,75,75,75,75,75],"card_choices":[{"not_picked":["Underhanded Strike","Outmaneuver"],"picked":"Flying Knee","floor":1},{"not_picked":["Escape Plan","Deadly Poison"],"picked":"Terror","floor":2},{"not_picked":["Sucker Punch","Concentrate"],"picked":"Glass Knife","floor":4},{"not_picked":["Acrobatics","Blade Dance"],"picked":"Tactician","floor":6},{"not_picked":["Eviscerate","Heel Hook"],"picked":"Dagger Spray","floor":10},{"not_picked":["Bane","Dagger Spray"],"picked":"Cloak And Dagger","floor":12},{"not_picked":["Deflect","Bane"],"picked":"Quick Slash","floor":13},{"not_picked":["Phantasmal Killer","Corpse Explosion"],"picked":"Glass Knife","floor":16},{"not_picked":["Slice","Dagger Throw+1"],"picked":"Reflex","floor":18},{"not_picked":["Sucker Punch+1","Dagger Spray+1"],"picked":"Underhanded Strike","floor":19},{"not_picked":["Quick Slash","Outmaneuver"],"picked":"Footwork","floor":21},{"not_picked":["Deadly Poison+1","Predator"],"picked":"Envenom","floor":24},{"not_picked":["Tactician","Expertise"],"picked":"Dagger Throw+1","floor":27},{"not_picked":["Flying Knee","Acrobatics"],"picked":"Backstab","floor":29},{"not_picked":["Choke","Poisoned Stab"],"picked":"Venomology","floor":31}],"player_experience":303069,"relics_obtained":[{"floor":6,"key":"MawBank"},{"floor":10,"key":"Darkstone Periapt"},{"floor":12,"key":"Letter Opener"},{"floor":26,"key":"Bottled Lightning"},{"floor":27,"key":"Centennial Puzzle"}],"event_choices":[{"damage_healed":0,"gold_gain":0,"player_choice":"Ignored","damage_taken":0,"max_hp_gain":0,"max_hp_loss":0,"event_name":"Golden Wing","floor":3,"gold_loss":0},{"damage_healed":0,"gold_gain":0,"cards_transformed":["Strike_G"],"player_choice":"Transformed","damage_taken":0,"max_hp_gain":0,"max_hp_loss":0,"event_name":"Transmorgrifier","floor":5,"gold_loss":0,"cards_obtained":["Unload"]},{"damage_healed":0,"gold_gain":0,"player_choice":"Upgraded","damage_taken":0,"max_hp_gain":0,"max_hp_loss":0,"event_name":"Upgrade Shrine","floor":14,"gold_loss":0,"cards_upgraded":["Terror"]},{"damage_healed":0,"gold_gain":0,"player_choice":"Bet on Murderer","damage_taken":0,"max_hp_gain":0,"max_hp_loss":0,"event_name":"The Joust","floor":20,"gold_loss":50},{"damage_healed":0,"gold_gain":0,"player_choice":"Inject Mutagens","damage_taken":0,"relics_obtained":["MutagenicStrength"],"max_hp_gain":0,"max_hp_loss":0,"event_name":"Drug Dealer","floor":30,"gold_loss":0}],"is_beta":false,"boss_relics":[{"not_picked":["Empty Cage","WristBlade"],"picked":"Pandora\u0027s Box"}],"items_purged_floors":[],"is_endless":false,"potions_floor_spawned":[1,6,10,18,24,27],"killed_by":"Champ","ascension_level":2}