{"gold_per_floor":[113,124,143,153,172,206,206,206,206,206,220,220,239,249,249,345,345,362,382,342,356,367,367,367,367,392,406,406],"floor_reached":28,"playtime":2080,"items_purged":[],"score":237,"play_id":"e662d12b-d172-4a2b-a329-2800c0305d02","local_time":"20190612151210","is_ascension_mode":true,"campfire_choices":[{"floor":7,"key":"REST"},{"floor":10,"key":"REST"},{"data":"Bullet Time","floor":12,"key":"SMITH"},{"floor":15,"key":"REST"},{"data":"Catalyst","floor":23,"key":"SMITH"},{"data":"Reflex","floor":25,"key":"SMITH"}],"neow_cost":"NONE","seed_source_timestamp":5893654281123,"circlet_count":0,"master_deck":["Defend_G","Defend_G","Defend_G","Defend_G","Defend_G","Strike_G","Strike_G","Strike_G","Strike_G","Strike_G","Survivor","Neutralize","Bullet Time+1","Backflip","Acrobatics","Accuracy","Dodge and Roll","Die Die Die","Unload","Deadly Poison","Infinite Blades","Reflex+1","PiercingWail","Bane","Blur","Corpse Explosion","Quick Slash","Outmaneuver","Blur","Blade Dance","Catalyst+1","Dagger Throw"],"relics":["Ring of the Snake","Dream Catcher","Dodecahedron","Shuriken","Busted Crown","Bronze Scales"],"potions_floor_usage":[5,14,16,18,19,21,21,27,28],"damage_taken":[{"damage":2,"enemies":"Jaw Worm","floor":1,"turns":4},{"damage":0,"enemies":"Small Slimes","floor":2,"turns":3},{"damage":5,"enemies":"Cultist","floor":3,"turns":6},{"damage":9,"enemies":"Exordium Thugs","floor":4,"turns":9},{"damage":1,"enemies":"Large Slime","floor":5,"turns":11},{"damage":47,"enemies":"Gremlin Nob","floor":6,"turns":6},{"damage":5,"enemies":"Blue Slaver","floor":11,"turns":5},{"damage":0,"enemies":"Exordium Wildlife","floor":13,"turns":1},{"damage":0,"enemies":"3 Louse","floor":14,"turns":1},{"damage":25,"enemies":"Hexaghost","floor":16,"turns":12},{"damage":0,"enemies":"Spheric Guardian","floor":18,"turns":3},{"damage":0,"enemies":"Shell Parasite","floor":19,"turns":6},{"damage":17,"enemies":"Sentry and Sphere","floor":21,"turns":6},{"damage":5,"enemies":"Snake Plant","floor":22,"turns":5},{"damage":44,"enemies":"Snecko","floor":27,"turns":6},{"damage":5,"enemies":"Book of Stabbing","floor":28,"turns":1}],"seed_played":"-7953251418159335730","potions_obtained":[{"floor":2,"key":"Dexterity Potion"},{"floor":4,"key":"SpeedPotion"},{"floor":5,"key":"Energy Potion"},{"floor":11,"key":"Explosive Potion"},{"floor":14,"key":"GhostInAJar"},{"floor":16,"key":"GhostInAJar"},{"floor":18,"key":"Energy Potion"},{"floor":19,"key":"Poison Potion"},{"floor":27,"key":"Dexterity Potion"}],"is_trial":false,"path_per_floor":["M","M","M","M","M","E","R","?","T","R","M","R","M","M","R","B",null,"M","M","$","M","M","R","?","R","T","M","E"],"character_chosen":"THE_SILENT","items_purchased":["Blur"],"campfire_rested":3,"item_purchase_floors":[20],"current_hp_per_floor":[68,68,63,54,53,6,27,24,24,45,40,40,40,40,61,36,70,70,70,70,53,48,48,48,48,48,4,0],"gold":406,"neow_bonus":"ONE_RANDOM_RARE_CARD","is_prod":false,"is_daily":false,"chose_seed":false,"campfire_upgraded":3,"win_rate":0,"timestamp":1560377530,"path_taken":["M","M","M","M","M","E","R","?","T","R","M","R","M","M","R","BOSS","M","M","$","M","M","R","?","R","T","M","E"],"build_version":"2019-01-23","purchased_purges":0,"victory":false,"max_hp_per_floor":[70,70,70,70,70,70,70,70,70,70,70,70,70,70,70,70,70,70,70,70,70,70,70,70,70,70,70,70],"card_choices":[{"not_picked":["Dodge and Roll","Bane"],"picked":"Backflip","floor":1},{"not_picked":["Crippling Poison","Backflip"],"picked":"Acrobatics","floor":2},{"not_picked":["Skewer","Sucker Punch"],"picked":"Accuracy","floor":3},{"not_picked":["Dagger Spray","Bane"],"picked":"Dodge and Roll","floor":4},{"not_picked":["Quick Slash","Deflect"],"picked":"Die Die Die","floor":5},{"not_picked":["Dagger Spray","Underhanded Strike"],"picked":"Unload","floor":6},{"not_picked":["Dagger Spray","Slice"],"picked":"Deadly Poison","floor":7},{"not_picked":["Sucker Punch","Dodge and Roll"],"picked":"Infinite Blades","floor":10},{"not_picked":["Dagger Throw","Slice"],"picked":"Reflex","floor":11},{"not_picked":["Night Terror","Well Laid Plans"],"picked":"PiercingWail","floor":13},{"not_picked":["Skewer","Outmaneuver"],"picked":"Bane","floor":14},{"not_picked":["Bouncing Flask","Flying Knee"],"picked":"Blur","floor":15},{"not_picked":["Envenom","Glass Knife"],"picked":"Corpse Explosion","floor":16},{"not_picked":[],"picked":"Quick Slash","floor":18},{"not_picked":[],"picked":"Outmaneuver","floor":19},{"not_picked":[],"picked":"Blade Dance","floor":21},{"not_picked":[],"picked":"Catalyst","floor":22},{"not_picked":[],"picked":"Dagger Throw","floor":27}],"player_experience":188528,"relics_obtained":[{"floor":6,"key":"Dream Catcher"},{"floor":9,"key":"Shuriken"},{"floor":26,"key":"Bronze Scales"}],"event_choices":[{"damage_healed":0,"gold_gain":0,"player_choice":"Success","damage_taken":3,"relics_obtained":["Dodecahedron"],"max_hp_gain":0,"max_hp_loss":0,"event_name":"Scrap Ooze","floor":8,"gold_loss":0},{"damage_healed":0,"gold_gain":0,"player_choice":"Ignored","damage_taken":0,"max_hp_gain":0,"max_hp_loss":0,"event_name":"Beggar","floor":24,"gold_loss":0}],"is_beta":false,"boss_relics":[{"not_picked":["Astrolabe","Calling Bell"],"picked":"Busted Crown"}],"items_purged_floors":[],"is_endless":false,"potions_floor_spawned":[2,4,5,11,14,16,18,19,27],"killed_by":"Book of Stabbing","ascension_level":1}