{"gold_per_floor":[109,34,48,48,48,48,82,82,106,106,106,137,62,77,77,153,153,166,166,1,13,25,25,53,0,52,52,52,72,98,114,114,188,188,205,48,48,61,61,61,93,105,177,177,26,26,26,126,126,126],"floor_reached":51,"playtime":1973,"items_purged":["Pain","Defend_R","Strike_R"],"score":1365,"play_id":"479d5707-c851-466a-ada6-99f4e3d70b17","local_time":"20190406143837","is_ascension_mode":true,"campfire_choices":[{"floor":6,"key":"REST"},{"floor":10,"key":"REST"},{"floor":15,"key":"REST"},{"data":"Discovery","floor":23,"key":"SMITH"},{"data":"Uppercut","floor":27,"key":"SMITH"},{"data":"Flame Barrier","floor":32,"key":"SMITH"},{"data":"1","floor":40,"key":"LIFT"},{"data":"2","floor":46,"key":"LIFT"},{"data":"3","floor":49,"key":"LIFT"}],"neow_cost":"NONE","seed_source_timestamp":136530348432867,"circlet_count":0,"master_deck":["AscendersBane","Strike_R","Strike_R+1","Defend_R+1","Defend_R+1","Defend_R+1","Bash","Flame Barrier+1","Headbutt","Corruption","Uppercut+1","Inflame","Battle Trance","Reaper","Flame Barrier+1","Necronomicurse","Discovery+1","Ghostly Armor","Feel No Pain","Immolate","Shrug It Off","HandOfGreed","Shrug It Off"],"relics":["Burning Blood","Lantern","War Paint","Juzu Bracelet","WarpedTongs","Girya","Snecko Eye","Necronomicon","Bronze Scales","Shuriken","Bag of Marbles","Pocketwatch","Fusion Hammer","Bag of Preparation","Bottled Lightning","Calipers"],"potions_floor_usage":[12,12,22,24,35,50],"damage_taken":[{"damage":10,"enemies":"Small Slimes","floor":1,"turns":5},{"damage":0,"enemies":"2 Louse","floor":3,"turns":3},{"damage":52,"enemies":"Lagavulin","floor":7,"turns":7},{"damage":33,"enemies":"Gremlin Nob","floor":12,"turns":4},{"damage":6,"enemies":"Cultist","floor":14,"turns":4},{"damage":24,"enemies":"Slime Boss","floor":16,"turns":10},{"damage":18,"enemies":"Spheric Guardian","floor":18,"turns":5},{"damage":0,"enemies":"Chosen","floor":21,"turns":2},{"damage":0,"enemies":"Centurion and Healer","floor":22,"turns":6},{"damage":32,"enemies":"Slavers","floor":24,"turns":5},{"damage":15,"enemies":"Snake Plant","floor":29,"turns":3},{"damage":11,"enemies":"Gremlin Leader","floor":30,"turns":4},{"damage":22,"enemies":"3 Cultists","floor":31,"turns":5},{"damage":43,"enemies":"Automaton","floor":33,"turns":9},{"damage":15,"enemies":"3 Darklings","floor":35,"turns":3},{"damage":0,"enemies":"Orb Walker","floor":38,"turns":1},{"damage":0,"enemies":"Reptomancer","floor":41,"turns":4},{"damage":0,"enemies":"Jaw Worm Horde","floor":42,"turns":3},{"damage":0,"enemies":"Mind Bloom Boss Battle","floor":48,"turns":4},{"damage":22,"enemies":"Time Eater","floor":50,"turns":6}],"seed_played":"-8835422663868130213","potions_obtained":[{"floor":7,"key":"PowerPotion"},{"floor":8,"key":"Strength Potion"},{"floor":16,"key":"Swift Potion"},{"floor":18,"key":"GamblersBrew"},{"floor":33,"key":"Explosive Potion"},{"floor":42,"key":"EssenceOfSteel"},{"floor":48,"key":"PowerPotion"}],"is_trial":false,"path_per_floor":["M","?","M","?","?","R","E","?","T","R","?","E","$","M","R","B",null,"M","?","$","M","M","R","E","?","T","R","?","M","E","M","R","B",null,"M","$","?","M","?","R","E","M","T","?","$","R","?","?","R","B",null],"character_chosen":"IRONCLAD","items_purchased":["Inflame","Discovery","Swift Potion","Shrug It Off"],"campfire_rested":3,"item_purchase_floors":[13,20,36,45],"current_hp_per_floor":[64,64,70,70,47,69,23,23,23,45,45,18,18,18,40,22,62,50,29,29,41,65,65,72,72,72,72,72,70,75,71,71,53,70,61,61,61,67,67,67,71,71,71,71,71,71,71,71,71,55],"gold":126,"neow_bonus":"RANDOM_COMMON_RELIC","is_prod":false,"is_daily":false,"chose_seed":false,"campfire_upgraded":3,"win_rate":0,"timestamp":1554575917,"path_taken":["M","?","M","?","?","R","E","?","T","R","?","E","?","M","R","BOSS","M","?","$","M","M","R","E","?","T","R","?","M","E","M","R","BOSS","M","$","?","M","?","R","E","M","T","?","$","R","?","?","R","BOSS"],"build_version":"2019-01-23","purchased_purges":3,"victory":true,"max_hp_per_floor":[75,75,75,75,75,75,75,75,75,75,75,75,75,75,75,75,75,75,75,75,75,75,75,75,75,75,75,75,75,75,75,75,75,75,75,75,71,71,71,71,71,71,71,71,71,71,71,71,71,71],"card_choices":[{"not_picked":["True Grit","Cleave"],"picked":"Flame Barrier","floor":1},{"not_picked":["Perfected Strike","Hemokinesis"],"picked":"Headbutt","floor":3},{"not_picked":["Twin Strike","Clash"],"picked":"Corruption","floor":7},{"not_picked":["Barricade","Reckless Charge"],"picked":"Uppercut","floor":12},{"not_picked":["Anger","Clash"],"picked":"Battle Trance","floor":14},{"not_picked":["Barricade","Brutality"],"picked":"Reaper","floor":16},{"not_picked":["Shrug It Off","Cleave"],"picked":"Flame Barrier","floor":18},{"not_picked":["Feel No Pain+1","Thunderclap"],"picked":"Ghostly Armor","floor":21},{"not_picked":["Iron Wave","Hemokinesis","Rupture"],"picked":"SKIP","floor":22},{"not_picked":["Headbutt","Sentinel","Flex"],"picked":"SKIP","floor":24},{"not_picked":["Wild Strike","Battle Trance"],"picked":"Feel No Pain","floor":29},{"not_picked":["Warcry","Bloodletting+1","True Grit"],"picked":"SKIP","floor":30},{"not_picked":["Rage","Heavy Blade+1","Sword Boomerang"],"picked":"SKIP","floor":31},{"not_picked":["Double Tap","Barricade"],"picked":"Immolate","floor":33},{"not_picked":["Ghostly Armor","Hemokinesis","Sever Soul+1"],"picked":"SKIP","floor":35},{"not_picked":["Headbutt","Blood for Blood"],"picked":"Shrug It Off","floor":38},{"not_picked":["Body Slam+1","Pommel Strike","Intimidate"],"picked":"SKIP","floor":41},{"not_picked":["Flex+1","Intimidate","Warcry+1"],"picked":"SKIP","floor":42},{"not_picked":["Good Instincts","Dramatic Entrance"],"picked":"HandOfGreed","floor":44}],"player_experience":357554,"relics_obtained":[{"floor":7,"key":"War Paint"},{"floor":9,"key":"Juzu Bracelet"},{"floor":12,"key":"Girya"},{"floor":19,"key":"Necronomicon"},{"floor":24,"key":"Bronze Scales"},{"floor":26,"key":"Bag of Marbles"},{"floor":30,"key":"Pocketwatch"},{"floor":41,"key":"Bag of Preparation"},{"floor":43,"key":"Bottled Lightning"},{"floor":48,"key":"Calipers"}],"event_choices":[{"cards_removed":["Strike_R"],"damage_healed":0,"gold_gain":0,"player_choice":"Card Removal","damage_taken":0,"max_hp_gain":0,"max_hp_loss":0,"event_name":"The Cleric","floor":2,"gold_loss":75},{"damage_healed":0,"gold_gain":0,"player_choice":"Grow","damage_taken":0,"max_hp_gain":0,"max_hp_loss":0,"event_name":"Living Wall","floor":4,"gold_loss":0,"cards_upgraded":["Flame Barrier"]},{"damage_healed":0,"gold_gain":0,"player_choice":"Entered Light","damage_taken":23,"max_hp_gain":0,"max_hp_loss":0,"event_name":"Shining Light","floor":5,"gold_loss":0,"cards_upgraded":["Defend_R","Strike_R"]},{"damage_healed":0,"gold_gain":0,"player_choice":"Got Potions","damage_taken":0,"max_hp_gain":0,"max_hp_loss":0,"event_name":"Lab","floor":8,"gold_loss":0},{"damage_healed":0,"gold_gain":0,"player_choice":"Rummage","damage_taken":0,"relics_obtained":["WarpedTongs"],"max_hp_gain":0,"max_hp_loss":0,"event_name":"Accursed Blacksmith","floor":11,"gold_loss":0,"cards_obtained":["Pain"]},{"damage_healed":0,"gold_gain":0,"player_choice":"Obtained Book","damage_taken":21,"max_hp_gain":0,"max_hp_loss":0,"event_name":"Cursed Tome","floor":19,"gold_loss":0},{"damage_healed":0,"gold_gain":0,"player_choice":"Paid Gold","damage_taken":0,"relics_obtained":["Shuriken"],"max_hp_gain":0,"max_hp_loss":0,"event_name":"WeMeetAgain","floor":25,"gold_loss":53},{"damage_healed":0,"gold_gain":0,"player_choice":"Ignored","damage_taken":0,"max_hp_gain":0,"max_hp_loss":0,"event_name":"Ghosts","floor":28,"gold_loss":0},{"damage_healed":0,"gold_gain":0,"player_choice":"Max HP","damage_taken":0,"max_hp_gain":0,"max_hp_loss":4,"event_name":"Winding Halls","floor":37,"gold_loss":0},{"cards_removed":["Strike_R"],"damage_healed":0,"gold_gain":0,"player_choice":"Card Removal","damage_taken":0,"max_hp_gain":0,"max_hp_loss":0,"event_name":"Wheel of Change","floor":39,"gold_loss":0},{"damage_healed":0,"gold_gain":0,"player_choice":"Memory 1","damage_taken":0,"max_hp_gain":0,"max_hp_loss":0,"event_name":"SensoryStone","floor":44,"gold_loss":0},{"damage_healed":0,"gold_gain":0,"player_choice":"Ignored","damage_taken":0,"max_hp_gain":0,"max_hp_loss":0,"event_name":"Mysterious Sphere","floor":47,"gold_loss":0},{"damage_healed":0,"gold_gain":0,"player_choice":"Fight","damage_taken":0,"max_hp_gain":0,"max_hp_loss":0,"event_name":"MindBloom","floor":48,"gold_loss":0}],"is_beta":false,"boss_relics":[{"not_picked":["Pandora\u0027s Box","White Beast Statue"],"picked":"Snecko Eye"},{"not_picked":["Velvet Choker","Eternal Feather"],"picked":"Fusion Hammer"}],"items_purged_floors":[20,36,45],"is_endless":false,"potions_floor_spawned":[7,16,18,33,42,48],"ascension_level":18}