{"gold_per_floor":[117,127,138,101,26,53,80,80,80,110,110,110,110,110,110,110],"floor_reached":16,"playtime":463,"items_purged":["Strike_R"],"score":191,"play_id":"2bc84eb6-37dc-45da-9bdf-9f3a7fc86b17","local_time":"20190328210630","is_ascension_mode":true,"campfire_choices":[{"floor":11,"key":"REST"},{"data":"Bash","floor":13,"key":"SMITH"},{"floor":15,"key":"REST"}],"neow_cost":"NONE","seed_source_timestamp":679656354263283,"circlet_count":0,"master_deck":["AscendersBane","Strike_R","Strike_R","Strike_R","Defend_R","Defend_R","Defend_R","Defend_R","Bash+1","Body Slam+1","Armaments","Clothesline","Impervious","Feel No Pain","Double Tap"],"relics":["Burning Blood","Molten Egg 2","Odd Mushroom","Shuriken","Potion Belt","Golden Idol"],"potions_floor_usage":[6,16],"damage_taken":[{"damage":7,"enemies":"Jaw Worm","floor":1,"turns":6},{"damage":3,"enemies":"2 Louse","floor":2,"turns":3},{"damage":7,"enemies":"Small Slimes","floor":3,"turns":3},{"damage":20,"enemies":"Lagavulin","floor":6,"turns":6},{"damage":38,"enemies":"The Mushroom Lair","floor":7,"turns":7},{"damage":6,"enemies":"Gremlin Nob","floor":10,"turns":4},{"damage":72,"enemies":"Hexaghost","floor":16,"turns":9}],"seed_played":"7294589935497559755","potions_obtained":[{"floor":2,"key":"Fire Potion"},{"floor":10,"key":"BloodPotion"}],"is_trial":false,"path_per_floor":["M","M","M","?","$","E","?","?","T","E","R","?","R","?","R","B"],"character_chosen":"IRONCLAD","items_purchased":[],"campfire_rested":2,"item_purchase_floors":[],"current_hp_per_floor":[67,70,69,69,69,55,23,23,23,23,45,45,45,45,65,0],"gold":110,"neow_bonus":"TRANSFORM_CARD","is_prod":false,"is_daily":false,"chose_seed":false,"campfire_upgraded":1,"win_rate":0,"timestamp":1553821590,"path_taken":["M","M","M","?","$","E","?","?","T","E","R","?","R","?","R","BOSS"],"build_version":"2019-01-23","purchased_purges":1,"victory":false,"max_hp_per_floor":[75,75,75,75,75,75,75,75,75,75,75,75,75,68,68,68],"card_choices":[{"not_picked":["Flex","Combust"],"picked":"Armaments","floor":1},{"not_picked":["True Grit","Second Wind"],"picked":"Clothesline","floor":2},{"not_picked":["Inflame","Spot Weakness"],"picked":"Impervious","floor":3},{"not_picked":["Thunderclap","Clothesline"],"picked":"Feel No Pain","floor":6},{"not_picked":["Twin Strike+1","Pommel Strike+1"],"picked":"Double Tap","floor":10}],"player_experience":334992,"relics_obtained":[{"floor":6,"key":"Molten Egg 2"},{"floor":7,"key":"Odd Mushroom"},{"floor":9,"key":"Shuriken"},{"floor":10,"key":"Potion Belt"}],"event_choices":[{"damage_healed":0,"gold_gain":0,"player_choice":"Left Gold","damage_taken":0,"max_hp_gain":0,"max_hp_loss":0,"event_name":"World of Goop","floor":4,"gold_loss":37},{"damage_healed":0,"gold_gain":0,"player_choice":"Fought Mushrooms","damage_taken":0,"max_hp_gain":0,"max_hp_loss":0,"event_name":"Mushrooms","floor":7,"gold_loss":0},{"damage_healed":0,"gold_gain":0,"player_choice":"Grow","damage_taken":0,"max_hp_gain":0,"max_hp_loss":0,"event_name":"Living Wall","floor":8,"gold_loss":0,"cards_upgraded":["Body Slam"]},{"damage_healed":0,"gold_gain":0,"player_choice":"Ignored","damage_taken":0,"max_hp_gain":0,"max_hp_loss":0,"event_name":"Liars Game","floor":12,"gold_loss":0},{"damage_healed":0,"gold_gain":0,"player_choice":"Lose Max HP","damage_taken":0,"relics_obtained":["Golden Idol"],"max_hp_gain":0,"max_hp_loss":7,"event_name":"Golden Idol","floor":14,"gold_loss":0}],"is_beta":false,"boss_relics":[],"items_purged_floors":[5],"is_endless":false,"potions_floor_spawned":[2,10],"killed_by":"Hexaghost","ascension_level":16}