{"gold_per_floor":[109,109,134,159,184,184,520,520,520,520,536,556,556,347,347,468,468,489,509,523,500,515,556,556,556,556,569,569,569],"floor_reached":29,"playtime":2239,"items_purged":["Strike_B"],"score":272,"play_id":"986c737d-6c6b-4af5-8dff-2f0a3eba3712","local_time":"20190629112211","is_ascension_mode":false,"campfire_choices":[{"floor":6,"key":"REST"},{"floor":8,"key":"REST"},{"data":"1","floor":10,"key":"LIFT"},{"data":"2","floor":15,"key":"LIFT"},{"floor":24,"key":"REST"}],"neow_cost":"NONE","seed_source_timestamp":55103634468836,"circlet_count":0,"master_deck":["Strike_B","Strike_B","Strike_B","Defend_B","Defend_B","Defend_B","Defend_B","Zap","Dualcast","Skim","Ball Lightning","Aggregate","Cold Snap","Leap","Stack","Ball Lightning","Cold Snap","Static Discharge","Echo Form","BootSequence+1","Barrage+1","Leap","Cold Snap","Go for the Eyes+1","Electrodynamics","Cold Snap","Auto Shields"],"relics":["Fusion Hammer","Bloody Idol","Old Coin","Girya","Black Star","Matryoshka","Prayer Wheel","Letter Opener","Anchor"],"potions_floor_usage":[16,29],"damage_taken":[{"damage":6,"enemies":"Jaw Worm","floor":1,"turns":3},{"damage":3,"enemies":"Small Slimes","floor":3,"turns":3},{"damage":1,"enemies":"Cultist","floor":4,"turns":3},{"damage":12,"enemies":"Large Slime","floor":5,"turns":4},{"damage":23,"enemies":"3 Sentries","floor":7,"turns":8},{"damage":3,"enemies":"3 Louse","floor":11,"turns":3},{"damage":8,"enemies":"Exordium Thugs","floor":12,"turns":4},{"damage":20,"enemies":"Hexaghost","floor":16,"turns":8},{"damage":5,"enemies":"Chosen","floor":18,"turns":5},{"damage":13,"enemies":"Spheric Guardian","floor":19,"turns":3},{"damage":13,"enemies":"Chosen and Byrds","floor":20,"turns":6},{"damage":20,"enemies":"Cultist and Chosen","floor":22,"turns":6},{"damage":14,"enemies":"Gremlin Leader","floor":23,"turns":7},{"damage":22,"enemies":"Snecko","floor":27,"turns":5},{"damage":6,"enemies":"Colosseum Slavers","floor":28,"turns":4},{"damage":10,"enemies":"Snake Plant","floor":29,"turns":4}],"seed_played":"-5824524978770625863","potions_obtained":[{"floor":3,"key":"PowerPotion"},{"floor":4,"key":"LiquidBronze"},{"floor":5,"key":"FocusPotion"},{"floor":18,"key":"Explosive Potion"},{"floor":19,"key":"FocusPotion"}],"is_trial":false,"path_per_floor":["M","?","M","M","M","R","E","R","T","R","M","M","?","$","R","B",null,"M","M","M","$","M","E","R","?","T","M","?","M"],"character_chosen":"DEFECT","items_purchased":["Cold Snap","Static Discharge","Cold Snap"],"campfire_rested":3,"item_purchase_floors":[14,14,21],"current_hp_per_floor":[69,69,66,65,53,75,52,74,74,74,71,63,63,63,63,43,75,70,57,44,44,24,10,32,32,32,15,9,0],"gold":569,"neow_bonus":"BOSS_RELIC","is_prod":false,"is_daily":false,"chose_seed":false,"campfire_upgraded":0,"win_rate":0.0,"timestamp":1561778531,"path_taken":["M","?","M","M","M","R","E","R","T","R","M","M","?","$","R","BOSS","M","M","?","$","M","E","R","?","T","M","?","?"],"build_version":"2019-01-23","purchased_purges":1,"victory":false,"max_hp_per_floor":[75,75,75,75,75,75,75,75,75,75,75,75,75,75,75,75,75,75,75,75,75,75,75,75,75,75,75,75,75],"card_choices":[{"not_picked":["Steam","Capacitor"],"picked":"Skim","floor":1},{"not_picked":["Melter","Leap"],"picked":"Ball Lightning","floor":3},{"not_picked":["Beam Cell","Gash"],"picked":"Aggregate","floor":4},{"not_picked":["Steam","Force Field"],"picked":"Cold Snap","floor":5},{"not_picked":["Sunder","Rebound"],"picked":"Leap","floor":7},{"not_picked":["Compile Driver","Aggregate"],"picked":"Stack","floor":11},{"not_picked":["Streamline","BootSequence"],"picked":"Ball Lightning","floor":12},{"not_picked":["Electrodynamics","Thunder Strike"],"picked":"Echo Form","floor":16},{"not_picked":["Compile Driver","Hologram"],"picked":"BootSequence+1","floor":18},{"not_picked":["Sunder","Steam"],"picked":"Barrage+1","floor":19},{"not_picked":["Doom and Gloom","Hologram"],"picked":"Leap","floor":20},{"not_picked":["Aggregate","Darkness"],"picked":"Go for the Eyes+1","floor":22},{"not_picked":["Redo","Sunder"],"picked":"Electrodynamics","floor":23},{"not_picked":["Redo","Ball Lightning"],"picked":"Cold Snap","floor":27},{"not_picked":["Heatsinks","Compile Driver"],"picked":"Auto Shields","floor":27}],"player_experience":38389,"relics_obtained":[{"floor":7,"key":"Old Coin"},{"floor":9,"key":"Girya"},{"floor":23,"key":"Matryoshka"},{"floor":23,"key":"Prayer Wheel"},{"floor":26,"key":"Letter Opener"},{"floor":26,"key":"Anchor"}],"event_choices":[{"damage_healed":0,"gold_gain":0,"player_choice":"Take Wound","damage_taken":0,"relics_obtained":["Golden Idol"],"max_hp_gain":0,"max_hp_loss":0,"event_name":"Golden Idol","floor":2,"gold_loss":0,"cards_obtained":["Injury"]},{"cards_removed":["Injury"],"damage_healed":0,"gold_gain":0,"player_choice":"Removed Curses","damage_taken":0,"max_hp_gain":0,"max_hp_loss":0,"event_name":"Fountain of Cleansing","floor":13,"gold_loss":0},{"damage_healed":0,"gold_gain":0,"player_choice":"Gave Idol","damage_taken":0,"relics_obtained":["Bloody Idol"],"max_hp_gain":0,"max_hp_loss":0,"event_name":"Forgotten Altar","floor":25,"relics_lost":["Golden Idol"],"gold_loss":0},{"damage_healed":0,"gold_gain":0,"player_choice":"Fight","damage_taken":0,"max_hp_gain":0,"max_hp_loss":0,"event_name":"Colosseum","floor":28,"gold_loss":0},{"damage_healed":0,"gold_gain":0,"player_choice":"Fled From Nobs","damage_taken":0,"max_hp_gain":0,"max_hp_loss":0,"event_name":"Colosseum","floor":28,"gold_loss":0}],"is_beta":false,"boss_relics":[{"not_picked":["Runic Dome","Cursed Key"],"picked":"Black Star"}],"items_purged_floors":[14],"is_endless":false,"potions_floor_spawned":[3,4,5,18,19,27],"killed_by":"Snake Plant","ascension_level":0}