{"gold_per_floor":[363,381,60,73,73,73,84,4,4,24,24,41,41,41,41,146,146,165,175,175,175,195,195,195],"floor_reached":24,"playtime":1121,"items_purged":[],"score":188,"play_id":"e16a9e87-ec58-4ce0-a2f4-6a3771b6670e","local_time":"20190705090959","is_ascension_mode":false,"campfire_choices":[{"data":"Defragment","floor":6,"key":"SMITH"},{"floor":13,"key":"REST"},{"data":"Footwork","floor":15,"key":"SMITH"},{"floor":23,"key":"REST"}],"neow_cost":"TEN_PERCENT_HP_LOSS","seed_source_timestamp":1170960811897933,"circlet_count":0,"master_deck":["Strike_B","Strike_B","Strike_B","Defend_B","Defend_B","Defend_B","Defend_B","Zap","Dualcast","Compile Driver","Ball Lightning","Defragment+1","FTL","Well Laid Plans","Sweeping Beam","Jack Of All Trades","Dark Shackles","Capacitor","Coolheaded","Footwork+1","Panacea","Wraith Form v2","Compile Driver+1","Blizzard","Conserve Battery"],"relics":["Cracked Core","PrismaticShard","Kunai","Lizard Tail"],"potions_floor_usage":[16,16,19,24],"damage_taken":[{"damage":10,"enemies":"Jaw Worm","floor":1,"turns":4},{"damage":4,"enemies":"Cultist","floor":2,"turns":4},{"damage":3,"enemies":"2 Louse","floor":4,"turns":2},{"damage":9,"enemies":"2 Fungi Beasts","floor":7,"turns":3},{"damage":21,"enemies":"Exordium Thugs","floor":10,"turns":4},{"damage":7,"enemies":"3 Louse","floor":12,"turns":4},{"damage":15,"enemies":"The Guardian","floor":16,"turns":8},{"damage":0,"enemies":"Chosen","floor":18,"turns":6},{"damage":19,"enemies":"3 Byrds","floor":19,"turns":3},{"damage":22,"enemies":"Sentry and Sphere","floor":22,"turns":8},{"damage":28,"enemies":"Slavers","floor":24,"turns":4}],"seed_played":"-7206196225469215205","potions_obtained":[{"floor":7,"key":"LiquidBronze"},{"floor":10,"key":"Fire Potion"},{"floor":12,"key":"AttackPotion"},{"floor":22,"key":"Ancient Potion"}],"is_trial":false,"path_per_floor":["M","M","$","M","?","R","M","$","T","M","$","M","R","?","R","B",null,"M","M","?","?","M","R","E"],"character_chosen":"DEFECT","items_purchased":["PrismaticShard","Defragment","FTL","Capacitor","Coolheaded"],"campfire_rested":2,"item_purchase_floors":[3,3,3,8,8],"current_hp_per_floor":[58,54,54,51,51,51,42,42,42,21,21,14,34,56,56,41,68,68,49,37,37,15,36,8],"gold":195,"neow_bonus":"TWO_FIFTY_GOLD","is_prod":false,"is_daily":false,"chose_seed":false,"campfire_upgraded":2,"win_rate":0,"timestamp":1562342999,"path_taken":["M","M","$","M","?","R","M","$","T","?","$","M","R","?","R","BOSS","M","M","?","?","M","R","E"],"build_version":"2019-07-01","purchased_purges":0,"victory":false,"max_hp_per_floor":[68,68,68,68,68,68,68,68,68,68,68,68,68,68,68,68,68,68,68,73,73,73,73,73],"card_choices":[{"not_picked":["Go for the Eyes","Steam"],"picked":"Compile Driver","floor":1},{"not_picked":["Recycle","Gash"],"picked":"Ball Lightning","floor":2},{"not_picked":["Rebound","Consume"],"picked":"Well Laid Plans","floor":4},{"not_picked":["Deflect","Sword Boomerang"],"picked":"Dark Shackles","floor":7},{"not_picked":["Barrage","Evolve"],"picked":"Footwork","floor":10},{"not_picked":["Dropkick","Flex"],"picked":"Panacea","floor":12},{"not_picked":["Mayhem","Multi-Cast"],"picked":"Wraith Form v2","floor":16},{"not_picked":["Slice","Sweeping Beam","Bloodletting"],"picked":"SKIP","floor":18},{"not_picked":["Swift Strike","Quick Slash+1"],"picked":"Compile Driver+1","floor":19},{"not_picked":["Sucker Punch","Mind Blast"],"picked":"Conserve Battery","floor":22}],"player_experience":637827,"relics_obtained":[{"floor":9,"key":"Kunai"}],"event_choices":[{"damage_healed":0,"gold_gain":0,"player_choice":"2 cards matched","damage_taken":0,"max_hp_gain":0,"max_hp_loss":0,"event_name":"Match and Keep!","floor":5,"gold_loss":0,"cards_obtained":["Sweeping Beam","Jack Of All Trades"]},{"damage_healed":22,"gold_gain":0,"player_choice":"Banana","damage_taken":0,"max_hp_gain":0,"max_hp_loss":0,"event_name":"Big Fish","floor":14,"gold_loss":0},{"damage_healed":0,"gold_gain":0,"player_choice":"Shed Blood","damage_taken":17,"max_hp_gain":5,"max_hp_loss":0,"event_name":"Forgotten Altar","floor":20,"gold_loss":0},{"damage_healed":0,"gold_gain":0,"cards_transformed":["Strike_B"],"player_choice":"Transformed","damage_taken":0,"max_hp_gain":0,"max_hp_loss":0,"event_name":"Transmorgrifier","floor":21,"gold_loss":0,"cards_obtained":["Blizzard"]}],"is_beta":false,"boss_relics":[{"not_picked":["Snecko Eye","Runic Dome"],"picked":"Lizard Tail"}],"items_purged_floors":[],"is_endless":false,"potions_floor_spawned":[7,10,12,22],"killed_by":"Slavers","ascension_level":0}