{"gold_per_floor":[110,124,137,156,108,135,135,135,161,176,176,191,206,306,306,410,410,428,441,29,29,29,58,58,70,70,70,70,83,0,0,0,101,101,113,22,39,39,59,59,70,70,70,70,87,118,118,132,132,132],"floor_reached":50,"playtime":5829,"items_purged":["Strike_G","Riddle With Holes"],"score":593,"play_id":"0e95618b-4cbc-4ed4-a860-ab9217871f64","local_time":"20190630174549","is_ascension_mode":true,"campfire_choices":[{"floor":8,"key":"REST"},{"data":"Footwork","floor":15,"key":"SMITH"},{"floor":24,"key":"REST"},{"floor":27,"key":"REST"},{"floor":32,"key":"REST"},{"floor":40,"key":"REST"},{"floor":42,"key":"REST"},{"floor":47,"key":"REST"},{"floor":49,"key":"REST"}],"neow_cost":"NONE","seed_source_timestamp":160931192557014,"circlet_count":0,"master_deck":["Survivor","Neutralize","Acrobatics","Sucker Punch","Footwork+1","Escape Plan","Sucker Punch","Blade Dance+1","Sucker Punch","Caltrops","Night Terror","Backflip","Caltrops+1","Adrenaline","Footwork","Writhe","RitualDagger","Blade Dance","Crippling Poison","PiercingWail+1","Decay","Poisoned Stab","Acrobatics","Storm of Steel","Backflip","Backstab+1","After Image","Calculated Gamble","Burst","Acrobatics","Blur","Caltrops","Blade Dance+1","Well Laid Plans","Leg Sweep+1","Deadly Poison+1","Shame","All Out Attack","Cloak And Dagger+1","Malaise"],"relics":["Ring of the Snake","Centennial Puzzle","Bronze Scales","Anchor","Cursed Key","Membership Card","PreservedInsect","Dream Catcher","Bag of Marbles","Orichalcum","Pandora\u0027s Box","Tingsha","Art of War"],"potions_floor_usage":[12,16,16,25,25,25,46,46,50],"damage_taken":[{"damage":5,"enemies":"Jaw Worm","floor":1,"turns":7},{"damage":1,"enemies":"Small Slimes","floor":2,"turns":5},{"damage":2,"enemies":"Cultist","floor":3,"turns":4},{"damage":0,"enemies":"Blue Slaver","floor":4,"turns":7},{"damage":22,"enemies":"3 Sentries","floor":6,"turns":14},{"damage":8,"enemies":"Exordium Thugs","floor":10,"turns":6},{"damage":0,"enemies":"2 Fungi Beasts","floor":12,"turns":3},{"damage":7,"enemies":"Large Slime","floor":13,"turns":5},{"damage":11,"enemies":"The Guardian","floor":16,"turns":14},{"damage":12,"enemies":"Chosen","floor":18,"turns":6},{"damage":4,"enemies":"Shell Parasite","floor":19,"turns":6},{"damage":47,"enemies":"Gremlin Leader","floor":23,"turns":11},{"damage":6,"enemies":"Centurion and Healer","floor":25,"turns":6},{"damage":0,"enemies":"Chosen and Byrds","floor":29,"turns":4},{"damage":40,"enemies":"Collector","floor":33,"turns":14},{"damage":0,"enemies":"Orb Walker","floor":35,"turns":2},{"damage":9,"enemies":"3 Darklings","floor":37,"turns":5},{"damage":51,"enemies":"Writhing Mass","floor":39,"turns":5},{"damage":0,"enemies":"Sphere and 2 Shapes","floor":41,"turns":5},{"damage":0,"enemies":"4 Shapes","floor":45,"turns":5},{"damage":34,"enemies":"Giant Head","floor":46,"turns":8},{"damage":26,"enemies":"3 Darklings","floor":48,"turns":4},{"damage":38,"enemies":"Time Eater","floor":50,"turns":8}],"seed_played":"480864110987910677","potions_obtained":[{"floor":2,"key":"Block Potion"},{"floor":4,"key":"Weak Potion"},{"floor":12,"key":"Poison Potion"},{"floor":13,"key":"PowerPotion"},{"floor":19,"key":"EssenceOfSteel"},{"floor":23,"key":"Poison Potion"},{"floor":29,"key":"Weak Potion"},{"floor":35,"key":"Block Potion"},{"floor":37,"key":"Energy Potion"},{"floor":41,"key":"GhostInAJar"}],"is_trial":false,"path_per_floor":["M","M","M","M","?","E","?","R","T","M","?","M","M","?","R","B",null,"M","M","$","?","?","E","R","M","T","R","?","M","?","?","R","B",null,"M","$","M","?","M","R","M","R","T","?","M","E","R","M","R","B"],"character_chosen":"THE_SILENT","items_purchased":["Membership Card","Adrenaline","Footwork","PreservedInsect","Well Laid Plans"],"campfire_rested":8,"item_purchase_floors":[20,20,20,20,36],"current_hp_per_floor":[65,64,62,62,62,40,40,61,61,53,53,53,46,46,46,35,70,58,54,54,54,48,1,22,16,16,37,37,37,37,37,58,18,70,70,70,61,61,10,31,31,52,52,52,52,18,39,13,34,0],"gold":132,"neow_bonus":"RANDOM_COMMON_RELIC","is_prod":false,"is_daily":false,"chose_seed":false,"campfire_upgraded":1,"win_rate":0,"timestamp":1561887949,"path_taken":["M","M","M","M","?","E","?","R","T","M","?","M","?","?","R","BOSS","M","M","$","?","?","E","R","M","T","R","?","M","?","?","R","BOSS","M","$","M","?","?","R","M","R","T","?","M","E","R","?","R","BOSS"],"build_version":"2019-01-23","purchased_purges":2,"victory":false,"max_hp_per_floor":[70,70,70,70,70,70,70,70,70,70,70,70,70,70,70,70,70,70,70,70,70,70,70,70,70,70,70,70,70,70,70,70,70,70,70,70,70,70,70,70,70,70,70,70,70,70,70,70,70,70],"card_choices":[{"not_picked":["Quick Slash","Reflex"],"picked":"Acrobatics","floor":1},{"not_picked":["Choke","Dagger Throw"],"picked":"Sucker Punch","floor":2},{"not_picked":["Deflect","Backflip"],"picked":"Footwork","floor":3},{"not_picked":["Blade Dance","Calculated Gamble"],"picked":"Escape Plan","floor":4},{"not_picked":["Riddle With Holes","Outmaneuver"],"picked":"Sucker Punch","floor":6},{"not_picked":["Distraction","Prepared"],"picked":"Blade Dance","floor":10},{"not_picked":["Dash","Slice"],"picked":"Sucker Punch","floor":12},{"not_picked":["Grand Finale","Endless Agony"],"picked":"Caltrops","floor":13},{"not_picked":["Grand Finale","Unload"],"picked":"Night Terror","floor":16},{"not_picked":["Dash","Expertise"],"picked":"Backflip","floor":18},{"not_picked":["Slice","Endless Agony"],"picked":"Caltrops+1","floor":19},{"not_picked":["Slice+1","Unload"],"picked":"Blade Dance","floor":23},{"not_picked":["Poisoned Stab","Dagger Throw"],"picked":"Crippling Poison","floor":24},{"not_picked":["Reflex","Dodge and Roll"],"picked":"PiercingWail+1","floor":25},{"not_picked":["Dodge and Roll","Underhanded Strike+1"],"picked":"Poisoned Stab","floor":27},{"not_picked":["Sucker Punch","Dagger Spray"],"picked":"Backflip","floor":29},{"not_picked":["Well Laid Plans","Deflect+1"],"picked":"Backstab+1","floor":32},{"not_picked":["Grand Finale","Phantasmal Killer"],"picked":"After Image","floor":33},{"not_picked":["Outmaneuver","Setup"],"picked":"Blade Dance+1","floor":35},{"not_picked":["Accuracy","Backstab"],"picked":"Leg Sweep+1","floor":37},{"not_picked":["Crippling Poison","Quick Slash","Slice+1"],"picked":"SKIP","floor":39},{"not_picked":["Quick Slash","Flying Knee+1","Sucker Punch+1"],"picked":"SKIP","floor":41},{"not_picked":["Expertise+1","Underhanded Strike"],"picked":"Deadly Poison+1","floor":42},{"not_picked":["Deadly Poison","Blade Dance"],"picked":"All Out Attack","floor":45},{"not_picked":["Acrobatics+1","Choke","Accuracy"],"picked":"SKIP","floor":46},{"not_picked":["Predator+1","Footwork+1"],"picked":"Cloak And Dagger+1","floor":47},{"not_picked":["Quick Slash+1","Sucker Punch"],"picked":"Malaise","floor":48}],"player_experience":66790,"relics_obtained":[{"floor":6,"key":"Bronze Scales"},{"floor":9,"key":"Anchor"},{"floor":23,"key":"Bag of Marbles"},{"floor":26,"key":"Orichalcum"},{"floor":43,"key":"Tingsha"},{"floor":46,"key":"Art of War"}],"event_choices":[{"damage_healed":0,"gold_gain":0,"player_choice":"Left Gold","damage_taken":0,"max_hp_gain":0,"max_hp_loss":0,"event_name":"World of Goop","floor":5,"gold_loss":48},{"damage_healed":0,"gold_gain":0,"player_choice":"Ignored","damage_taken":0,"max_hp_gain":0,"max_hp_loss":0,"event_name":"Shining Light","floor":7,"gold_loss":0},{"damage_healed":0,"gold_gain":0,"player_choice":"Forge","damage_taken":0,"max_hp_gain":0,"max_hp_loss":0,"event_name":"Accursed Blacksmith","floor":11,"gold_loss":0,"cards_upgraded":["Blade Dance"]},{"damage_healed":0,"gold_gain":100,"player_choice":"Gold","damage_taken":0,"max_hp_gain":0,"max_hp_loss":0,"event_name":"Wheel of Change","floor":14,"gold_loss":0},{"damage_healed":0,"gold_gain":0,"player_choice":"Opened","damage_taken":0,"relics_obtained":["Dream Catcher"],"max_hp_gain":0,"max_hp_loss":0,"event_name":"The Mausoleum","floor":21,"gold_loss":0,"cards_obtained":["Writhe"]},{"damage_healed":0,"gold_gain":0,"player_choice":"Joined the Cult","damage_taken":6,"max_hp_gain":0,"max_hp_loss":0,"event_name":"Nest","floor":22,"gold_loss":0,"cards_obtained":["RitualDagger"]},{"damage_healed":0,"gold_gain":0,"cards_transformed":["Strike_G","Strike_G"],"player_choice":"Became Test Subject","damage_taken":0,"max_hp_gain":0,"max_hp_loss":0,"event_name":"Drug Dealer","floor":28,"gold_loss":0,"cards_obtained":["Acrobatics","Storm of Steel"]},{"damage_healed":0,"gold_gain":0,"player_choice":"Paid Fearfully","damage_taken":0,"max_hp_gain":0,"max_hp_loss":0,"event_name":"Masked Bandits","floor":30,"gold_loss":83},{"cards_removed":["Defend_G"],"damage_healed":0,"gold_gain":0,"player_choice":"Elegance","damage_taken":0,"max_hp_gain":0,"max_hp_loss":0,"event_name":"Back to Basics","floor":31,"gold_loss":0},{"damage_healed":0,"gold_gain":0,"player_choice":"Ignored","damage_taken":0,"max_hp_gain":0,"max_hp_loss":0,"event_name":"SecretPortal","floor":38,"gold_loss":0},{"damage_healed":0,"gold_gain":0,"player_choice":"Leave","damage_taken":0,"max_hp_gain":0,"max_hp_loss":0,"event_name":"FaceTrader","floor":44,"gold_loss":0}],"is_beta":false,"boss_relics":[{"not_picked":["Snecko Eye","Busted Crown"],"picked":"Cursed Key"},{"not_picked":["Black Star","Philosopher\u0027s Stone"],"picked":"Pandora\u0027s Box"}],"items_purged_floors":[20,36],"is_endless":false,"potions_floor_spawned":[2,4,12,13,19,23,29,35,37,41],"killed_by":"Time Eater","ascension_level":3}