{"gold_per_floor":[111,111,126,146,165,165,176,176,202,202],"floor_reached":10,"playtime":403,"items_purged":[],"score":117,"play_id":"484e5c32-aecb-4c16-950c-10c4ef99ed5f","local_time":"20190119230405","is_ascension_mode":true,"campfire_choices":[{"data":"Predator","floor":6,"key":"SMITH"},{"data":"Neutralize","floor":8,"key":"SMITH"}],"neow_cost":"NONE","seed_source_timestamp":304305016205410,"circlet_count":0,"master_deck":["AscendersBane","Defend_G","Defend_G","Defend_G","Defend_G","Defend_G","Strike_G+1","Strike_G+1","Strike_G","Strike_G","Strike_G","Survivor","Neutralize+1","Dodge and Roll","Predator+1","Deflect","Dagger Throw"],"relics":["Ring of the Snake","Bag of Marbles","Whetstone"],"potions_floor_usage":[4,7],"damage_taken":[{"damage":7,"enemies":"Small Slimes","floor":1,"turns":4},{"damage":6,"enemies":"2 Louse","floor":3,"turns":3},{"damage":8,"enemies":"Jaw Worm","floor":4,"turns":3},{"damage":0,"enemies":"3 Louse","floor":5,"turns":4},{"damage":0,"enemies":"Large Slime","floor":7,"turns":3},{"damage":46,"enemies":"Lagavulin","floor":10,"turns":6}],"seed_played":"-2373944579369468649","potions_obtained":[{"floor":1,"key":"Poison Potion"},{"floor":3,"key":"Fire Potion"}],"is_trial":false,"path_per_floor":["M","?","M","M","M","R","M","R","T","E"],"character_chosen":"THE_SILENT","items_purchased":[],"campfire_rested":0,"item_purchase_floors":[],"current_hp_per_floor":[52,57,51,43,43,43,43,43,43,0],"gold":202,"neow_bonus":"RANDOM_COMMON_RELIC","is_prod":false,"is_daily":false,"chose_seed":false,"campfire_upgraded":2,"win_rate":0,"timestamp":1547939045,"path_taken":["M","?","M","M","M","R","M","R","T","E"],"build_version":"2019-01-17v2","purchased_purges":0,"victory":false,"max_hp_per_floor":[66,71,71,71,71,71,71,71,71,71],"card_choices":[{"not_picked":["Terror","Acrobatics"],"picked":"Dodge and Roll","floor":1},{"not_picked":["Prepared","Slice"],"picked":"Predator","floor":3},{"not_picked":["Prepared","Riddle With Holes"],"picked":"Deflect","floor":4},{"not_picked":["Prepared","Underhanded Strike","Masterful Stab"],"picked":"SKIP","floor":5},{"not_picked":["Outmaneuver","Distraction"],"picked":"Dagger Throw","floor":7}],"player_experience":1197483,"relics_obtained":[{"floor":9,"key":"Whetstone"}],"event_choices":[{"damage_healed":0,"gold_gain":0,"player_choice":"Donut","damage_taken":0,"max_hp_gain":5,"max_hp_loss":0,"event_name":"Big Fish","floor":2,"gold_loss":0}],"is_beta":false,"boss_relics":[],"items_purged_floors":[],"is_endless":false,"potions_floor_spawned":[1,3],"killed_by":"Lagavulin","ascension_level":19}