{"path_per_floor":["M","T","$","?","?","E","R","M","T","M","R","M","M","$","R","B",null,"M","$","M","M","?","E","M","E","T","E","R","M","R","M","R","B",null,"M","M","$","M","M","E","?","M","T","R","?","M","R","M","R","B"],"character_chosen":"THE_SILENT","items_purchased":["Shuriken","Dodecahedron","Sucker Punch"],"gold_per_floor":[111,111,111,61,61,92,92,108,108,128,128,147,160,160,160,264,264,278,39,51,61,61,89,106,137,137,164,164,179,179,191,191,291,291,305,323,21,35,46,71,125,140,209,209,209,220,220,239,239,239],"floor_reached":51,"campfire_rested":0,"playtime":5773,"current_hp_per_floor":[62,62,62,62,48,63,63,63,77,77,77,77,77,77,77,65,84,69,69,70,51,51,51,34,58,58,33,33,51,51,49,49,57,58,55,57,57,58,58,58,54,51,51,51,51,58,58,51,51,57],"items_purged":[],"gold":239,"play_id":"d7047017-711e-4c11-bc03-c5553b385d61","is_prod":false,"is_daily":false,"campfire_rituals":0,"campfire_upgraded":9,"is_hardmode":false,"path_taken":["M","?","$","?","?","E","R","M","T","M","R","M","M","$","R","BOSS","M","$","M","M","?","E","?","E","T","E","R","M","R","M","R","BOSS","M","M","$","M","M","E","?","M","T","R","?","M","R","M","R","BOSS"],"build_version":"2018-01-11-PROD2","purchased_purges":0,"victory":true,"master_deck":["Defend_G","Defend_G","Survivor","Neutralize","Phantasmal Killer","Heel Hook","Infinite Blades","Backstab","Adrenaline","Malaise","Die Die Die","Outmaneuver","A Thousand Cuts","Envenom","Backflip","Cloak And Dagger","PiercingWail","Bite_G","Bite_G","Bite_G","Bite_G","Prepared","PiercingWail","Infinite Blades","Escape Plan","PiercingWail","Finisher","After Image","Quick Slash","Dagger Spray","Sucker Punch","Cloak And Dagger","Outmaneuver","Dagger Spray","Skewer","Escape Plan","Finisher","Riddle With Holes"],"max_hp_per_floor":[70,70,70,70,70,70,70,70,84,84,84,84,84,84,84,84,84,84,84,84,84,58,58,58,58,58,58,58,58,58,58,58,58,58,58,58,58,58,58,58,58,58,58,58,58,58,58,58,58,58],"relics":["Ring of the Snake","Thread and Needle","Toolbox","Mango","Astrolabe","Shuriken","Meat on the Bone","Dead Branch","Omamori","War Paint","Lizard Tail","Dodecahedron","Blood Vial","Bird Faced Urn","Mummified Hand"],"campfire_meditates":0,"card_choices":[{"not_picked":["Outmaneuver","Backflip"],"picked":"Heel Hook"},{"not_picked":["Prepared","Reflex"],"picked":"Infinite Blades"},{"not_picked":["Distraction","Bane"],"picked":"Backstab"},{"not_picked":["Distraction","Predator"],"picked":"Adrenaline"},{"not_picked":["Outmaneuver","Deflect"],"picked":"Malaise"},{"not_picked":["Adrenaline","Unload"],"picked":"Die Die Die"},{"not_picked":["Dagger Spray","Slice"],"picked":"Backflip"},{"not_picked":["Acrobatics","Dash"],"picked":"Cloak And Dagger"},{"not_picked":["Dagger Throw","Deflect"],"picked":"PiercingWail"},{"not_picked":["Terror","Well Laid Plans"],"picked":"Prepared"},{"not_picked":["Quick Slash","Heel Hook"],"picked":"PiercingWail"},{"not_picked":["Well Laid Plans","Prepared"],"picked":"Infinite Blades"},{"not_picked":["Skewer","Blade Dance"],"picked":"Escape Plan"},{"not_picked":["Acrobatics","A Thousand Cuts"],"picked":"PiercingWail"},{"not_picked":["Flying Knee","All Out Attack"],"picked":"Finisher"},{"not_picked":["Storm of Steel","Tools of the Trade"],"picked":"After Image"},{"not_picked":["Outmaneuver","Bane"],"picked":"Quick Slash"},{"not_picked":["Deflect","Bane"],"picked":"Dagger Spray"},{"not_picked":["Choke","Flechettes"],"picked":"Cloak And Dagger"},{"not_picked":["Sucker Punch","Footwork"],"picked":"Outmaneuver"},{"not_picked":["Outmaneuver","Terror"],"picked":"Dagger Spray"},{"not_picked":["Sucker Punch","Heel Hook"],"picked":"Skewer"},{"not_picked":["Backflip","Deflect"],"picked":"Escape Plan"},{"not_picked":["Deadly Poison","Endless Agony"],"picked":"Finisher"},{"not_picked":["Slice","Predator"],"picked":"Riddle With Holes"}],"player_experience":124527,"potions_floor_usage":[6,13,20,25,31,33,40,40,50,50],"damage_taken":[{"damage":8,"enemies":"Blue Slaver","floor":1,"turns":6},{"damage":0,"enemies":"Lagavulin","floor":6,"turns":9},{"damage":0,"enemies":"Cultist","floor":8,"turns":2},{"damage":0,"enemies":"Small Slimes","floor":10,"turns":2},{"damage":0,"enemies":"Looter","floor":12,"turns":2},{"damage":0,"enemies":"Large Slime","floor":13,"turns":2},{"damage":12,"enemies":"Hexaghost","floor":16,"turns":12},{"damage":15,"enemies":"Spheric Guardian","floor":18,"turns":4},{"damage":3,"enemies":"2 Thieves","floor":20,"turns":4},{"damage":19,"enemies":"Centurion and Healer","floor":21,"turns":4},{"damage":14,"enemies":"Slavers","floor":23,"turns":5},{"damage":31,"enemies":"Sentry and Sphere","floor":24,"turns":6},{"damage":0,"enemies":"Gremlin Leader","floor":25,"turns":6},{"damage":27,"enemies":"Book of Stabbing","floor":27,"turns":6},{"damage":0,"enemies":"Snecko","floor":29,"turns":7},{"damage":8,"enemies":"Snake Plant","floor":31,"turns":2},{"damage":1,"enemies":"Collector","floor":33,"turns":7},{"damage":5,"enemies":"Orb Walker","floor":35,"turns":4},{"damage":0,"enemies":"3 Shapes","floor":36,"turns":3},{"damage":0,"enemies":"3 Darklings","floor":38,"turns":4},{"damage":0,"enemies":"4 Shapes","floor":39,"turns":3},{"damage":0,"enemies":"Giant Head","floor":40,"turns":5},{"damage":6,"enemies":"Mysterious Sphere","floor":41,"turns":5},{"damage":7,"enemies":"Sphere and 2 Shapes","floor":42,"turns":4},{"damage":0,"enemies":"3 Darklings","floor":46,"turns":4},{"damage":17,"enemies":"4 Shapes","floor":48,"turns":6},{"damage":7,"enemies":"Donu and Deca","floor":50,"turns":6}],"event_choices":[{"event_name":"The Cleric","player_choice":"Card Removal","floor":4,"damage_taken":0},{"event_name":"Shining Light","player_choice":"Entered Light","floor":5,"damage_taken":0},{"event_name":"Vampires","player_choice":"Became a vampire","floor":22,"damage_taken":0},{"event_name":"Mysterious Sphere","player_choice":"Fight","floor":41,"damage_taken":0}],"boss_relics":[{"not_picked":["Sozu","Runic Pyramid"],"picked":"Astrolabe"},{"not_picked":["Velvet Choker","Runic Dome"],"picked":"Lizard Tail"}],"potions_floor_spawned":[1,10,12,18,23,24,31,33,36,38,41,42,46],"seed_played":"3840827971556168545","is_trial":false}