{"gold_per_floor":[14,30,30,3,22,56,56,81,108,125,125,125,125,136,136,235,235,251,48,0,11,21,21,49,60,60,89,89,104,104,122,122,223,223,237,284,302,1301,1301,1301,1321,1321,1321,1321,816,827,59,79,79,79],"floor_reached":51,"playtime":4678,"items_purged":["Regret","Normality","Normality"],"score":852,"play_id":"bb2eabe8-1a08-4f31-bcf5-efa700615457","local_time":"20190706142908","is_ascension_mode":true,"campfire_choices":[{"floor":11,"key":"REST"},{"data":"Noxious Fumes","floor":13,"key":"SMITH"},{"floor":15,"key":"REST"},{"data":"Tactician","floor":23,"key":"SMITH"},{"floor":32,"key":"REST"},{"data":"Tactician","floor":40,"key":"SMITH"},{"data":"Adrenaline","floor":42,"key":"SMITH"},{"data":"Adrenaline","floor":44,"key":"SMITH"},{"data":"Prepared","floor":49,"key":"SMITH"}],"neow_cost":"NO_GOLD","seed_source_timestamp":159616100762625,"circlet_count":0,"master_deck":["Strike_G","Strike_G+1","Strike_G","Strike_G","Strike_G","Defend_G","Defend_G","Defend_G","Defend_G","Defend_G+1","Survivor","Neutralize+1","Underhanded Strike","PiercingWail+1","PiercingWail","Noxious Fumes+1","Backstab","Deflect","Prepared+1","Tactician+1","Adrenaline+1","Tactician+1","Tools of the Trade","Acrobatics","Backflip","Expertise+1","Footwork","Terror+1","Endless Agony","Decay","Backstab+1","Catalyst","Dagger Throw","Adrenaline+1","Dagger Throw+1","Footwork","Prepared+1","Writhe","Decay","Metamorphosis+1","Outmaneuver+1","Infinite Blades","Finesse+1","Terror+1","Parasite","Calculated Gamble+1"],"relics":["Ring of the Snake","Unceasing Top","Oddly Smooth Stone","Pen Nib","Centennial Puzzle","Whetstone","Eternal Feather","Kunai","Pantograph","Dream Catcher","Cursed Key","Bird Faced Urn","Incense Burner","Toxic Egg 2","Ornamental Fan","War Paint"],"potions_floor_usage":[6,6,8,10,18,27,33,48,48],"damage_taken":[{"damage":0,"enemies":"Jaw Worm","floor":1,"turns":5},{"damage":0,"enemies":"Cultist","floor":2,"turns":4},{"damage":0,"enemies":"2 Louse","floor":5,"turns":2},{"damage":41,"enemies":"Lagavulin","floor":6,"turns":8},{"damage":35,"enemies":"3 Sentries","floor":8,"turns":9},{"damage":2,"enemies":"2 Fungi Beasts","floor":10,"turns":4},{"damage":0,"enemies":"3 Louse","floor":14,"turns":2},{"damage":15,"enemies":"Hexaghost","floor":16,"turns":10},{"damage":19,"enemies":"3 Byrds","floor":18,"turns":6},{"damage":13,"enemies":"2 Thieves","floor":21,"turns":4},{"damage":15,"enemies":"3 Cultists","floor":22,"turns":6},{"damage":0,"enemies":"Gremlin Leader","floor":24,"turns":8},{"damage":3,"enemies":"Centurion and Healer","floor":25,"turns":9},{"damage":11,"enemies":"Slavers","floor":27,"turns":8},{"damage":18,"enemies":"Snecko","floor":29,"turns":5},{"damage":21,"enemies":"Shelled Parasite and Fungi","floor":31,"turns":5},{"damage":32,"enemies":"Collector","floor":33,"turns":9},{"damage":0,"enemies":"Orb Walker","floor":35,"turns":3},{"damage":35,"enemies":"2 Orb Walkers","floor":36,"turns":6},{"damage":7,"enemies":"3 Shapes","floor":37,"turns":4},{"damage":39,"enemies":"Sphere and 2 Shapes","floor":41,"turns":8},{"damage":10,"enemies":"Jaw Worm Horde","floor":46,"turns":4},{"damage":29,"enemies":"Writhing Mass","floor":48,"turns":6},{"damage":71,"enemies":"Awakened One","floor":50,"turns":15}],"seed_played":"-4923681816878444216","potions_obtained":[{"floor":3,"key":"GamblersBrew"},{"floor":3,"key":"Fire Potion"},{"floor":3,"key":"Energy Potion"},{"floor":6,"key":"Regen Potion"},{"floor":10,"key":"Block Potion"},{"floor":16,"key":"SpeedPotion"},{"floor":21,"key":"Fire Potion"},{"floor":22,"key":"Ancient Potion"},{"floor":36,"key":"SpeedPotion"},{"floor":41,"key":"Explosive Potion"},{"floor":46,"key":"Block Potion"}],"is_trial":false,"path_per_floor":["M","M","?","$","M","E","?","E","T","M","R","$","R","M","R","B",null,"M","$","?","M","M","R","E","M","T","E","?","M","?","M","R","B",null,"M","?","M","?","?","R","M","R","T","R","$","M","$","M","R","B",null],"character_chosen":"THE_SILENT","items_purchased":["PiercingWail","Tools of the Trade","Acrobatics","Toxic Egg 2","Metamorphosis+1","Ornamental Fan","Infinite Blades","Finesse+1","War Paint","Terror+1"],"campfire_rested":3,"item_purchase_floors":[4,19,19,45,45,47,47,47,47,47],"current_hp_per_floor":[70,70,70,70,70,29,29,9,9,7,28,28,28,28,49,34,70,51,51,51,38,23,38,38,35,35,24,24,6,29,8,47,38,70,70,35,34,34,52,70,39,63,63,70,70,68,68,42,69,7],"gold":79,"neow_bonus":"ONE_RARE_RELIC","is_prod":false,"is_daily":false,"chose_seed":false,"campfire_upgraded":6,"win_rate":0,"timestamp":1562448548,"path_taken":["M","M","?","$","?","E","?","E","T","M","R","$","R","M","R","BOSS","M","$","?","M","M","R","E","M","T","E","?","M","?","M","R","BOSS","M","?","M","?","?","R","M","R","T","R","?","M","$","?","R","BOSS"],"build_version":"2019-07-05","purchased_purges":3,"victory":true,"max_hp_per_floor":[70,70,70,70,70,70,70,70,70,70,70,70,70,70,70,70,70,70,70,70,70,70,70,70,70,70,70,70,70,70,70,70,70,70,70,70,70,70,70,70,70,70,70,70,70,70,70,70,70,70],"card_choices":[{"not_picked":["Outmaneuver","PiercingWail"],"picked":"Underhanded Strike","floor":1},{"not_picked":["Accuracy","Skewer"],"picked":"PiercingWail","floor":2},{"not_picked":["Flechettes","Cloak And Dagger"],"picked":"Noxious Fumes","floor":5},{"not_picked":["Storm of Steel","Blade Dance"],"picked":"Backstab","floor":6},{"not_picked":["Masterful Stab","Dagger Spray"],"picked":"Deflect","floor":8},{"not_picked":["Terror","Quick Slash"],"picked":"Prepared","floor":10},{"not_picked":["Eviscerate","Riddle With Holes"],"picked":"Tactician","floor":14},{"not_picked":["A Thousand Cuts","Grand Finale"],"picked":"Adrenaline","floor":16},{"not_picked":["Dagger Spray","Underhanded Strike"],"picked":"Tactician","floor":18},{"not_picked":["Flying Knee","Prepared"],"picked":"Backflip","floor":21},{"not_picked":["Infinite Blades","Riddle With Holes"],"picked":"Expertise+1","floor":22},{"not_picked":["All Out Attack","Bouncing Flask+1"],"picked":"Footwork","floor":24},{"not_picked":["Acrobatics+1","Sucker Punch"],"picked":"Terror+1","floor":25},{"not_picked":["Blade Dance+1","Acrobatics"],"picked":"Endless Agony","floor":27},{"not_picked":["Deflect","Slice"],"picked":"Backstab+1","floor":29},{"not_picked":["Poisoned Stab","Outmaneuver"],"picked":"Catalyst","floor":31},{"not_picked":["Tactician+1","Sucker Punch"],"picked":"Dagger Throw","floor":32},{"not_picked":["Corpse Explosion","Storm of Steel"],"picked":"Adrenaline","floor":33},{"not_picked":["PiercingWail+1","Prepared+1"],"picked":"Dagger Throw+1","floor":35},{"not_picked":["Bane+1","Dagger Spray+1"],"picked":"Footwork","floor":36},{"not_picked":["Masterful Stab","Expertise"],"picked":"Prepared+1","floor":37},{"not_picked":["Sucker Punch","Accuracy","Wraith Form v2"],"picked":"SKIP","floor":41},{"not_picked":["Sucker Punch","Accuracy","Wraith Form v2"],"picked":"SKIP","floor":41},{"not_picked":["Blade Dance+1","Dagger Throw+1"],"picked":"Outmaneuver+1","floor":46},{"not_picked":["Sucker Punch+1","Slice+1"],"picked":"Calculated Gamble+1","floor":48}],"player_experience":569445,"relics_obtained":[{"floor":6,"key":"Oddly Smooth Stone"},{"floor":8,"key":"Centennial Puzzle"},{"floor":9,"key":"Whetstone"},{"floor":24,"key":"Kunai"},{"floor":26,"key":"Pantograph"},{"floor":27,"key":"Dream Catcher"},{"floor":36,"key":"Bird Faced Urn"},{"floor":43,"key":"Incense Burner"}],"event_choices":[{"damage_healed":0,"gold_gain":0,"player_choice":"Got Potions","damage_taken":0,"max_hp_gain":0,"max_hp_loss":0,"event_name":"Lab","floor":3,"gold_loss":0},{"damage_healed":0,"gold_gain":0,"player_choice":"Box","damage_taken":0,"relics_obtained":["Pen Nib"],"max_hp_gain":0,"max_hp_loss":0,"event_name":"Big Fish","floor":7,"gold_loss":0,"cards_obtained":["Regret"]},{"damage_healed":0,"gold_gain":0,"player_choice":"Paid Fearfully","damage_taken":0,"max_hp_gain":0,"max_hp_loss":0,"event_name":"Masked Bandits","floor":20,"gold_loss":48},{"damage_healed":0,"gold_gain":0,"player_choice":"Smashed Altar","damage_taken":0,"max_hp_gain":0,"max_hp_loss":0,"event_name":"Forgotten Altar","floor":28,"gold_loss":0,"cards_obtained":["Decay"]},{"damage_healed":23,"gold_gain":0,"player_choice":"Heal","damage_taken":0,"max_hp_gain":0,"max_hp_loss":0,"event_name":"The Library","floor":30,"gold_loss":0},{"damage_healed":0,"gold_gain":0,"player_choice":"Fight","damage_taken":0,"max_hp_gain":0,"max_hp_loss":0,"event_name":"Mysterious Sphere","floor":36,"gold_loss":0},{"damage_healed":0,"gold_gain":999,"player_choice":"Gold","damage_taken":0,"max_hp_gain":0,"max_hp_loss":0,"event_name":"MindBloom","floor":38,"gold_loss":0,"cards_obtained":["Normality","Normality"]},{"damage_healed":18,"gold_gain":0,"player_choice":"Writhe","damage_taken":0,"max_hp_gain":0,"max_hp_loss":0,"event_name":"Winding Halls","floor":39,"gold_loss":0,"cards_obtained":["Writhe"]}],"is_beta":false,"boss_relics":[{"not_picked":["Snecko Eye","Tiny House"],"picked":"Eternal Feather"},{"not_picked":["Runic Pyramid","Velvet Choker"],"picked":"Cursed Key"}],"items_purged_floors":[19,45,47],"is_endless":false,"potions_floor_spawned":[6,10,16,21,22,24,25,36,41,46],"ascension_level":3}