{"path_per_floor":["M","M","M","?","M","E","R","E","T","T","M","E","$","M","R","B",null,"M","M","?","?","$","E","M","E","T","M","R","T","$","E","R","B",null,"M","?","?","M","$","E","R","M","T","R","M","M","T","M","R","B"],"character_chosen":"THE_SILENT","items_purchased":["Toolbox","Apotheosis","Lantern","War Paint"],"gold_per_floor":[113,132,148,148,163,195,195,220,250,250,263,295,34,45,45,144,144,157,174,174,274,5,38,58,87,139,159,159,159,3,34,34,132,132,149,149,149,165,15,41,41,53,121,121,139,152,152,168,168,168],"floor_reached":51,"campfire_rested":4,"playtime":4627,"current_hp_per_floor":[70,69,69,69,66,50,50,43,43,43,41,30,30,27,27,19,70,60,59,69,69,69,35,35,19,19,12,37,37,37,29,54,28,86,74,74,64,64,64,48,48,25,25,51,37,37,37,29,56,27],"items_purged":["Writhe"],"gold":168,"play_id":"8caa2bcf-df08-458b-89a9-059d8888baba","is_prod":false,"is_daily":false,"campfire_rituals":0,"campfire_upgraded":3,"is_hardmode":false,"path_taken":["M","M","M","?","M","E","R","E","T","?","M","E","?","M","R","BOSS","M","M","?","?","?","E","M","E","T","M","R","?","$","E","R","BOSS","M","?","?","?","$","E","R","M","T","R","?","M","?","M","R","BOSS"],"build_version":"2018-01-11-PROD2","purchased_purges":1,"victory":true,"master_deck":["Defend_G","Defend_G","Defend_G","Strike_G","Strike_G","Strike_G","Strike_G","Survivor","Neutralize","After Image","Outmaneuver","Endless Agony","Bouncing Flask","Backflip","Bouncing Flask","Poisoned Stab","Acrobatics","Well Laid Plans","Flying Knee","Footwork","Poisoned Stab","Adrenaline","Footwork","PiercingWail","Sucker Punch","Envenom","Bane","Catalyst","Apotheosis","Bane","Prepared","Quick Slash","A Thousand Cuts","Quick Slash","Madness","Madness","Quick Slash","Endless Agony","Noxious Fumes","Terror"],"max_hp_per_floor":[70,70,70,70,70,70,70,70,70,70,70,70,70,70,70,70,70,70,72,82,82,82,84,84,84,84,84,84,84,84,86,86,86,86,86,86,86,86,86,86,86,88,88,88,88,88,88,90,90,90],"relics":["Astrolabe","Happy Flower","Singing Bowl","Tiny Chest","Pen Nib","Whetstone","Toolbox","Orrery","Pear","Peace Pipe","Frozen Eye","Bag of Preparation","Dodecahedron","Lantern","Mercury Hourglass","Sozu","War Paint","Centennial Puzzle","Shuriken","Ornamental Fan"],"campfire_meditates":0,"card_choices":[{"not_picked":["Dagger Spray","Deflect"],"picked":"Bouncing Flask"},{"not_picked":["Acrobatics","Deadly Poison"],"picked":"Backflip"},{"not_picked":["Sucker Punch","Prepared"],"picked":"Bouncing Flask"},{"not_picked":["Catalyst","Deflect"],"picked":"Poisoned Stab"},{"not_picked":["Phantasmal Killer","Dodge and Roll"],"picked":"Acrobatics"},{"not_picked":["Deadly Poison","Corpse Explosion"],"picked":"Well Laid Plans"},{"not_picked":["Dagger Spray","Footwork"],"picked":"Flying Knee"},{"not_picked":["Skewer","Quick Slash"],"picked":"Footwork"},{"not_picked":["Finisher","Prepared"],"picked":"Poisoned Stab"},{"not_picked":["Wraith Form","Glass Knife"],"picked":"Adrenaline"},{"not_picked":["Prepared","Riddle With Holes"],"picked":"Footwork"},{"not_picked":["Slice","All Out Attack"],"picked":"PiercingWail"},{"not_picked":["Terror","Outmaneuver"],"picked":"Sucker Punch"},{"not_picked":["Acrobatics","Slice"],"picked":"Envenom"},{"not_picked":["Outmaneuver","PiercingWail"],"picked":"Bane"},{"not_picked":["Dagger Throw","Deadly Poison"],"picked":"Catalyst"},{"not_picked":["Night Terror","Dagger Throw"],"picked":"Bane"},{"not_picked":["PiercingWail","Deflect"],"picked":"Prepared"},{"not_picked":["Slice","Sucker Punch"],"picked":"Quick Slash"},{"not_picked":["Bullet Time","Adrenaline"],"picked":"A Thousand Cuts"},{"not_picked":["Dagger Spray","Outmaneuver"],"picked":"Quick Slash"},{"not_picked":["Dash","Outmaneuver"],"picked":"Quick Slash"},{"not_picked":["Deflect","Predator"],"picked":"Endless Agony"},{"not_picked":["Phantasmal Killer","Prepared"],"picked":"Noxious Fumes"},{"not_picked":["PiercingWail","Flechettes"],"picked":"Terror"}],"player_experience":86026,"potions_floor_usage":[8,12,16,16,23,23,33,33],"damage_taken":[{"damage":0,"enemies":"2 Louse","floor":1,"turns":3},{"damage":1,"enemies":"Blue Slaver","floor":2,"turns":4},{"damage":0,"enemies":"Small Slimes","floor":3,"turns":3},{"damage":3,"enemies":"Exordium Wildlife","floor":5,"turns":3},{"damage":16,"enemies":"Gremlin Nob","floor":6,"turns":4},{"damage":7,"enemies":"Lagavulin","floor":8,"turns":4},{"damage":2,"enemies":"Looter","floor":11,"turns":3},{"damage":11,"enemies":"3 Sentries","floor":12,"turns":6},{"damage":3,"enemies":"Large Slime","floor":14,"turns":5},{"damage":20,"enemies":"The Guardian","floor":16,"turns":7},{"damage":10,"enemies":"2 Thieves","floor":18,"turns":3},{"damage":3,"enemies":"Spheric Guardian","floor":19,"turns":4},{"damage":36,"enemies":"Slavers","floor":23,"turns":6},{"damage":0,"enemies":"Snake Plant","floor":24,"turns":4},{"damage":16,"enemies":"Book of Stabbing","floor":25,"turns":5},{"damage":7,"enemies":"Centurion and Healer","floor":27,"turns":5},{"damage":10,"enemies":"Slavers","floor":31,"turns":5},{"damage":26,"enemies":"Automaton","floor":33,"turns":7},{"damage":12,"enemies":"3 Shapes","floor":35,"turns":2},{"damage":0,"enemies":"Orb Walker","floor":38,"turns":2},{"damage":16,"enemies":"Giant Head","floor":40,"turns":6},{"damage":25,"enemies":"4 Shapes","floor":42,"turns":4},{"damage":14,"enemies":"Sphere and 2 Shapes","floor":45,"turns":4},{"damage":0,"enemies":"Maw","floor":46,"turns":5},{"damage":14,"enemies":"3 Darklings","floor":48,"turns":3},{"damage":29,"enemies":"Donu and Deca","floor":50,"turns":7}],"event_choices":[{"event_name":"Accursed Blacksmith","player_choice":"Forge","floor":4,"damage_taken":0},{"event_name":"The Mausoleum","player_choice":"Yes","floor":20,"damage_taken":0},{"event_name":"Golden Shrine","player_choice":"Pray","floor":21,"damage_taken":0},{"event_name":"The Lab","player_choice":"Got Potions","floor":36,"damage_taken":0},{"event_name":"Winding Halls","player_choice":"Embrace Madness","floor":37,"damage_taken":0}],"boss_relics":[{"not_picked":["Calling Bell","Runic Dome"],"picked":"Orrery"},{"not_picked":["White Beast Statue","Black Star"],"picked":"Sozu"}],"potions_floor_spawned":[1,2,12,14,16,19,27,31,33,35,42,45,46],"seed_played":"-2716959784306535667","is_trial":false}