{"gold_per_floor":[117,192,14,30,30,57,57,7,81,81,100,133,147,166,166,264,314,300,300,310,329,345,370,370,401,401,401,411,438,438,438,438,540,540,554,654,423,434,434,434],"floor_reached":40,"playtime":2114,"items_purged":["Strike_G","Decay"],"score":551,"play_id":"e9e16590-b8d5-41b6-be18-d169f81bc742","local_time":"20190320225404","is_ascension_mode":true,"campfire_choices":[{"data":"Venomology","floor":7,"key":"SMITH"},{"data":"Dagger Spray","floor":10,"key":"SMITH"},{"data":"Noxious Fumes","floor":15,"key":"SMITH"},{"floor":24,"key":"REST"},{"floor":27,"key":"REST"},{"floor":30,"key":"REST"},{"floor":32,"key":"REST"}],"neow_cost":"NONE","seed_source_timestamp":601944356925093,"circlet_count":0,"master_deck":["Defend_G","Defend_G","Defend_G","Defend_G","Defend_G","Strike_G","Strike_G","Strike_G","Strike_G","Survivor","Neutralize","Endless Agony","Dagger Spray+1","Bane","Venomology+1","Dash","Sucker Punch","Noxious Fumes+1","Cloak And Dagger","Leg Sweep+1","Bullet Time","Noxious Fumes","Poisoned Stab","Writhe","Noxious Fumes","Deadly Poison","Heel Hook","Backstab","Skewer","Catalyst","Corpse Explosion","Crippling Poison"],"relics":["Ring of the Snake","NeowsBlessing","Lantern","Smiling Mask","Singing Bowl","Ninja Scroll","Tiny House","Ornamental Fan","Sundial","Orichalcum","Bronze Scales","Frozen Egg 2","WristBlade","Dead Branch","Bag of Preparation"],"potions_floor_usage":[12,13,16,18,20,22,23,23,25,25,29,33,33,33,36,40,40,40,40],"damage_taken":[{"damage":0,"enemies":"Small Slimes","floor":1,"turns":1},{"damage":0,"enemies":"2 Louse","floor":4,"turns":1},{"damage":0,"enemies":"3 Sentries","floor":6,"turns":1},{"damage":0,"enemies":"Cultist","floor":11,"turns":2},{"damage":20,"enemies":"Lagavulin","floor":12,"turns":7},{"damage":0,"enemies":"Exordium Wildlife","floor":13,"turns":4},{"damage":5,"enemies":"Large Slime","floor":14,"turns":5},{"damage":3,"enemies":"The Guardian","floor":16,"turns":10},{"damage":11,"enemies":"2 Thieves","floor":18,"turns":4},{"damage":0,"enemies":"Chosen","floor":20,"turns":5},{"damage":7,"enemies":"Centurion and Healer","floor":21,"turns":10},{"damage":18,"enemies":"Shelled Parasite and Fungi","floor":22,"turns":7},{"damage":19,"enemies":"Gremlin Leader","floor":23,"turns":7},{"damage":41,"enemies":"Book of Stabbing","floor":25,"turns":7},{"damage":10,"enemies":"Sentry and Sphere","floor":28,"turns":6},{"damage":17,"enemies":"Slavers","floor":29,"turns":5},{"damage":56,"enemies":"Automaton","floor":33,"turns":11},{"damage":2,"enemies":"3 Shapes","floor":35,"turns":5},{"damage":23,"enemies":"Mind Bloom Boss Battle","floor":36,"turns":8},{"damage":0,"enemies":"3 Darklings","floor":38,"turns":2},{"damage":90,"enemies":"Giant Head","floor":40,"turns":8}],"seed_played":"283490463738853714","potions_obtained":[{"floor":4,"key":"GhostInAJar"},{"floor":6,"key":"Weak Potion"},{"floor":11,"key":"Dexterity Potion"},{"floor":17,"key":"Block Potion"},{"floor":20,"key":"Weak Potion"},{"floor":28,"key":"EssenceOfSteel"},{"floor":29,"key":"Dexterity Potion"},{"floor":35,"key":"Swift Potion"}],"is_trial":false,"path_per_floor":["M","?","$","M","?","E","R","$","T","R","M","E","M","M","R","B",null,"M","?","M","M","M","E","R","E","T","R","M","E","R","?","R","B",null,"M","?","$","M","?","E"],"character_chosen":"THE_SILENT","items_purchased":["Lantern","Dagger Spray","Crippling Poison","Bag of Preparation"],"campfire_rested":4,"item_purchase_floors":[3,3,37,37],"current_hp_per_floor":[70,59,59,59,59,59,59,59,59,59,59,39,51,46,46,43,75,73,73,73,66,48,29,51,10,10,32,22,7,30,30,53,7,77,77,56,56,58,58,0],"gold":434,"neow_bonus":"THREE_ENEMY_KILL","is_prod":false,"is_daily":false,"chose_seed":false,"campfire_upgraded":3,"win_rate":0,"timestamp":1553136844,"path_taken":["M","?","$","M","?","E","R","$","T","R","?","E","M","M","R","BOSS","M","?","M","M","M","E","R","E","T","R","M","E","R","?","R","BOSS","M","?","$","M","?","E"],"build_version":"2019-01-23","purchased_purges":2,"victory":false,"max_hp_per_floor":[70,70,70,70,70,70,70,70,70,70,70,70,70,70,70,70,75,75,75,75,75,75,75,75,75,75,75,75,77,77,77,77,77,77,79,81,81,83,79,79],"card_choices":[{"not_picked":["Quick Slash","Dodge and Roll"],"picked":"Endless Agony","floor":1},{"not_picked":["Heel Hook","Eviscerate"],"picked":"Bane","floor":4},{"not_picked":["All Out Attack","Quick Slash"],"picked":"Dash","floor":6},{"not_picked":["Bane","Reflex"],"picked":"Sucker Punch","floor":11},{"not_picked":["Infinite Blades","Dagger Throw"],"picked":"Noxious Fumes","floor":12},{"not_picked":["Endless Agony","All Out Attack"],"picked":"Cloak And Dagger","floor":13},{"not_picked":["Deflect","Blade Dance"],"picked":"Leg Sweep","floor":14},{"not_picked":["Die Die Die","Malaise"],"picked":"Bullet Time","floor":16},{"not_picked":["PiercingWail","Outmaneuver"],"picked":"Noxious Fumes","floor":17},{"not_picked":["Flying Knee","Sucker Punch"],"picked":"Poisoned Stab","floor":18},{"not_picked":["Blade Dance","Phantasmal Killer"],"picked":"Noxious Fumes","floor":20},{"not_picked":["Slice+1","Backstab"],"picked":"Deadly Poison","floor":21},{"not_picked":["Cloak And Dagger+1","Prepared"],"picked":"Heel Hook","floor":22},{"not_picked":["Dagger Throw","Blade Dance"],"picked":"Backstab","floor":23},{"not_picked":["Underhanded Strike","Dagger Spray"],"picked":"Skewer","floor":25},{"not_picked":["Cloak And Dagger","Dagger Spray"],"picked":"Catalyst","floor":28},{"not_picked":["Caltrops","All Out Attack","Predator"],"picked":"Singing Bowl","floor":29},{"not_picked":["A Thousand Cuts+1","Venomology"],"picked":"Corpse Explosion","floor":33},{"not_picked":["Dash","Blade Dance","Slice+1"],"picked":"Singing Bowl","floor":35},{"not_picked":["Outmaneuver+1","Poisoned Stab","Dodge and Roll+1"],"picked":"Singing Bowl","floor":36},{"not_picked":["Blur+1","Accuracy+1","Quick Slash"],"picked":"Singing Bowl","floor":38}],"player_experience":318886,"relics_obtained":[{"floor":6,"key":"Smiling Mask"},{"floor":9,"key":"Singing Bowl"},{"floor":12,"key":"Ninja Scroll"},{"floor":23,"key":"Sundial"},{"floor":25,"key":"Orichalcum"},{"floor":26,"key":"Bronze Scales"},{"floor":29,"key":"Frozen Egg 2"},{"floor":36,"key":"Dead Branch"}],"event_choices":[{"damage_healed":0,"gold_gain":75,"player_choice":"Gather Gold","damage_taken":11,"max_hp_gain":0,"max_hp_loss":0,"event_name":"World of Goop","floor":2,"gold_loss":0},{"damage_healed":0,"gold_gain":0,"player_choice":"1 cards matched","damage_taken":0,"max_hp_gain":0,"max_hp_loss":0,"event_name":"Match and Keep!","floor":5,"gold_loss":0,"cards_obtained":["Venomology"]},{"damage_healed":0,"gold_gain":0,"player_choice":"Opened","damage_taken":0,"relics_obtained":["Ornamental Fan"],"max_hp_gain":0,"max_hp_loss":0,"event_name":"The Mausoleum","floor":19,"gold_loss":0,"cards_obtained":["Writhe"]},{"damage_healed":0,"gold_gain":0,"player_choice":"Smashed Altar","damage_taken":0,"max_hp_gain":0,"max_hp_loss":0,"event_name":"Forgotten Altar","floor":31,"gold_loss":0,"cards_obtained":["Decay"]},{"damage_healed":0,"gold_gain":0,"player_choice":"Fight","damage_taken":0,"max_hp_gain":0,"max_hp_loss":0,"event_name":"MindBloom","floor":36,"gold_loss":0},{"damage_healed":0,"gold_gain":0,"player_choice":"Max HP","damage_taken":0,"max_hp_gain":0,"max_hp_loss":4,"event_name":"Winding Halls","floor":39,"gold_loss":0}],"is_beta":false,"boss_relics":[{"not_picked":["Runic Dome","Sozu"],"picked":"Tiny House"},{"not_picked":["Empty Cage","White Beast Statue"],"picked":"WristBlade"}],"items_purged_floors":[8,37],"is_endless":false,"potions_floor_spawned":[4,6,11,16,18,20,28,29,35],"killed_by":"Giant Head","ascension_level":3}