{"gold_per_floor":[112,131,131,56,131,131,31,66,66,66,66,241,91,101,101,203,203,215,228,328,92,111,111],"floor_reached":23,"playtime":719,"items_purged":["Pain","Strike_R+1","Doubt","Strike_R"],"score":252,"play_id":"d73acdcf-9468-464c-b6ac-70ec1e6bf87f","local_time":"20190705095155","is_ascension_mode":true,"campfire_choices":[{"floor":6,"key":"REST"},{"floor":11,"key":"REST"},{"floor":15,"key":"REST"}],"neow_cost":"CURSE","seed_source_timestamp":257934107177201,"circlet_count":0,"master_deck":["Strike_R","Strike_R","Strike_R","Defend_R","Defend_R","Defend_R","Defend_R","Bash","Warcry","Pommel Strike+1","Flex","Offering","Exhume","Deep Breath"],"relics":["Burning Blood","Pocketwatch","Shovel","Mercury Hourglass","Sozu"],"potions_floor_usage":[16],"damage_taken":[{"damage":11,"enemies":"2 Louse","floor":1,"turns":3},{"damage":11,"enemies":"Small Slimes","floor":2,"turns":4},{"damage":55,"enemies":"Lagavulin","floor":8,"turns":9},{"damage":0,"enemies":"Cultist","floor":14,"turns":3},{"damage":13,"enemies":"Slime Boss","floor":16,"turns":7},{"damage":14,"enemies":"Chosen","floor":18,"turns":3},{"damage":20,"enemies":"Shell Parasite","floor":19,"turns":5},{"damage":21,"enemies":"Snake Plant","floor":22,"turns":3},{"damage":39,"enemies":"Book of Stabbing","floor":23,"turns":3}],"seed_played":"-655900535378961446","potions_obtained":[{"floor":8,"key":"Fire Potion"}],"is_trial":false,"path_per_floor":["M","M","?","$","?","R","$","E","T","?","R","?","$","M","R","B",null,"M","M","?","$","M","E"],"character_chosen":"IRONCLAD","items_purchased":["Flex","Deep Breath"],"campfire_rested":3,"item_purchase_floors":[13,21],"current_hp_per_floor":[67,62,46,46,35,59,59,10,10,3,27,27,27,33,57,50,73,65,51,51,51,36,0],"gold":111,"neow_bonus":"ONE_RARE_RELIC","is_prod":false,"is_daily":false,"chose_seed":false,"campfire_upgraded":0,"win_rate":0,"timestamp":1562313115,"path_taken":["M","M","?","$","?","R","$","E","T","?","R","?","$","M","R","BOSS","M","M","?","?","M","E"],"build_version":"2019-07-01","purchased_purges":4,"victory":false,"max_hp_per_floor":[80,80,80,80,80,80,80,80,80,80,80,80,80,80,80,80,80,80,80,80,80,80,80],"card_choices":[{"not_picked":["Havoc","Cleave"],"picked":"Warcry","floor":1},{"not_picked":["Anger","Iron Wave"],"picked":"Pommel Strike","floor":2},{"not_picked":["Body Slam","Anger","Metallicize"],"picked":"SKIP","floor":8},{"not_picked":["Headbutt","Clash"],"picked":"Offering","floor":14},{"not_picked":["Double Tap","Impervious"],"picked":"Exhume","floor":16},{"not_picked":["Sever Soul","Clothesline","Shrug It Off"],"picked":"SKIP","floor":18},{"not_picked":["Perfected Strike","Armaments","Wild Strike+1"],"picked":"SKIP","floor":19},{"not_picked":["Wild Strike","Sword Boomerang","Clothesline"],"picked":"SKIP","floor":22}],"player_experience":160128,"relics_obtained":[{"floor":8,"key":"Shovel"},{"floor":9,"key":"Mercury Hourglass"}],"event_choices":[{"damage_healed":0,"gold_gain":0,"player_choice":"Entered Light","damage_taken":16,"max_hp_gain":0,"max_hp_loss":0,"event_name":"Shining Light","floor":3,"gold_loss":0,"cards_upgraded":["Pommel Strike","Strike_R"]},{"damage_healed":0,"gold_gain":75,"player_choice":"Gather Gold","damage_taken":11,"max_hp_gain":0,"max_hp_loss":0,"event_name":"World of Goop","floor":5,"gold_loss":0},{"damage_healed":0,"gold_gain":0,"player_choice":"Fled","damage_taken":7,"max_hp_gain":0,"max_hp_loss":0,"event_name":"Scrap Ooze","floor":10,"gold_loss":0},{"damage_healed":0,"gold_gain":175,"player_choice":"AGREE","damage_taken":0,"max_hp_gain":0,"max_hp_loss":0,"event_name":"Liars Game","floor":12,"gold_loss":0,"cards_obtained":["Doubt"]},{"damage_healed":0,"gold_gain":100,"player_choice":"Pray","damage_taken":0,"max_hp_gain":0,"max_hp_loss":0,"event_name":"Golden Shrine","floor":20,"gold_loss":0}],"is_beta":false,"boss_relics":[{"not_picked":["Cursed Key","Astrolabe"],"picked":"Sozu"}],"items_purged_floors":[4,7,13,21],"is_endless":false,"potions_floor_spawned":[8],"killed_by":"Book of Stabbing","ascension_level":7}