{"gold_per_floor":[110,60,135,151,81,115,129,156,156,156,166,193,246,521,521,626,626,643,558,558,295,314,314,314,314,386,111,111,142,152,168,168,268,268,279,279,61,61,75,105,0,0,0,16,16,34,69,105,117,129],"floor_reached":51,"playtime":2476,"items_purged":["Regret"],"score":988,"play_id":"291837c4-48b7-415c-a294-6e94f358f46e","local_time":"20190705232809","is_ascension_mode":true,"campfire_choices":[{"data":"Accuracy","floor":10,"key":"SMITH"},{"data":"Cloak And Dagger","floor":15,"key":"SMITH"},{"data":"Apotheosis","floor":23,"key":"SMITH"},{"data":"Caltrops","floor":28,"key":"SMITH"},{"data":"Caltrops","floor":32,"key":"SMITH"},{"floor":45,"key":"REST"},{"floor":49,"key":"REST"}],"neow_cost":"NONE","seed_source_timestamp":107758632513363,"circlet_count":0,"master_deck":["Strike_G+1","Strike_G+1","Strike_G+1","Defend_G+1","Defend_G+1","Defend_G+1","Defend_G+1","Defend_G+1","Survivor","Neutralize","Caltrops+1","Quick Slash","Accuracy+1","All Out Attack","Cloak And Dagger+1","Blur+1","Sucker Punch","Blade Dance","Burst","Cloak And Dagger","Apotheosis+1","Leg Sweep+1","Accuracy+1","Caltrops+1","Backflip","Terror+1","Cloak And Dagger","Calculated Gamble+1","Blade Dance+1","Dagger Throw+1","PiercingWail","Tactician","Accuracy","Infinite Blades","Reflex","Cloak And Dagger+1","Accuracy","Crippling Poison+1","Noxious Fumes+1"],"relics":["Ring of the Snake","NeowsBlessing","Bottled Tornado","Nunchaku","Mummified Hand","Bag of Marbles","Philosopher\u0027s Stone","Torii","Anchor","Blue Candle","DollysMirror","Unceasing Top","Orrery","War Paint","Peace Pipe","Red Mask","Pear","MawBank","Lantern"],"potions_floor_usage":[8,8,12,16,16,16,33,47,50,50],"damage_taken":[{"damage":0,"enemies":"2 Louse","floor":1,"turns":1},{"damage":0,"enemies":"Small Slimes","floor":4,"turns":1},{"damage":0,"enemies":"Lagavulin","floor":6,"turns":1},{"damage":0,"enemies":"Cultist","floor":7,"turns":5},{"damage":7,"enemies":"3 Sentries","floor":8,"turns":6},{"damage":0,"enemies":"Looter","floor":11,"turns":3},{"damage":24,"enemies":"Gremlin Nob","floor":12,"turns":5},{"damage":1,"enemies":"Hexaghost","floor":16,"turns":6},{"damage":11,"enemies":"Shell Parasite","floor":18,"turns":6},{"damage":1,"enemies":"Spheric Guardian","floor":22,"turns":2},{"damage":0,"enemies":"Gremlin Leader","floor":29,"turns":4},{"damage":9,"enemies":"Snecko","floor":30,"turns":5},{"damage":0,"enemies":"Cultist and Chosen","floor":31,"turns":4},{"damage":13,"enemies":"Collector","floor":33,"turns":8},{"damage":0,"enemies":"3 Shapes","floor":35,"turns":4},{"damage":9,"enemies":"3 Darklings","floor":39,"turns":3},{"damage":9,"enemies":"Reptomancer","floor":40,"turns":6},{"damage":18,"enemies":"Sphere and 2 Shapes","floor":44,"turns":4},{"damage":0,"enemies":"Maw","floor":46,"turns":6},{"damage":14,"enemies":"Nemesis","floor":47,"turns":5},{"damage":56,"enemies":"Time Eater","floor":50,"turns":10}],"seed_played":"6676971862642839462","potions_obtained":[{"floor":1,"key":"EntropicBrew"},{"floor":11,"key":"GamblersBrew"},{"floor":12,"key":"Poison Potion"},{"floor":16,"key":"Dexterity Potion"},{"floor":22,"key":"Ancient Potion"},{"floor":29,"key":"SpeedPotion"},{"floor":35,"key":"EssenceOfSteel"},{"floor":44,"key":"Block Potion"}],"is_trial":false,"path_per_floor":["M","?","?","M","$","E","M","E","T","R","M","E","?","?","R","B",null,"M","?","?","$","M","R","?","?","T","$","R","E","M","M","R","B",null,"M","?","$","?","M","E","?","$","T","M","R","M","E","T","R","B",null],"character_chosen":"THE_SILENT","items_purchased":["Accuracy","Apotheosis","DollysMirror","Caltrops","War Paint","Infinite Blades"],"campfire_rested":2,"item_purchase_floors":[5,21,27,27,37,37],"current_hp_per_floor":[70,70,59,59,59,59,59,52,52,52,52,28,28,28,28,27,70,59,59,59,59,58,58,58,58,58,58,58,58,49,49,49,36,70,70,70,70,70,61,52,52,52,62,44,68,68,54,54,78,22],"gold":141,"neow_bonus":"THREE_ENEMY_KILL","is_prod":false,"is_daily":false,"chose_seed":false,"campfire_upgraded":5,"win_rate":0,"timestamp":1562394489,"path_taken":["M","?","?","M","$","E","M","E","T","R","M","E","?","?","R","BOSS","M","?","?","$","M","R","?","?","T","$","R","E","M","?","R","BOSS","M","?","?","?","?","E","?","$","T","M","R","M","E","?","R","BOSS"],"build_version":"2019-07-05","purchased_purges":1,"victory":true,"max_hp_per_floor":[70,70,70,70,70,70,70,70,70,70,70,70,70,70,70,70,70,70,70,70,70,70,70,70,70,70,70,70,70,70,70,70,70,70,70,70,70,70,70,70,70,70,80,80,80,80,80,80,80,80],"card_choices":[{"not_picked":["Poisoned Stab","Dodge and Roll"],"picked":"Caltrops","floor":1},{"not_picked":["Outmaneuver","Blade Dance"],"picked":"Quick Slash","floor":4},{"not_picked":["Bane","Sucker Punch"],"picked":"All Out Attack","floor":6},{"not_picked":["Dagger Spray","Underhanded Strike"],"picked":"Cloak And Dagger","floor":7},{"not_picked":["Bouncing Flask","Slice"],"picked":"Blur","floor":8},{"not_picked":["Acrobatics","Dodge and Roll"],"picked":"Sucker Punch","floor":11},{"not_picked":["Blur","Prepared"],"picked":"Blade Dance","floor":12},{"not_picked":["Unload","Wraith Form v2"],"picked":"Burst","floor":16},{"not_picked":["Underhanded Strike","Distraction"],"picked":"Cloak And Dagger","floor":18},{"not_picked":["Eviscerate","Bane"],"picked":"Leg Sweep+1","floor":22},{"not_picked":["Outmaneuver","Flechettes"],"picked":"Backflip","floor":29},{"not_picked":["Deadly Poison","Dagger Spray"],"picked":"Terror","floor":30},{"not_picked":["Riddle With Holes","Quick Slash+1"],"picked":"Cloak And Dagger","floor":31},{"not_picked":["Deadly Poison","Bane"],"picked":"Calculated Gamble+1","floor":34},{"not_picked":["Dash","Quick Slash"],"picked":"Blade Dance+1","floor":34},{"not_picked":["Crippling Poison","PiercingWail"],"picked":"Dagger Throw+1","floor":34},{"not_picked":["Outmaneuver","Quick Slash"],"picked":"PiercingWail","floor":34},{"not_picked":["Dagger Spray","Masterful Stab+1"],"picked":"Tactician","floor":34},{"not_picked":["Dodge and Roll+1","Terror+1"],"picked":"Accuracy","floor":35},{"not_picked":["Bouncing Flask+1","Concentrate+1"],"picked":"Reflex","floor":39},{"not_picked":["Backstab+1","Prepared"],"picked":"Cloak And Dagger+1","floor":40},{"not_picked":["Quick Slash+1","Blur+1"],"picked":"Accuracy","floor":44},{"not_picked":["Dodge and Roll+1","Catalyst+1"],"picked":"Crippling Poison+1","floor":46},{"not_picked":["Setup+1","PiercingWail+1"],"picked":"Noxious Fumes+1","floor":47}],"player_experience":559672,"relics_obtained":[{"floor":6,"key":"Bottled Tornado"},{"floor":8,"key":"Nunchaku"},{"floor":9,"key":"Mummified Hand"},{"floor":12,"key":"Bag of Marbles"},{"floor":26,"key":"Blue Candle"},{"floor":29,"key":"Unceasing Top"},{"floor":40,"key":"Peace Pipe"},{"floor":43,"key":"Pear"},{"floor":47,"key":"MawBank"},{"floor":48,"key":"Lantern"}],"event_choices":[{"cards_removed":["Strike_G"],"damage_healed":0,"gold_gain":0,"player_choice":"Card Removal","damage_taken":0,"max_hp_gain":0,"max_hp_loss":0,"event_name":"The Cleric","floor":2,"gold_loss":50},{"damage_healed":0,"gold_gain":75,"player_choice":"Gather Gold","damage_taken":11,"max_hp_gain":0,"max_hp_loss":0,"event_name":"World of Goop","floor":3,"gold_loss":0},{"damage_healed":0,"gold_gain":53,"player_choice":"Gained Gold","damage_taken":0,"max_hp_gain":0,"max_hp_loss":0,"event_name":"Golden Wing","floor":13,"gold_loss":0},{"damage_healed":0,"gold_gain":275,"player_choice":"Desecrate","damage_taken":0,"max_hp_gain":0,"max_hp_loss":0,"event_name":"Golden Shrine","floor":14,"gold_loss":0,"cards_obtained":["Regret"]},{"damage_healed":0,"gold_gain":0,"player_choice":"Obtained Relic","damage_taken":0,"relics_obtained":["Torii"],"max_hp_gain":0,"max_hp_loss":0,"event_name":"Addict","floor":19,"gold_loss":85},{"damage_healed":0,"gold_gain":0,"player_choice":"Simplicity","damage_taken":0,"max_hp_gain":0,"max_hp_loss":0,"event_name":"Back to Basics","floor":20,"gold_loss":0,"cards_upgraded":["Strike_G","Strike_G","Strike_G","Strike_G","Defend_G","Defend_G","Defend_G","Defend_G","Defend_G"]},{"damage_healed":0,"gold_gain":0,"player_choice":"Ignored","damage_taken":0,"max_hp_gain":0,"max_hp_loss":0,"event_name":"Ghosts","floor":24,"gold_loss":0},{"damage_healed":0,"gold_gain":0,"player_choice":"Gave Potion","damage_taken":0,"relics_obtained":["Anchor"],"max_hp_gain":0,"max_hp_loss":0,"event_name":"WeMeetAgain","floor":25,"gold_loss":0},{"cards_removed":["Strike_G"],"damage_healed":0,"gold_gain":0,"player_choice":"Offered Basic","damage_taken":0,"max_hp_gain":0,"max_hp_loss":0,"event_name":"Bonfire Elementals","floor":36,"gold_loss":0},{"damage_healed":0,"gold_gain":0,"player_choice":"0 cards matched","damage_taken":0,"max_hp_gain":0,"max_hp_loss":0,"event_name":"Match and Keep!","floor":38,"gold_loss":0,"cards_obtained":[]},{"damage_healed":0,"gold_gain":0,"player_choice":"Paid","damage_taken":0,"relics_obtained":["Red Mask"],"max_hp_gain":0,"max_hp_loss":0,"event_name":"Tomb of Lord Red Mask","floor":41,"gold_loss":105}],"is_beta":false,"boss_relics":[{"not_picked":["Ectoplasm","WristBlade"],"picked":"Philosopher\u0027s Stone"},{"not_picked":["Sozu","Pandora\u0027s Box"],"picked":"Orrery"}],"items_purged_floors":[21],"is_endless":false,"potions_floor_spawned":[1,11,12,16,22,29,35,44],"ascension_level":2}