{"gold_per_floor":[113,127,143,0,13,44,44,44,94,94,43,77,97,107,107,207,207,220,220,235,252,268,268,39,39,94,107,107,17,37,56,56,160,160,173,193,102,120,0,0,0,19,19,32,32,47,47,67,67,67,67,67,19,19],"floor_reached":54,"playtime":2963,"items_purged":["Strike_B"],"score":705,"play_id":"1116423b-b6b3-4888-b246-d130581c00a8","local_time":"20190705192554","is_ascension_mode":false,"campfire_choices":[{"data":"Defragment","floor":7,"key":"SMITH"},{"floor":10,"key":"REST"},{"floor":15,"key":"REST"},{"floor":23,"key":"REST"},{"data":"Echo Form","floor":25,"key":"SMITH"},{"data":"Self Repair","floor":28,"key":"SMITH"},{"floor":32,"key":"REST"},{"data":"Chill","floor":40,"key":"SMITH"},{"floor":45,"key":"RECALL"},{"data":"Seek","floor":47,"key":"SMITH"},{"floor":49,"key":"REST"},{"data":"Loop","floor":52,"key":"SMITH"}],"neow_cost":"TEN_PERCENT_HP_LOSS","seed_source_timestamp":1206072069144957,"circlet_count":0,"master_deck":["Defend_B+1","Zap","Dualcast","Chaos","Chaos","Barrage+1","Coolheaded","Sunder+1","Defragment+1","Leap+1","Defragment+1","Conserve Battery","Echo Form+1","Seek+1","Consume","Glacier","Chill+1","Hologram","Self Repair+1","Electrodynamics","Biased Cognition+1","Ball Lightning+1","All For One+1","Loop+1","Leap","BootSequence","BootSequence","Consume+1","Conserve Battery"],"relics":["Cracked Core","Pantograph","Vajra","Boot","Inserter","Whetstone","Bronze Scales","Astrolabe","Red Mask"],"potions_floor_usage":[6,6,12,21,33,48,54],"damage_taken":[{"damage":0,"enemies":"Small Slimes","floor":1,"turns":3},{"damage":0,"enemies":"Cultist","floor":2,"turns":3},{"damage":0,"enemies":"2 Louse","floor":3,"turns":2},{"damage":13,"enemies":"Lots of Slimes","floor":5,"turns":3},{"damage":14,"enemies":"3 Sentries","floor":6,"turns":7},{"damage":47,"enemies":"Gremlin Nob","floor":12,"turns":5},{"damage":1,"enemies":"Exordium Wildlife","floor":13,"turns":6},{"damage":0,"enemies":"Blue Slaver","floor":14,"turns":4},{"damage":3,"enemies":"Hexaghost","floor":16,"turns":8},{"damage":3,"enemies":"Chosen","floor":18,"turns":6},{"damage":19,"enemies":"Spheric Guardian","floor":20,"turns":5},{"damage":15,"enemies":"Centurion and Healer","floor":21,"turns":6},{"damage":0,"enemies":"Chosen and Byrds","floor":22,"turns":9},{"damage":8,"enemies":"Snecko","floor":27,"turns":6},{"damage":20,"enemies":"Centurion and Healer","floor":30,"turns":6},{"damage":0,"enemies":"Sentry and Sphere","floor":31,"turns":8},{"damage":0,"enemies":"Collector","floor":33,"turns":12},{"damage":24,"enemies":"3 Darklings","floor":35,"turns":4},{"damage":0,"enemies":"3 Shapes","floor":36,"turns":5},{"damage":0,"enemies":"Maw","floor":38,"turns":7},{"damage":0,"enemies":"Sphere and 2 Shapes","floor":42,"turns":6},{"damage":7,"enemies":"3 Darklings","floor":44,"turns":7},{"damage":7,"enemies":"Jaw Worm Horde","floor":46,"turns":5},{"damage":0,"enemies":"Transient","floor":48,"turns":5},{"damage":35,"enemies":"Donu and Deca","floor":50,"turns":9},{"damage":76,"enemies":"Shield and Spear","floor":54,"turns":6}],"seed_played":"-1136360216420165369","potions_obtained":[{"floor":1,"key":"Explosive Potion"},{"floor":3,"key":"AttackPotion"},{"floor":6,"key":"Explosive Potion"},{"floor":20,"key":"Block Potion"},{"floor":31,"key":"LiquidBronze"},{"floor":33,"key":"Fire Potion"},{"floor":36,"key":"SteroidPotion"},{"floor":46,"key":"FairyPotion"}],"is_trial":false,"path_per_floor":["M","M","M","$","M","E","R","?","T","R","$","E","M","M","R","B",null,"M","?","M","M","M","R","$","R","T","M","R","?","M","M","R","B",null,"M","M","$","M","?","R","?","M","T","M","R","M","R","M","R","B",null,"R","$","E"],"character_chosen":"DEFECT","items_purchased":["Defragment","Conserve Battery","Self Repair","Whetstone","Loop","Leap","Explosive Potion"],"campfire_rested":5,"item_purchase_floors":[4,11,24,24,37,37,53],"current_hp_per_floor":[68,68,68,68,55,41,41,41,41,61,61,14,13,13,33,55,68,65,65,46,31,31,51,51,51,51,50,50,50,40,50,68,68,68,64,68,68,68,68,68,65,65,65,65,65,58,58,58,65,30,65,65,65,0],"gold":19,"neow_bonus":"TRANSFORM_TWO_CARDS","is_prod":false,"is_daily":false,"chose_seed":false,"campfire_upgraded":6,"win_rate":0,"timestamp":1562379954,"path_taken":["M","M","M","$","M","E","R","?","T","R","$","E","?","M","R","BOSS","M","?","M","M","M","R","$","R","T","M","R","?","M","?","R","BOSS","M","M","$","M","?","R","?","M","T","M","R","M","R","M","R","BOSS","R","$","E"],"build_version":"2019-07-05","purchased_purges":1,"victory":false,"max_hp_per_floor":[68,68,68,68,68,68,68,68,68,68,68,68,68,68,68,68,68,68,68,68,68,68,68,68,68,68,68,68,68,68,68,68,68,68,68,68,68,68,68,68,65,65,65,65,65,65,65,65,65,65,65,65,65,65],"card_choices":[{"not_picked":["Hello World","Aggregate"],"picked":"Barrage","floor":1},{"not_picked":["Consume","Go for the Eyes"],"picked":"Coolheaded","floor":2},{"not_picked":["Cold Snap","Barrage"],"picked":"Sunder","floor":3},{"not_picked":["Beam Cell","Fusion"],"picked":"Leap","floor":5},{"not_picked":["Turbo","Beam Cell"],"picked":"Defragment","floor":6},{"not_picked":["Compile Driver","Steam","Barrage"],"picked":"SKIP","floor":12},{"not_picked":["Gash","Conserve Battery"],"picked":"Echo Form","floor":13},{"not_picked":["Cold Snap","Sweeping Beam","Streamline"],"picked":"SKIP","floor":14},{"not_picked":["Multi-Cast","Thunder Strike"],"picked":"Seek","floor":16},{"not_picked":["Genetic Algorithm","Steam"],"picked":"Consume","floor":18},{"not_picked":["Beam Cell","Conserve Battery"],"picked":"Glacier","floor":20},{"not_picked":["Conserve Battery","Turbo"],"picked":"Chill","floor":21},{"not_picked":["Turbo+1","Ball Lightning"],"picked":"Hologram","floor":22},{"not_picked":["Coolheaded+1","Heatsinks+1","Turbo"],"picked":"SKIP","floor":27},{"not_picked":["Sweeping Beam","Barrage","Steam Power+1"],"picked":"SKIP","floor":30},{"not_picked":["Hello World","Turbo","Go for the Eyes"],"picked":"SKIP","floor":31},{"not_picked":["Creative AI","Core Surge"],"picked":"Electrodynamics","floor":33},{"not_picked":["Sweeping Beam+1","Ball Lightning+1","Compile Driver"],"picked":"SKIP","floor":35},{"not_picked":["Turbo+1","Darkness+1","FTL"],"picked":"SKIP","floor":36},{"not_picked":["Turbo","Aggregate","Fusion+1"],"picked":"SKIP","floor":38},{"not_picked":["Rebound+1","Skim"],"picked":"BootSequence","floor":42},{"not_picked":["Ball Lightning+1","Rip and Tear"],"picked":"BootSequence","floor":44},{"not_picked":["Barrage+1","Cold Snap"],"picked":"Consume+1","floor":46},{"not_picked":["Hologram+1","Coolheaded"],"picked":"Conserve Battery","floor":48}],"player_experience":646015,"relics_obtained":[{"floor":6,"key":"Pantograph"},{"floor":9,"key":"Vajra"},{"floor":12,"key":"Boot"},{"floor":26,"key":"Bronze Scales"}],"event_choices":[{"damage_healed":0,"gold_gain":0,"player_choice":"Upgraded","damage_taken":0,"max_hp_gain":0,"max_hp_loss":0,"event_name":"Upgrade Shrine","floor":8,"gold_loss":0,"cards_upgraded":["Defragment"]},{"damage_healed":0,"gold_gain":0,"player_choice":"Simplicity","damage_taken":0,"max_hp_gain":0,"max_hp_loss":0,"event_name":"Back to Basics","floor":19,"gold_loss":0,"cards_upgraded":["Strike_B","Defend_B","Defend_B","Defend_B","Defend_B"]},{"cards_removed":["Strike_B"],"damage_healed":0,"gold_gain":0,"player_choice":"Upgrade and Remove","damage_taken":0,"max_hp_gain":0,"max_hp_loss":0,"event_name":"Designer","floor":29,"gold_loss":90,"cards_upgraded":["Leap"]},{"damage_healed":0,"gold_gain":0,"player_choice":"Paid","damage_taken":0,"relics_obtained":["Red Mask"],"max_hp_gain":0,"max_hp_loss":0,"event_name":"Tomb of Lord Red Mask","floor":39,"gold_loss":120},{"damage_healed":0,"gold_gain":0,"player_choice":"Max HP","damage_taken":0,"max_hp_gain":0,"max_hp_loss":3,"event_name":"Winding Halls","floor":41,"gold_loss":0}],"is_beta":false,"boss_relics":[{"not_picked":["Philosopher\u0027s Stone","Tiny House"],"picked":"Inserter"},{"not_picked":["Orrery","Sozu"],"picked":"Astrolabe"}],"items_purged_floors":[4],"is_endless":false,"potions_floor_spawned":[1,3,6,20,31,33,36,46],"killed_by":"Shield and Spear","ascension_level":0}