{"gold_per_floor":[113,113,113,52,67,67,80,90,90,102,115,115,145,156,156,233,233,173,173,84,9,9,9,9,9,9,9,9,9,9,9,9,9],"floor_reached":33,"playtime":1376,"items_purged":[],"score":620,"play_id":"4fe9a8b8-f433-4ed0-b236-612900b3f738","local_time":"20190120211538","is_ascension_mode":true,"campfire_choices":[{"data":"Disarm","floor":6,"key":"SMITH"},{"data":"True Grit","floor":12,"key":"SMITH"},{"floor":15,"key":"REST"},{"data":"Shockwave","floor":23,"key":"SMITH"},{"data":"Inflame","floor":32,"key":"SMITH"}],"neow_cost":"PERCENT_DAMAGE","seed_source_timestamp":59574250225700,"circlet_count":0,"master_deck":["AscendersBane","Strike_R+1","Strike_R+1","Strike_R","Strike_R","Defend_R","Defend_R","Defend_R","Defend_R","Bash","Disarm+1","Headbutt","True Grit+1","Thunderclap+1","Clothesline+1","Shockwave+1","Body Slam+1","Impervious","Whirlwind+1","Metallicize+1","Inflame+1","Warcry+1","Cleave+1","Ghostly Armor"],"relics":["Burning Blood","Calipers","Anchor","Molten Egg 2","PreservedInsect","Ectoplasm","Meat on the Bone","Happy Flower","Pear","Charon\u0027s Ashes","Letter Opener"],"potions_floor_usage":[18,25,30,33],"damage_taken":[{"damage":0,"enemies":"2 Louse","floor":1,"turns":3},{"damage":0,"enemies":"Jaw Worm","floor":5,"turns":3},{"damage":4,"enemies":"Small Slimes","floor":7,"turns":3},{"damage":6,"enemies":"3 Louse","floor":8,"turns":4},{"damage":16,"enemies":"Blue Slaver","floor":10,"turns":4},{"damage":0,"enemies":"2 Fungi Beasts","floor":11,"turns":2},{"damage":26,"enemies":"Lagavulin","floor":13,"turns":8},{"damage":9,"enemies":"Lots of Slimes","floor":14,"turns":4},{"damage":28,"enemies":"The Guardian","floor":16,"turns":17},{"damage":15,"enemies":"2 Thieves","floor":18,"turns":4},{"damage":14,"enemies":"Slavers","floor":25,"turns":5},{"damage":9,"enemies":"Spheric Guardian","floor":27,"turns":5},{"damage":0,"enemies":"Snake Plant","floor":28,"turns":5},{"damage":0,"enemies":"Gremlin Leader","floor":30,"turns":5},{"damage":93,"enemies":"Champ","floor":33,"turns":12}],"seed_played":"-2334274943501951905","potions_obtained":[{"floor":1,"key":"Ancient Potion"},{"floor":8,"key":"Poison Potion"},{"floor":18,"key":"SteroidPotion"},{"floor":25,"key":"Explosive Potion"},{"floor":30,"key":"PowerPotion"}],"is_trial":false,"path_per_floor":["M","?","?","?","M","R","M","M","T","M","M","R","E","M","R","B",null,"M","?","$","?","T","R","?","E","T","M","M","$","E","?","R","B"],"character_chosen":"IRONCLAD","items_purchased":["Metallicize"],"campfire_rested":1,"item_purchase_floors":[20],"current_hp_per_floor":[56,51,28,28,34,34,36,36,36,26,32,32,12,9,31,9,59,50,50,50,50,50,50,50,54,64,61,67,67,73,73,73,0],"gold":9,"neow_bonus":"ONE_RARE_RELIC","is_prod":false,"is_daily":false,"chose_seed":false,"campfire_upgraded":4,"win_rate":0,"timestamp":1548018938,"path_taken":["M","?","?","?","M","R","?","M","T","M","M","R","E","M","R","BOSS","M","?","$","?","?","R","?","E","T","M","?","?","E","?","R","BOSS"],"build_version":"2019-01-17v2","purchased_purges":0,"victory":false,"max_hp_per_floor":[75,75,75,75,75,75,75,75,75,75,75,75,75,75,75,75,75,75,75,75,75,75,75,75,75,85,85,85,85,85,85,85,85],"card_choices":[{"not_picked":["Evolve","Body Slam"],"picked":"Disarm","floor":1},{"not_picked":["Heavy Blade","Corruption"],"picked":"Headbutt","floor":5},{"not_picked":["Flex","Hemokinesis"],"picked":"True Grit","floor":7},{"not_picked":["Searing Blow","Anger","True Grit"],"picked":"SKIP","floor":8},{"not_picked":["Rage","Searing Blow+1"],"picked":"Thunderclap+1","floor":10},{"not_picked":["Evolve","Rage"],"picked":"Clothesline+1","floor":11},{"not_picked":["Offering","Anger+1"],"picked":"Shockwave","floor":13},{"not_picked":["True Grit","Rage"],"picked":"Body Slam+1","floor":14},{"not_picked":["Berserk","Fiend Fire+1"],"picked":"Impervious","floor":16},{"not_picked":["Rupture","Sword Boomerang+1"],"picked":"Whirlwind+1","floor":18},{"not_picked":["Spot Weakness","Flame Barrier"],"picked":"Inflame","floor":25},{"not_picked":["Shockwave","Anger+1"],"picked":"Warcry+1","floor":27},{"not_picked":["Entrench","Anger+1"],"picked":"Cleave+1","floor":28},{"not_picked":["True Grit","Rupture"],"picked":"Ghostly Armor","floor":30}],"player_experience":1211806,"relics_obtained":[{"floor":9,"key":"Molten Egg 2"},{"floor":13,"key":"PreservedInsect"},{"floor":22,"key":"Meat on the Bone"},{"floor":25,"key":"Happy Flower"},{"floor":26,"key":"Pear"},{"floor":30,"key":"Charon\u0027s Ashes"}],"event_choices":[{"damage_healed":0,"gold_gain":0,"player_choice":"Success","damage_taken":5,"relics_obtained":["Anchor"],"max_hp_gain":0,"max_hp_loss":0,"event_name":"Scrap Ooze","floor":2,"gold_loss":0},{"damage_healed":0,"gold_gain":0,"player_choice":"Entered Light","damage_taken":23,"max_hp_gain":0,"max_hp_loss":0,"event_name":"Shining Light","floor":3,"gold_loss":0,"cards_upgraded":["Strike_R","Strike_R"]},{"damage_healed":0,"gold_gain":0,"player_choice":"Left Gold","damage_taken":0,"max_hp_gain":0,"max_hp_loss":0,"event_name":"World of Goop","floor":4,"gold_loss":61},{"damage_healed":0,"gold_gain":50,"player_choice":"Stole From Cult","damage_taken":0,"max_hp_gain":0,"max_hp_loss":0,"event_name":"Nest","floor":19,"gold_loss":0},{"cards_removed":["Strike_R"],"damage_healed":0,"gold_gain":0,"player_choice":"Gave Gold","damage_taken":0,"max_hp_gain":0,"max_hp_loss":0,"event_name":"Beggar","floor":21,"gold_loss":75},{"damage_healed":0,"gold_gain":0,"player_choice":"Upgraded","damage_taken":0,"max_hp_gain":0,"max_hp_loss":0,"event_name":"Upgrade Shrine","floor":24,"gold_loss":0,"cards_upgraded":["Metallicize"]},{"damage_healed":0,"gold_gain":0,"player_choice":"Gave Potion","damage_taken":0,"relics_obtained":["Letter Opener"],"max_hp_gain":0,"max_hp_loss":0,"event_name":"WeMeetAgain","floor":31,"gold_loss":0}],"is_beta":false,"boss_relics":[{"not_picked":["Runic Dome","Black Blood"],"picked":"Ectoplasm"}],"items_purged_floors":[],"is_endless":false,"potions_floor_spawned":[1,8,10,14,16,18,25,30],"killed_by":"Champ","ascension_level":20}