{"gold_per_floor":[112,112,112,87,103,132,132,166,166,166,186,198,218,233,233,330,330,349,349,368,70,120,120,152,152,176,186,200,12,24,54,54,156,156,169,185,185],"floor_reached":37,"playtime":2289,"items_purged":[],"score":491,"play_id":"93544ca2-c705-480c-9c66-dbb49a331d9b","local_time":"20190618225212","is_ascension_mode":true,"campfire_choices":[{"data":"Well Laid Plans","floor":7,"key":"SMITH"},{"data":"Bouncing Flask","floor":10,"key":"SMITH"},{"floor":15,"key":"REST"},{"data":"Bullet Time","floor":23,"key":"SMITH"},{"floor":25,"key":"RECALL"},{"floor":32,"key":"REST"}],"neow_cost":"NONE","seed_source_timestamp":551705371299206,"circlet_count":0,"master_deck":["Defend_G","Defend_G","Defend_G","Defend_G","Defend_G","Strike_G","Strike_G","Strike_G","Strike_G","Strike_G","Survivor","Neutralize","Acrobatics","Regret","Backstab+1","Well Laid Plans+1","Bouncing Flask+1","Escape Plan","Dagger Throw+1","All Out Attack+1","Underhanded Strike+1","Bullet Time+1","Masterful Stab+1","Bouncing Flask+1","Glass Knife+1","Underhanded Strike+1","Infinite Blades","Dagger Throw+1","Infinite Blades","Accuracy+1","Prepared+1"],"relics":["Ring of the Snake","NeowsBlessing","Molten Egg 2","Tiny Chest","Incense Burner","Art of War","Kunai","Busted Crown","Meat on the Bone","FossilizedHelix","Dodecahedron","Bag of Marbles","Pocketwatch","White Beast Statue"],"potions_floor_usage":[8,20,24,24,27,31,31,35,37],"damage_taken":[{"damage":0,"enemies":"Small Slimes","floor":1,"turns":1},{"damage":0,"enemies":"Jaw Worm","floor":5,"turns":1},{"damage":0,"enemies":"Gremlin Nob","floor":6,"turns":1},{"damage":32,"enemies":"Lagavulin","floor":8,"turns":11},{"damage":0,"enemies":"Cultist","floor":11,"turns":2},{"damage":12,"enemies":"Exordium Thugs","floor":12,"turns":5},{"damage":1,"enemies":"2 Fungi Beasts","floor":13,"turns":3},{"damage":11,"enemies":"Lots of Slimes","floor":14,"turns":2},{"damage":13,"enemies":"Hexaghost","floor":16,"turns":8},{"damage":7,"enemies":"Chosen","floor":18,"turns":3},{"damage":4,"enemies":"2 Thieves","floor":20,"turns":2},{"damage":24,"enemies":"Gremlin Leader","floor":24,"turns":5},{"damage":0,"enemies":"Snecko","floor":27,"turns":2},{"damage":0,"enemies":"Chosen and Byrds","floor":28,"turns":4},{"damage":5,"enemies":"Sentry and Sphere","floor":30,"turns":4},{"damage":8,"enemies":"Book of Stabbing","floor":31,"turns":3},{"damage":17,"enemies":"Automaton","floor":33,"turns":9},{"damage":32,"enemies":"3 Darklings","floor":35,"turns":6},{"damage":0,"enemies":"3 Shapes","floor":36,"turns":3},{"damage":43,"enemies":"3 Darklings","floor":37,"turns":2}],"seed_played":"-7901195749590523222","potions_obtained":[{"floor":5,"key":"Explosive Potion"},{"floor":11,"key":"EntropicBrew"},{"floor":12,"key":"Fire Potion"},{"floor":14,"key":"GamblersBrew"},{"floor":24,"key":"AttackPotion"},{"floor":28,"key":"Swift Potion"},{"floor":31,"key":"Dexterity Potion"},{"floor":35,"key":"PowerPotion"},{"floor":36,"key":"PowerPotion"}],"is_trial":false,"path_per_floor":["M","?","?","?","M","E","R","E","T","R","M","M","M","M","R","B",null,"M","T","M","$","?","R","E","R","T","M","M","$","M","E","R","B",null,"M","M","M"],"character_chosen":"THE_SILENT","items_purchased":["FossilizedHelix","Bag of Marbles","Infinite Blades"],"campfire_rested":2,"item_purchase_floors":[21,29,29],"current_hp_per_floor":[70,70,70,70,70,70,70,38,38,38,38,26,25,14,35,22,70,63,63,59,59,59,59,47,47,47,47,47,47,42,46,67,50,70,38,38,0],"gold":185,"neow_bonus":"THREE_ENEMY_KILL","is_prod":false,"is_daily":false,"chose_seed":false,"campfire_upgraded":3,"win_rate":0,"timestamp":1560923532,"path_taken":["M","?","?","?","M","E","R","E","T","R","M","M","?","M","R","BOSS","M","?","M","$","?","R","E","R","T","M","M","$","M","E","R","BOSS","M","M","?"],"build_version":"2019-01-23","purchased_purges":0,"victory":false,"max_hp_per_floor":[70,70,70,70,70,70,70,70,70,70,70,70,70,70,70,70,70,70,70,70,70,70,70,70,70,70,70,70,70,70,70,70,70,70,70,70,70],"card_choices":[{"not_picked":["Cloak And Dagger","All Out Attack"],"picked":"Acrobatics","floor":1},{"not_picked":["PiercingWail","Slice+1"],"picked":"Backstab+1","floor":5},{"not_picked":["Terror","Wraith Form v2"],"picked":"Well Laid Plans","floor":6},{"not_picked":["Deadly Poison","Accuracy"],"picked":"Bouncing Flask","floor":8},{"not_picked":["Acrobatics","Cloak And Dagger"],"picked":"Escape Plan","floor":11},{"not_picked":["Dodge and Roll","Flying Knee+1"],"picked":"Dagger Throw+1","floor":12},{"not_picked":["Deflect","Sucker Punch+1"],"picked":"All Out Attack+1","floor":13},{"not_picked":["Dagger Spray+1","Poisoned Stab+1"],"picked":"Underhanded Strike+1","floor":14},{"not_picked":["Envenom","Wraith Form v2"],"picked":"Bullet Time","floor":16},{"not_picked":[],"picked":"Masterful Stab+1","floor":18},{"not_picked":[],"picked":"Bouncing Flask+1","floor":20},{"not_picked":[],"picked":"Glass Knife+1","floor":24},{"not_picked":["Choke+1"],"picked":"SKIP","floor":27},{"not_picked":[],"picked":"Underhanded Strike+1","floor":28},{"not_picked":[],"picked":"Dagger Throw+1","floor":30},{"not_picked":[],"picked":"Infinite Blades","floor":31},{"not_picked":[],"picked":"Accuracy+1","floor":35},{"not_picked":[],"picked":"Prepared+1","floor":36}],"player_experience":305689,"relics_obtained":[{"floor":6,"key":"Incense Burner"},{"floor":8,"key":"Art of War"},{"floor":9,"key":"Kunai"},{"floor":19,"key":"Meat on the Bone"},{"floor":24,"key":"Dodecahedron"},{"floor":31,"key":"Pocketwatch"}],"event_choices":[{"damage_healed":0,"gold_gain":0,"player_choice":"Ignored","damage_taken":0,"max_hp_gain":0,"max_hp_loss":0,"event_name":"Golden Wing","floor":2,"gold_loss":0},{"damage_healed":0,"gold_gain":0,"player_choice":"Box","damage_taken":0,"relics_obtained":["Molten Egg 2"],"max_hp_gain":0,"max_hp_loss":0,"event_name":"Big Fish","floor":3,"gold_loss":0,"cards_obtained":["Regret"]},{"damage_healed":0,"gold_gain":0,"player_choice":"Paid Gold","damage_taken":0,"relics_obtained":["Tiny Chest"],"max_hp_gain":0,"max_hp_loss":0,"event_name":"WeMeetAgain","floor":4,"gold_loss":55},{"damage_healed":0,"gold_gain":100,"player_choice":"Bet on Murderer","damage_taken":0,"max_hp_gain":0,"max_hp_loss":0,"event_name":"The Joust","floor":22,"gold_loss":50}],"is_beta":false,"boss_relics":[{"not_picked":["Lizard Tail","Runic Dome"],"picked":"Busted Crown"},{"not_picked":["Orrery","Pandora\u0027s Box"],"picked":"White Beast Statue"}],"items_purged_floors":[],"is_endless":false,"potions_floor_spawned":[5,11,12,14,24,28,30,31,35,36],"killed_by":"3 Darklings","ascension_level":2}