{"gold_per_floor":[112,112,6,18,18,46,46,46,46,66,100,100,100,125,125,228,228,248,262,262,277,277,277,304,304,304,304],"floor_reached":27,"playtime":1011,"items_purged":[],"score":435,"play_id":"6504b3eb-d675-4041-91c3-25f5e4391fb5","local_time":"20190629213454","is_ascension_mode":true,"campfire_choices":[{"data":"Zap","floor":7,"key":"SMITH"},{"data":"Dualcast","floor":12,"key":"SMITH"},{"data":"White Noise","floor":15,"key":"SMITH"},{"data":"Self Repair","floor":23,"key":"SMITH"},{"floor":25,"key":"REST"}],"neow_cost":"NONE","seed_source_timestamp":550517417761580,"circlet_count":0,"master_deck":["AscendersBane","Strike_B+1","Strike_B+1","Strike_B+1","Defend_B+1","Defend_B+1","Defend_B+1","Defend_B+1","Zap+1","Dualcast+1","Glacier","Self Repair+1","Ball Lightning","Glacier","Rebound","Cold Snap","Sweeping Beam","White Noise+1","Core Surge","Auto Shields+1","Chaos+1","Writhe"],"relics":["FrozenCore","NeowsBlessing","Boot","Shuriken","Gremlin Horn","Regal Pillow","Anchor","Pantograph","Prayer Wheel","Juzu Bracelet"],"potions_floor_usage":[18,24],"damage_taken":[{"damage":0,"enemies":"Small Slimes","floor":1,"turns":1},{"damage":0,"enemies":"Cultist","floor":4,"turns":1},{"damage":0,"enemies":"Lagavulin","floor":6,"turns":1},{"damage":0,"enemies":"2 Louse","floor":10,"turns":2},{"damage":22,"enemies":"3 Sentries","floor":11,"turns":11},{"damage":10,"enemies":"Lagavulin","floor":14,"turns":7},{"damage":24,"enemies":"Slime Boss","floor":16,"turns":11},{"damage":13,"enemies":"2 Thieves","floor":18,"turns":5},{"damage":0,"enemies":"Chosen","floor":19,"turns":6},{"damage":19,"enemies":"Snake Plant","floor":21,"turns":6},{"damage":32,"enemies":"Slavers","floor":24,"turns":11},{"damage":73,"enemies":"Book of Stabbing","floor":27,"turns":9}],"seed_played":"7815349930835770285","potions_obtained":[{"floor":4,"key":"SkillPotion"},{"floor":8,"key":"SkillPotion"},{"floor":16,"key":"Fire Potion"},{"floor":24,"key":"Ancient Potion"}],"is_trial":false,"path_per_floor":["M","?","$","M","$","E","R","?","T","M","E","R","?","E","R","B",null,"M","M","?","M","?","R","E","R","T","E"],"character_chosen":"DEFECT","items_purchased":["Self Repair","Ball Lightning"],"campfire_rested":1,"item_purchase_floors":[3,3],"current_hp_per_floor":[68,68,68,68,68,75,75,75,75,75,60,60,53,50,50,33,65,59,66,66,54,54,54,32,69,69,0],"gold":304,"neow_bonus":"THREE_ENEMY_KILL","is_prod":false,"is_daily":false,"chose_seed":false,"campfire_upgraded":4,"win_rate":0,"timestamp":1561858494,"path_taken":["M","?","?","M","$","E","R","?","T","?","E","R","?","E","R","BOSS","M","M","?","M","?","R","E","R","T","E"],"build_version":"2019-01-23","purchased_purges":0,"victory":false,"max_hp_per_floor":[75,75,75,75,75,75,75,75,75,75,75,75,75,75,75,75,75,75,75,75,75,75,75,75,75,75,75],"card_choices":[{"not_picked":["Coolheaded","Cold Snap"],"picked":"Glacier","floor":1},{"not_picked":["FTL","Melter"],"picked":"Glacier","floor":4},{"not_picked":["Aggregate","Streamline"],"picked":"Rebound","floor":6},{"not_picked":["Self Repair","Gash"],"picked":"Cold Snap","floor":10},{"not_picked":["Skim","Conserve Battery"],"picked":"Sweeping Beam","floor":11},{"not_picked":["Hyperbeam","Leap"],"picked":"White Noise","floor":14},{"not_picked":["All For One","Hyperbeam"],"picked":"Core Surge","floor":16},{"not_picked":["Beam Cell","Streamline","Leap"],"picked":"SKIP","floor":18},{"not_picked":["Rebound","Chaos"],"picked":"Auto Shields+1","floor":19},{"not_picked":["Redo","Steam"],"picked":"Chaos+1","floor":21},{"not_picked":["FTL","Darkness","Turbo"],"picked":"SKIP","floor":24}],"player_experience":446450,"relics_obtained":[{"floor":6,"key":"Boot"},{"floor":9,"key":"Shuriken"},{"floor":11,"key":"Gremlin Horn"},{"floor":14,"key":"Anchor"},{"floor":24,"key":"Prayer Wheel"},{"floor":26,"key":"Juzu Bracelet"}],"event_choices":[{"cards_removed":["Strike_B"],"damage_healed":0,"gold_gain":0,"player_choice":"Offered Basic","damage_taken":0,"max_hp_gain":0,"max_hp_loss":0,"event_name":"Bonfire Elementals","floor":2,"gold_loss":0},{"damage_healed":0,"gold_gain":0,"player_choice":"Got Potions","damage_taken":0,"max_hp_gain":0,"max_hp_loss":0,"event_name":"Lab","floor":8,"gold_loss":0},{"damage_healed":0,"gold_gain":0,"player_choice":"Success","damage_taken":7,"relics_obtained":["Regal Pillow"],"max_hp_gain":0,"max_hp_loss":0,"event_name":"Scrap Ooze","floor":13,"gold_loss":0},{"damage_healed":0,"gold_gain":0,"player_choice":"Simplicity","damage_taken":0,"max_hp_gain":0,"max_hp_loss":0,"event_name":"Back to Basics","floor":20,"gold_loss":0,"cards_upgraded":["Strike_B","Strike_B","Strike_B","Defend_B","Defend_B","Defend_B","Defend_B"]},{"damage_healed":0,"gold_gain":0,"player_choice":"Opened","damage_taken":0,"relics_obtained":["Pantograph"],"max_hp_gain":0,"max_hp_loss":0,"event_name":"The Mausoleum","floor":22,"gold_loss":0,"cards_obtained":["Writhe"]}],"is_beta":false,"boss_relics":[{"not_picked":["Black Star","Snecko Eye"],"picked":"FrozenCore"}],"items_purged_floors":[],"is_endless":false,"potions_floor_spawned":[4,10,11,14,16,24],"killed_by":"Book of Stabbing","ascension_level":12}