{"gold_per_floor":[118,134,134,209,209,240,257,257,257,287,304,304,322,356,356,356],"floor_reached":16,"playtime":464,"items_purged":[],"score":290,"play_id":"0efc0e11-2335-48a6-9e5d-5cd5880641c5","local_time":"20190615232127","is_ascension_mode":true,"campfire_choices":[{"data":"Bash","floor":8,"key":"SMITH"},{"floor":15,"key":"REST"}],"neow_cost":"NONE","seed_source_timestamp":157178057007900,"circlet_count":0,"master_deck":["AscendersBane","Strike_R","Strike_R","Strike_R","Strike_R","Strike_R","Defend_R","Defend_R","Defend_R","Bash+1","Spot Weakness","Shockwave","Twin Strike","Ghostly Armor","Dropkick","Cleave"],"relics":["Burning Blood","NeowsBlessing","The Courier","Strawberry","Lantern","Art of War","Oddly Smooth Stone"],"potions_floor_usage":[14,14],"damage_taken":[{"damage":0,"enemies":"Small Slimes","floor":1,"turns":1},{"damage":0,"enemies":"Jaw Worm","floor":2,"turns":1},{"damage":0,"enemies":"3 Sentries","floor":6,"turns":1},{"damage":2,"enemies":"2 Louse","floor":7,"turns":4},{"damage":36,"enemies":"Gremlin Nob","floor":10,"turns":4},{"damage":1,"enemies":"2 Fungi Beasts","floor":11,"turns":3},{"damage":5,"enemies":"Large Slime","floor":13,"turns":4},{"damage":23,"enemies":"3 Sentries","floor":14,"turns":7},{"damage":53,"enemies":"Hexaghost","floor":16,"turns":8}],"seed_played":"1471534366052250098","potions_obtained":[{"floor":1,"key":"SpeedPotion"},{"floor":6,"key":"Explosive Potion"},{"floor":10,"key":"Dexterity Potion"}],"is_trial":false,"path_per_floor":["M","M","?","?","?","E","M","R","T","E","M","?","M","E","R","B"],"character_chosen":"IRONCLAD","items_purchased":[],"campfire_rested":1,"item_purchase_floors":[],"current_hp_per_floor":[74,75,68,57,52,65,69,69,69,39,44,44,45,28,52,0],"gold":356,"neow_bonus":"THREE_ENEMY_KILL","is_prod":false,"is_daily":false,"chose_seed":false,"campfire_upgraded":1,"win_rate":0,"timestamp":1560637287,"path_taken":["M","M","?","?","?","E","M","R","T","E","M","?","M","E","R","BOSS"],"build_version":"2019-01-23","purchased_purges":0,"victory":false,"max_hp_per_floor":[75,75,75,75,75,82,82,82,82,82,82,82,82,82,82,82],"card_choices":[{"not_picked":["Fire Breathing","Second Wind","Blood for Blood"],"picked":"SKIP","floor":1},{"not_picked":["Armaments","Sever Soul"],"picked":"Spot Weakness","floor":2},{"not_picked":["Anger","True Grit","Havoc"],"picked":"SKIP","floor":6},{"not_picked":["Rage","Hemokinesis"],"picked":"Shockwave","floor":7},{"not_picked":["Entrench","Iron Wave"],"picked":"Twin Strike","floor":10},{"not_picked":["Headbutt","Havoc"],"picked":"Ghostly Armor","floor":11},{"not_picked":["Carnage","Armaments"],"picked":"Dropkick","floor":13},{"not_picked":["Blood for Blood","Exhume"],"picked":"Cleave","floor":14}],"player_experience":1298149,"relics_obtained":[{"floor":6,"key":"Strawberry"},{"floor":9,"key":"Lantern"},{"floor":10,"key":"Art of War"},{"floor":14,"key":"Oddly Smooth Stone"}],"event_choices":[{"cards_removed":["Defend_R"],"damage_healed":0,"gold_gain":0,"player_choice":"Card Removal","damage_taken":7,"max_hp_gain":0,"max_hp_loss":0,"event_name":"Golden Wing","floor":3,"gold_loss":0},{"damage_healed":0,"gold_gain":75,"player_choice":"Gather Gold","damage_taken":11,"max_hp_gain":0,"max_hp_loss":0,"event_name":"World of Goop","floor":4,"gold_loss":0},{"damage_healed":0,"gold_gain":0,"player_choice":"Success","damage_taken":5,"relics_obtained":["The Courier"],"max_hp_gain":0,"max_hp_loss":0,"event_name":"Scrap Ooze","floor":5,"gold_loss":0},{"damage_healed":0,"gold_gain":0,"player_choice":"Ignored","damage_taken":0,"max_hp_gain":0,"max_hp_loss":0,"event_name":"Liars Game","floor":12,"gold_loss":0}],"is_beta":false,"boss_relics":[],"items_purged_floors":[],"is_endless":false,"potions_floor_spawned":[1,6,10,13],"killed_by":"Hexaghost","ascension_level":20}