{"gold_per_floor":[110,124,137,137,11,36,36,54,54,66,99,99,115,115,115,190,190,209,228,245,260,260,260],"floor_reached":23,"playtime":917,"items_purged":["Defend_R"],"score":410,"play_id":"21aec5d7-5f3d-4cd9-86aa-5331dfa441e5","local_time":"20190614171525","is_ascension_mode":true,"campfire_choices":[{"data":"Bash","floor":7,"key":"SMITH"},{"data":"1","floor":12,"key":"LIFT"},{"floor":15,"key":"REST"}],"neow_cost":"NONE","seed_source_timestamp":48362413309300,"circlet_count":0,"master_deck":["AscendersBane","Strike_R","Strike_R","Strike_R","Strike_R","Strike_R","Defend_R","Defend_R","Defend_R","Bash+1","Twin Strike","Sword Boomerang","Carnage","Cleave","Shrug It Off","Inflame","Flame Barrier","Disarm+1","Armaments+1","Havoc+1","Feed","True Grit+1","Clothesline","Whirlwind","Warcry+1","Decay"],"relics":["Burning Blood","NeowsBlessing","The Courier","Toxic Egg 2","Girya","Cursed Key"],"potions_floor_usage":[6,11,13,21,23],"damage_taken":[{"damage":0,"enemies":"Cultist","floor":1,"turns":1},{"damage":0,"enemies":"Small Slimes","floor":2,"turns":1},{"damage":0,"enemies":"Jaw Worm","floor":3,"turns":1},{"damage":25,"enemies":"Lagavulin","floor":6,"turns":6},{"damage":24,"enemies":"Exordium Wildlife","floor":8,"turns":4},{"damage":9,"enemies":"2 Fungi Beasts","floor":10,"turns":4},{"damage":22,"enemies":"3 Sentries","floor":11,"turns":7},{"damage":1,"enemies":"Looter","floor":13,"turns":4},{"damage":29,"enemies":"Slime Boss","floor":16,"turns":9},{"damage":18,"enemies":"Shell Parasite","floor":18,"turns":5},{"damage":3,"enemies":"3 Byrds","floor":19,"turns":4},{"damage":34,"enemies":"Sentry and Sphere","floor":20,"turns":6},{"damage":28,"enemies":"3 Cultists","floor":21,"turns":5},{"damage":21,"enemies":"Book of Stabbing","floor":23,"turns":3}],"seed_played":"-6863241088632752937","potions_obtained":[{"floor":1,"key":"Poison Potion"},{"floor":10,"key":"SkillPotion"},{"floor":11,"key":"Regen Potion"},{"floor":16,"key":"PowerPotion"},{"floor":19,"key":"SmokeBomb"},{"floor":20,"key":"SkillPotion"}],"is_trial":false,"path_per_floor":["M","M","M","?","$","E","R","M","T","M","E","R","M","?","R","B",null,"M","M","M","M","?","E"],"character_chosen":"IRONCLAD","items_purchased":["Shrug It Off"],"campfire_rested":1,"item_purchase_floors":[5],"current_hp_per_floor":[74,75,75,75,75,56,56,38,38,35,19,19,36,41,65,42,71,63,66,38,19,19,0],"gold":260,"neow_bonus":"THREE_ENEMY_KILL","is_prod":false,"is_daily":false,"chose_seed":false,"campfire_upgraded":1,"win_rate":0,"timestamp":1560528925,"path_taken":["M","M","?","?","$","E","R","?","T","M","E","R","M","?","R","BOSS","M","M","M","M","?","E"],"build_version":"2019-01-23","purchased_purges":1,"victory":false,"max_hp_per_floor":[75,75,75,75,75,75,75,75,75,75,75,75,75,80,80,80,80,84,84,84,87,87,87],"card_choices":[{"not_picked":["Heavy Blade","Sentinel"],"picked":"Twin Strike","floor":1},{"not_picked":["Combust","Rage"],"picked":"Sword Boomerang","floor":2},{"not_picked":["Twin Strike","Perfected Strike"],"picked":"Carnage","floor":3},{"not_picked":["Iron Wave","Entrench"],"picked":"Inflame","floor":6},{"not_picked":["Warcry","Heavy Blade"],"picked":"Flame Barrier","floor":8},{"not_picked":["Perfected Strike","Juggernaut"],"picked":"Disarm+1","floor":10},{"not_picked":["Spot Weakness+1","Metallicize"],"picked":"Armaments+1","floor":11},{"not_picked":["Clothesline","Perfected Strike"],"picked":"Havoc+1","floor":13},{"not_picked":["Berserk","Brutality"],"picked":"Feed","floor":16},{"not_picked":["Iron Wave","Evolve"],"picked":"True Grit+1","floor":18},{"not_picked":["True Grit+1","Bloodletting+1"],"picked":"Clothesline","floor":19},{"not_picked":["Carnage","Inflame"],"picked":"Whirlwind","floor":20},{"not_picked":["Armaments+1","Feel No Pain"],"picked":"Warcry+1","floor":21}],"player_experience":1293646,"relics_obtained":[{"floor":6,"key":"The Courier"},{"floor":9,"key":"Toxic Egg 2"},{"floor":11,"key":"Girya"}],"event_choices":[{"damage_healed":0,"gold_gain":0,"player_choice":"1 cards matched","damage_taken":0,"max_hp_gain":0,"max_hp_loss":0,"event_name":"Match and Keep!","floor":4,"gold_loss":0,"cards_obtained":["Cleave"]},{"damage_healed":0,"gold_gain":0,"player_choice":"Donut","damage_taken":0,"max_hp_gain":5,"max_hp_loss":0,"event_name":"Big Fish","floor":14,"gold_loss":0},{"damage_healed":0,"gold_gain":0,"player_choice":"Smashed Altar","damage_taken":0,"max_hp_gain":0,"max_hp_loss":0,"event_name":"Forgotten Altar","floor":22,"gold_loss":0,"cards_obtained":["Decay"]}],"is_beta":false,"boss_relics":[{"not_picked":["Lizard Tail","Runic Dome"],"picked":"Cursed Key"}],"items_purged_floors":[5],"is_endless":false,"potions_floor_spawned":[1,10,11,16,19,20],"killed_by":"Book of Stabbing","ascension_level":20}