{"gold_per_floor":[113,188,214,224,7,42,55,55,55,68,68,68,88,105,105,201,201,215,228,248,248,265,265,265],"floor_reached":24,"playtime":811,"items_purged":[],"score":225,"play_id":"25b5a487-4c8d-4054-a8f2-a75d57ca9999","local_time":"20190703102517","is_ascension_mode":false,"campfire_choices":[{"data":"1","floor":8,"key":"LIFT"},{"data":"2","floor":11,"key":"LIFT"},{"data":"3","floor":15,"key":"LIFT"},{"floor":23,"key":"REST"}],"neow_cost":"NONE","seed_source_timestamp":1002987192749087,"circlet_count":0,"master_deck":["Strike_B","Strike_B","Strike_B","Strike_B","Defend_B+1","Defend_B","Defend_B+1","Defend_B","Zap","Dualcast","Coolheaded","Ball Lightning","Capacitor","Rainbow+1","Cold Snap","Steam","Genetic Algorithm","Defragment","Core Surge","Conserve Battery","Sweeping Beam","Chaos","Go for the Eyes","Doom and Gloom","Glacier","Steam","Loop"],"relics":["NeowsBlessing","War Paint","Blood Vial","Girya","Pear","Orrery","Nloth\u0027s Gift"],"potions_floor_usage":[19,20,24],"damage_taken":[{"damage":0,"enemies":"Small Slimes","floor":1,"turns":1},{"damage":0,"enemies":"Jaw Worm","floor":4,"turns":1},{"damage":0,"enemies":"Lagavulin","floor":6,"turns":1},{"damage":3,"enemies":"2 Louse","floor":7,"turns":3},{"damage":9,"enemies":"Gremlin Gang","floor":10,"turns":4},{"damage":0,"enemies":"Exordium Wildlife","floor":13,"turns":3},{"damage":0,"enemies":"Exordium Thugs","floor":14,"turns":3},{"damage":23,"enemies":"Slime Boss","floor":16,"turns":5},{"damage":10,"enemies":"Shell Parasite","floor":18,"turns":7},{"damage":27,"enemies":"2 Thieves","floor":19,"turns":4},{"damage":24,"enemies":"Snake Plant","floor":20,"turns":5},{"damage":17,"enemies":"Cultist and Chosen","floor":22,"turns":8},{"damage":44,"enemies":"Book of Stabbing","floor":24,"turns":5}],"seed_played":"3387929099910473614","potions_obtained":[{"floor":4,"key":"SteroidPotion"},{"floor":6,"key":"LiquidBronze"},{"floor":10,"key":"Swift Potion"},{"floor":22,"key":"LiquidBronze"}],"is_trial":false,"path_per_floor":["M","?","T","M","$","E","M","R","T","M","R","?","M","M","R","B",null,"M","M","M","?","M","R","E"],"character_chosen":"DEFECT","items_purchased":["Blood Vial","Capacitor"],"campfire_rested":1,"item_purchase_floors":[5,5],"current_hp_per_floor":[75,64,64,64,64,66,65,65,75,68,68,68,70,72,72,51,85,75,50,28,28,13,38,0],"gold":265,"neow_bonus":"THREE_ENEMY_KILL","is_prod":false,"is_daily":false,"chose_seed":false,"campfire_upgraded":0,"win_rate":0,"timestamp":1562174717,"path_taken":["M","?","?","M","$","E","M","R","T","M","R","?","M","M","R","BOSS","M","M","M","?","M","R","E"],"build_version":"2019-07-01","purchased_purges":0,"victory":false,"max_hp_per_floor":[75,75,75,75,75,75,75,75,85,85,85,85,85,85,85,85,85,85,85,85,85,85,85,85],"card_choices":[{"not_picked":["Consume","Force Field"],"picked":"Coolheaded","floor":1},{"not_picked":["Coolheaded","Rip and Tear"],"picked":"Ball Lightning","floor":4},{"not_picked":["Steam","Hello World"],"picked":"Rainbow","floor":6},{"not_picked":["Stack","Barrage"],"picked":"Cold Snap","floor":7},{"not_picked":["Ball Lightning","Lockon"],"picked":"Steam","floor":10},{"not_picked":["Redo","Tempest"],"picked":"Genetic Algorithm","floor":13},{"not_picked":["Glacier","Go for the Eyes"],"picked":"Defragment","floor":14},{"not_picked":["All For One","Fission"],"picked":"Core Surge","floor":16},{"not_picked":["Doom and Gloom","Gash"],"picked":"Conserve Battery","floor":17},{"not_picked":["Gash","Steam Power"],"picked":"Sweeping Beam","floor":17},{"not_picked":["Streamline","Loop"],"picked":"Chaos","floor":17},{"not_picked":["Sweeping Beam","Streamline"],"picked":"Go for the Eyes","floor":17},{"not_picked":["Cold Snap","Sweeping Beam"],"picked":"Doom and Gloom","floor":17},{"not_picked":["Steam Power","All For One"],"picked":"Glacier","floor":18},{"not_picked":["Turbo","Gash"],"picked":"Steam","floor":19},{"not_picked":["Stack","Turbo","Barrage+1"],"picked":"SKIP","floor":20},{"not_picked":["Doom and Gloom","Conserve Battery"],"picked":"Loop","floor":22}],"player_experience":613097,"relics_obtained":[{"floor":3,"key":"War Paint"},{"floor":6,"key":"Girya"},{"floor":9,"key":"Pear"}],"event_choices":[{"damage_healed":0,"gold_gain":75,"player_choice":"Gather Gold","damage_taken":11,"max_hp_gain":0,"max_hp_loss":0,"event_name":"World of Goop","floor":2,"gold_loss":0},{"damage_healed":0,"gold_gain":0,"player_choice":"Grow","damage_taken":0,"max_hp_gain":0,"max_hp_loss":0,"event_name":"Living Wall","floor":12,"gold_loss":0,"cards_upgraded":["Rainbow"]},{"damage_healed":0,"gold_gain":0,"player_choice":"Traded Relic","damage_taken":0,"relics_obtained":["Nloth\u0027s Gift"],"max_hp_gain":0,"max_hp_loss":0,"event_name":"N\u0027loth","floor":21,"relics_lost":["Cracked Core"],"gold_loss":0}],"is_beta":false,"boss_relics":[{"not_picked":["Runic Dome","Snecko Eye"],"picked":"Orrery"}],"items_purged_floors":[],"is_endless":false,"potions_floor_spawned":[4,6,10,16,22],"killed_by":"Book of Stabbing","ascension_level":0}