{"gold_per_floor":[117,117,133,133,133,165,179,7,53,53,13,13,33,61,61,138,138,150,150,170,200,213,243,243,261,261,290,36,36,50,61,61,135,135,153,78,78,97,110,110,110,110,183,183,183,195,221,234,234,234],"floor_reached":50,"playtime":3335,"items_purged":["Strike_G"],"score":1083,"play_id":"ba830548-edb1-4950-957c-0975602b641e","local_time":"20190625203800","is_ascension_mode":true,"campfire_choices":[{"floor":10,"key":"REST"},{"floor":12,"key":"REST"},{"data":"Bouncing Flask","floor":15,"key":"SMITH"},{"floor":24,"key":"REST"},{"floor":29,"key":"REST"},{"floor":32,"key":"REST"},{"data":"A Thousand Cuts","floor":40,"key":"SMITH"},{"floor":42,"key":"RECALL"},{"data":"Doppelganger","floor":44,"key":"SMITH"},{"floor":49,"key":"REST"}],"neow_cost":"NONE","seed_source_timestamp":275987473987311,"circlet_count":0,"master_deck":["AscendersBane","Defend_G","Defend_G","Defend_G","Defend_G","Defend_G","Survivor","Neutralize+1","Poisoned Stab+1","Cloak And Dagger","Poisoned Stab+1","Backstab","Bouncing Flask+1","Corpse Explosion","Doppelganger+1","Cloak And Dagger","Bullet Time","A Thousand Cuts+1","Backflip","Adrenaline","Adrenaline","Calculated Gamble+1","Predator"],"relics":["Ring of the Snake","Lantern","Potion Belt","Whetstone","Vajra","Snecko Eye","Tiny Chest","Happy Flower","Bottled Lightning","Boot","TwistedFunnel","Runic Pyramid","Dream Catcher"],"potions_floor_usage":[6,16,23,23,33,47,50],"damage_taken":[{"damage":0,"enemies":"Jaw Worm","floor":1,"turns":6},{"damage":0,"enemies":"Cultist","floor":3,"turns":5},{"damage":43,"enemies":"Gremlin Nob","floor":6,"turns":5},{"damage":0,"enemies":"2 Louse","floor":7,"turns":2},{"damage":0,"enemies":"Blue Slaver","floor":13,"turns":2},{"damage":11,"enemies":"Lagavulin","floor":14,"turns":5},{"damage":22,"enemies":"The Guardian","floor":16,"turns":8},{"damage":9,"enemies":"Chosen","floor":18,"turns":3},{"damage":26,"enemies":"Spheric Guardian","floor":20,"turns":5},{"damage":12,"enemies":"Centurion and Healer","floor":22,"turns":4},{"damage":3,"enemies":"Slavers","floor":23,"turns":3},{"damage":24,"enemies":"Shelled Parasite and Fungi","floor":25,"turns":4},{"damage":0,"enemies":"Gremlin Leader","floor":27,"turns":4},{"damage":6,"enemies":"Snake Plant","floor":30,"turns":3},{"damage":9,"enemies":"Centurion and Healer","floor":31,"turns":2},{"damage":24,"enemies":"Collector","floor":33,"turns":8},{"damage":0,"enemies":"3 Darklings","floor":35,"turns":1},{"damage":3,"enemies":"Orb Walker","floor":38,"turns":3},{"damage":12,"enemies":"4 Shapes","floor":39,"turns":3},{"damage":8,"enemies":"Spire Growth","floor":46,"turns":4},{"damage":12,"enemies":"Reptomancer","floor":47,"turns":4},{"damage":0,"enemies":"Sphere and 2 Shapes","floor":48,"turns":3},{"damage":50,"enemies":"Time Eater","floor":50,"turns":3}],"seed_played":"-1412610914906974117","potions_obtained":[{"floor":2,"key":"PowerPotion"},{"floor":2,"key":"Swift Potion"},{"floor":3,"key":"SteroidPotion"},{"floor":6,"key":"Fire Potion"},{"floor":11,"key":"GhostInAJar"},{"floor":11,"key":"LiquidBronze"},{"floor":14,"key":"Strength Potion"},{"floor":22,"key":"Dexterity Potion"},{"floor":25,"key":"Explosive Potion"},{"floor":27,"key":"SpeedPotion"},{"floor":33,"key":"Energy Potion"},{"floor":35,"key":"GhostInAJar"},{"floor":47,"key":"Strength Potion"}],"is_trial":false,"path_per_floor":["M","?","M","?","?","E","M","$","T","R","?","R","M","E","R","B",null,"M","?","M","T","M","E","R","M","T","E","$","R","M","M","R","B",null,"M","$","?","M","M","R","?","R","T","R","?","M","E","M","R","B"],"character_chosen":"THE_SILENT","items_purchased":["Potion Belt","TwistedFunnel","Backflip"],"campfire_rested":6,"item_purchase_floors":[8,28,28],"current_hp_per_floor":[59,59,59,64,57,14,14,14,14,35,35,56,56,45,45,23,59,50,50,24,24,12,9,30,6,6,6,6,27,21,12,33,9,56,56,56,56,53,41,41,41,41,41,41,41,33,21,21,41,0],"gold":234,"neow_bonus":"UPGRADE_CARD","is_prod":false,"is_daily":false,"chose_seed":false,"campfire_upgraded":3,"win_rate":0,"timestamp":1561509480,"path_taken":["M","?","?","?","?","E","M","?","T","R","?","R","?","E","R","BOSS","M","?","M","?","M","E","R","?","T","E","$","R","M","M","R","BOSS","M","$","?","M","?","R","?","R","T","R","?","M","E","M","R","BOSS"],"build_version":"2019-01-23","purchased_purges":1,"victory":false,"max_hp_per_floor":[66,66,66,71,71,71,71,71,71,71,71,71,71,71,71,71,71,71,71,71,71,71,71,71,71,71,71,71,71,71,71,71,71,71,71,71,71,71,71,71,67,67,67,67,67,67,67,67,67,67],"card_choices":[{"not_picked":["Flying Knee","Expertise"],"picked":"Poisoned Stab","floor":1},{"not_picked":["Deflect","Backflip"],"picked":"Cloak And Dagger","floor":3},{"not_picked":["Wraith Form v2","Flying Knee"],"picked":"Poisoned Stab","floor":6},{"not_picked":["Dagger Spray","PiercingWail"],"picked":"Backstab","floor":7},{"not_picked":["Flying Knee","Flechettes"],"picked":"Bouncing Flask","floor":13},{"not_picked":["Dagger Spray","Blade Dance"],"picked":"Corpse Explosion","floor":14},{"not_picked":["Night Terror","Corpse Explosion"],"picked":"Doppelganger","floor":16},{"not_picked":["Underhanded Strike+1","Bane"],"picked":"Cloak And Dagger","floor":18},{"not_picked":["Bane","Poisoned Stab","Dagger Throw"],"picked":"SKIP","floor":20},{"not_picked":["Tactician","Blade Dance","Burst"],"picked":"SKIP","floor":22},{"not_picked":["Bane+1","Underhanded Strike","Slice"],"picked":"SKIP","floor":23},{"not_picked":["Underhanded Strike","All Out Attack","Dodge and Roll"],"picked":"SKIP","floor":25},{"not_picked":["Prepared","Quick Slash","Deadly Poison"],"picked":"SKIP","floor":27},{"not_picked":["Expertise","Distraction"],"picked":"Adrenaline","floor":30},{"not_picked":["Flying Knee","Dodge and Roll","Prepared"],"picked":"SKIP","floor":31},{"not_picked":["Grand Finale","Storm of Steel"],"picked":"Adrenaline","floor":33},{"not_picked":["Cloak And Dagger","Endless Agony"],"picked":"Calculated Gamble+1","floor":35},{"not_picked":["Deadly Poison","Outmaneuver","Skewer"],"picked":"SKIP","floor":38},{"not_picked":["Sucker Punch+1","Backflip+1","Cloak And Dagger"],"picked":"SKIP","floor":39},{"not_picked":["Dodge and Roll","Prepared+1"],"picked":"Predator","floor":46},{"not_picked":["Acrobatics","Quick Slash","Setup"],"picked":"SKIP","floor":47},{"not_picked":["Backstab","Deadly Poison","Quick Slash"],"picked":"SKIP","floor":48}],"player_experience":2335851,"relics_obtained":[{"floor":6,"key":"Lantern"},{"floor":9,"key":"Whetstone"},{"floor":14,"key":"Vajra"},{"floor":21,"key":"Tiny Chest"},{"floor":23,"key":"Happy Flower"},{"floor":26,"key":"Bottled Lightning"},{"floor":27,"key":"Boot"},{"floor":47,"key":"Dream Catcher"}],"event_choices":[{"damage_healed":0,"gold_gain":0,"player_choice":"Got Potions","damage_taken":0,"max_hp_gain":0,"max_hp_loss":0,"event_name":"Lab","floor":2,"gold_loss":0},{"damage_healed":0,"gold_gain":0,"player_choice":"Donut","damage_taken":0,"max_hp_gain":5,"max_hp_loss":0,"event_name":"Big Fish","floor":4,"gold_loss":0},{"cards_removed":["Strike_G"],"damage_healed":0,"gold_gain":0,"player_choice":"Card Removal","damage_taken":7,"max_hp_gain":0,"max_hp_loss":0,"event_name":"Golden Wing","floor":5,"gold_loss":0},{"damage_healed":0,"gold_gain":0,"player_choice":"Bought 3 Potions","damage_taken":0,"max_hp_gain":0,"max_hp_loss":0,"event_name":"The Woman in Blue","floor":11,"gold_loss":0},{"damage_healed":0,"gold_gain":0,"cards_transformed":["Strike_G","Strike_G"],"player_choice":"Became Test Subject","damage_taken":0,"max_hp_gain":0,"max_hp_loss":0,"event_name":"Drug Dealer","floor":19,"gold_loss":0,"cards_obtained":["Bullet Time","A Thousand Cuts"]},{"damage_healed":0,"gold_gain":0,"cards_transformed":["Strike_G"],"player_choice":"Transformed","damage_taken":0,"max_hp_gain":0,"max_hp_loss":0,"event_name":"Transmorgrifier","floor":37,"gold_loss":0,"cards_obtained":["Endless Agony"]},{"damage_healed":0,"gold_gain":0,"player_choice":"Max HP","damage_taken":0,"max_hp_gain":0,"max_hp_loss":4,"event_name":"Winding Halls","floor":41,"gold_loss":0},{"cards_removed":["Endless Agony"],"damage_healed":0,"gold_gain":0,"player_choice":"Card Removal","damage_taken":0,"max_hp_gain":0,"max_hp_loss":0,"event_name":"Wheel of Change","floor":45,"gold_loss":0}],"is_beta":false,"boss_relics":[{"not_picked":["Ring of the Serpent","Pandora\u0027s Box"],"picked":"Snecko Eye"},{"not_picked":["Sozu","Cursed Key"],"picked":"Runic Pyramid"}],"items_purged_floors":[36],"is_endless":false,"potions_floor_spawned":[3,6,14,22,25,27,33,35,47],"killed_by":"Time Eater","ascension_level":18}