{"gold_per_floor":[117,135,135,85,100,133,133,146,146,221,26,26,43,53,53,149,149,163,163,181,59,59,59,72,91,116,116],"floor_reached":27,"playtime":2246,"items_purged":[],"score":237,"play_id":"c2807619-3d3b-4a48-90e6-ed12fc8f35b0","local_time":"20190705192456","is_ascension_mode":true,"campfire_choices":[{"floor":7,"key":"REST"},{"floor":15,"key":"REST"},{"data":"Bullet Time","floor":23,"key":"SMITH"}],"neow_cost":"NONE","seed_source_timestamp":93405755644738,"circlet_count":0,"master_deck":["Strike_G","Strike_G","Strike_G","Strike_G","Defend_G","Defend_G","Defend_G","Defend_G","Defend_G","Survivor","Neutralize","Envenom","Backflip","Tools of the Trade","Accuracy","Cloak And Dagger","Underhanded Strike","Bullet Time+1","Backflip","Tools of the Trade","Infinite Blades","Calculated Gamble","Shame","Burst","Quick Slash+1"],"relics":["Ring of the Snake","Nunchaku","Tingsha","Toy Ornithopter","Black Star","Gambling Chip","Bag of Preparation"],"potions_floor_usage":[13,14,16,25,25],"damage_taken":[{"damage":2,"enemies":"Jaw Worm","floor":1,"turns":6},{"damage":10,"enemies":"2 Louse","floor":2,"turns":3},{"damage":4,"enemies":"Small Slimes","floor":5,"turns":4},{"damage":46,"enemies":"Gremlin Nob","floor":6,"turns":6},{"damage":12,"enemies":"Looter","floor":8,"turns":5},{"damage":7,"enemies":"Large Slime","floor":13,"turns":9},{"damage":5,"enemies":"Lots of Slimes","floor":14,"turns":7},{"damage":7,"enemies":"Hexaghost","floor":16,"turns":11},{"damage":22,"enemies":"Shell Parasite","floor":18,"turns":10},{"damage":2,"enemies":"Chosen","floor":20,"turns":6},{"damage":30,"enemies":"3 Cultists","floor":24,"turns":6},{"damage":16,"enemies":"Snecko","floor":25,"turns":5},{"damage":12,"enemies":"Snake Plant","floor":27,"turns":2}],"seed_played":"7713094053292736966","potions_obtained":[{"floor":8,"key":"EntropicBrew"},{"floor":14,"key":"Poison Potion"},{"floor":18,"key":"Poison Potion"},{"floor":24,"key":"GamblersBrew"}],"is_trial":false,"path_per_floor":["M","M","?","?","M","E","R","M","T","?","$","?","M","M","R","B",null,"M","?","M","$","?","R","M","M","T","M"],"character_chosen":"THE_SILENT","items_purchased":["Toy Ornithopter","Infinite Blades","Calculated Gamble"],"campfire_rested":2,"item_purchase_floors":[11,21,21],"current_hp_per_floor":[68,58,58,58,54,8,29,17,17,6,6,6,4,4,25,23,70,48,48,46,46,46,46,16,10,10,0],"gold":116,"neow_bonus":"ONE_RANDOM_RARE_CARD","is_prod":false,"is_daily":false,"chose_seed":false,"campfire_upgraded":1,"win_rate":0,"timestamp":1562379896,"path_taken":["M","M","?","?","M","E","R","M","T","?","$","?","M","M","R","BOSS","M","?","?","$","?","R","M","M","T","M"],"build_version":"2019-07-05","purchased_purges":0,"victory":false,"max_hp_per_floor":[70,70,70,70,70,70,70,70,70,70,70,70,70,70,70,70,70,70,70,70,70,70,70,70,70,70,70],"card_choices":[{"not_picked":["Prepared","Poisoned Stab","Reflex"],"picked":"SKIP","floor":1},{"not_picked":["Quick Slash","Blade Dance","Flechettes"],"picked":"SKIP","floor":2},{"not_picked":["Blade Dance","Outmaneuver"],"picked":"Backflip","floor":5},{"not_picked":["Accuracy","Dagger Spray"],"picked":"Tools of the Trade","floor":6},{"not_picked":["Blur","Dash"],"picked":"Accuracy","floor":8},{"not_picked":["Poisoned Stab","Skewer"],"picked":"Cloak And Dagger","floor":13},{"not_picked":["Skewer","Leg Sweep"],"picked":"Underhanded Strike","floor":14},{"not_picked":["Grand Finale","Corpse Explosion"],"picked":"Bullet Time","floor":16},{"not_picked":["Slice","Leg Sweep"],"picked":"Backflip","floor":18},{"not_picked":["Outmaneuver","Masterful Stab","Eviscerate"],"picked":"SKIP","floor":20},{"not_picked":["Blade Dance","Dagger Throw+1"],"picked":"Burst","floor":24},{"not_picked":["Sucker Punch","Backstab"],"picked":"Quick Slash+1","floor":25}],"player_experience":548752,"relics_obtained":[{"floor":6,"key":"Nunchaku"},{"floor":9,"key":"Tingsha"},{"floor":26,"key":"Bag of Preparation"}],"event_choices":[{"damage_healed":0,"gold_gain":0,"player_choice":"Ignored","damage_taken":0,"max_hp_gain":0,"max_hp_loss":0,"event_name":"Golden Wing","floor":3,"gold_loss":0},{"cards_removed":["Strike_G"],"damage_healed":0,"gold_gain":0,"player_choice":"Card Removal","damage_taken":0,"max_hp_gain":0,"max_hp_loss":0,"event_name":"The Cleric","floor":4,"gold_loss":50},{"damage_healed":0,"gold_gain":75,"player_choice":"Gather Gold","damage_taken":11,"max_hp_gain":0,"max_hp_loss":0,"event_name":"World of Goop","floor":10,"gold_loss":0},{"damage_healed":0,"gold_gain":0,"player_choice":"Ignored","damage_taken":0,"max_hp_gain":0,"max_hp_loss":0,"event_name":"Shining Light","floor":12,"gold_loss":0},{"damage_healed":0,"gold_gain":0,"player_choice":"Copied","damage_taken":0,"max_hp_gain":0,"max_hp_loss":0,"event_name":"Duplicator","floor":19,"gold_loss":0,"cards_obtained":["Tools of the Trade"]},{"damage_healed":0,"gold_gain":0,"player_choice":"Stole Relic","damage_taken":0,"relics_obtained":["Gambling Chip"],"max_hp_gain":0,"max_hp_loss":0,"event_name":"Addict","floor":22,"gold_loss":0,"cards_obtained":["Shame"]}],"is_beta":false,"boss_relics":[{"not_picked":["Empty Cage","Busted Crown"],"picked":"Black Star"}],"items_purged_floors":[],"is_endless":false,"potions_floor_spawned":[8,14,18,24],"killed_by":"Snake Plant","ascension_level":2}