{"path_per_floor":["M","?","M","M","M","E","M","M","T","R","$","R","E","M","R","B",null,"M","?","?","$","M","R"],"character_chosen":"DEFECT","items_purchased":["Apotheosis","Toxic Egg 2"],"gold_per_floor":[112,112,131,141,152,183,203,217,262,262,87,87,114,131,131,231,231,248,278,278,39,50,50,50],"floor_reached":24,"campfire_rested":1,"playtime":1170,"item_purchase_floors":[11,21],"current_hp_per_floor":[69,69,69,69,61,42,42,42,42,42,42,42,28,26,26,21,75,63,42,42,42,14,44,0],"items_purged":[],"gold":50,"score":208,"play_id":"0ba45f48-abaa-4267-9db4-185acdde8496","local_time":"20180602194006","is_prod":false,"is_daily":false,"chose_seed":false,"is_ascension_mode":false,"campfire_upgraded":3,"win_rate":0,"timestamp":1527964806,"campfire_choices":[{"data":"Zap","floor":10,"key":"SMITH"},{"data":"Apotheosis","floor":12,"key":"SMITH"},{"data":"Coolheaded","floor":15,"key":"SMITH"},{"floor":23,"key":"REST"}],"path_taken":["M","?","M","M","?","E","M","M","T","R","$","R","E","M","R","BOSS","M","?","?","?","M","R","E"],"build_version":"2018-05-31","seed_source_timestamp":188945770520338,"purchased_purges":0,"victory":false,"master_deck":["Strike_B","Strike_B","Strike_B","Strike_B","Defend_B+1","Defend_B+1","Defend_B","Defend_B","Zap+1","Sunder","Cold Snap","Leap","Streamline","Echo Form","Coolheaded+1","Apotheosis+1","Multi-Cast","Ball Lightning","Electrodynamics","Ball Lightning+1","Redo","Zap","Self Repair","Melter+1"],"max_hp_per_floor":[75,75,75,75,75,75,75,75,75,75,75,75,75,75,75,75,75,75,75,75,75,75,75,75],"relics":["Cracked Core","Mercury Hourglass","War Paint","Potion Belt","Eternal Feather","Red Mask","Toxic Egg 2"],"card_choices":[{"not_picked":["Ball Lightning","Cold Snap"],"picked":"Sunder","floor":0},{"not_picked":["Blizzard","Barrage","Reprogram"],"picked":"SKIP","floor":1},{"not_picked":["Sunder","Undo"],"picked":"Cold Snap","floor":3},{"not_picked":["Compile Driver","Rebound"],"picked":"Leap","floor":4},{"not_picked":["Steam Power","Turbo"],"picked":"Streamline","floor":5},{"not_picked":["Streamline","Coolheaded"],"picked":"Echo Form","floor":6},{"not_picked":["BootSequence","Streamline","Force Field"],"picked":"SKIP","floor":7},{"not_picked":["Streamline","Leap"],"picked":"Coolheaded","floor":8},{"not_picked":["Scrape","Lockon"],"picked":"Multi-Cast","floor":13},{"not_picked":["Hologram","Recycle"],"picked":"Ball Lightning","floor":14},{"not_picked":["All For One","Reboot"],"picked":"Electrodynamics","floor":16},{"not_picked":["Force Field","Undo"],"picked":"Ball Lightning+1","floor":18},{"not_picked":["Ball Lightning+1","Cold Snap"],"picked":"Redo","floor":19},{"not_picked":["Fusion+1","Turbo+1"],"picked":"Melter+1","floor":22}],"player_experience":603892,"potions_floor_usage":[6,6,24],"damage_taken":[{"damage":6,"enemies":"Jaw Worm","floor":1,"turns":3},{"damage":0,"enemies":"2 Louse","floor":3,"turns":1},{"damage":0,"enemies":"Cultist","floor":4,"turns":3},{"damage":8,"enemies":"Gremlin Gang","floor":5,"turns":3},{"damage":19,"enemies":"Gremlin Nob","floor":6,"turns":4},{"damage":0,"enemies":"Exordium Wildlife","floor":7,"turns":2},{"damage":0,"enemies":"Looter","floor":8,"turns":2},{"damage":14,"enemies":"Lagavulin","floor":13,"turns":5},{"damage":2,"enemies":"Gremlin Gang","floor":14,"turns":3},{"damage":5,"enemies":"Hexaghost","floor":16,"turns":8},{"damage":12,"enemies":"Spheric Guardian","floor":18,"turns":4},{"damage":21,"enemies":"Masked Bandits","floor":19,"turns":3},{"damage":35,"enemies":"Shell Parasite","floor":22,"turns":5},{"damage":45,"enemies":"Book of Stabbing","floor":24,"turns":6}],"relics_obtained":[{"floor":6,"key":"Mercury Hourglass"},{"floor":9,"key":"War Paint"},{"floor":13,"key":"Potion Belt"},{"floor":19,"key":"Red Mask"}],"event_choices":[{"event_name":"Living Wall","player_choice":"Forget","floor":2,"damage_taken":0},{"event_name":"Masked Bandits","player_choice":"Fought over 248 gold","floor":19,"damage_taken":0},{"event_name":"Match and Keep!","player_choice":"2 cards matched","floor":20,"damage_taken":0}],"boss_relics":[{"not_picked":["Black Star","Calling Bell"],"picked":"Eternal Feather"}],"items_purged_floors":[],"potions_floor_spawned":[1,4,7,13,14,18],"seed_played":"-3254877661663051582","killed_by":"Book of Stabbing","ascension_level":0,"potions_obtained":[{"floor":1,"key":"SkillPotion"},{"floor":4,"key":"Fire Potion"},{"floor":7,"key":"SteroidPotion"},{"floor":13,"key":"Block Potion"},{"floor":14,"key":"Ancient Potion"},{"floor":18,"key":"Block Potion"}],"is_trial":false}