{"gold_per_floor":[119,136,86,86,86,111,111,111,111,124,143,158,158,170,170,271,271,287,287,52,52,72,72,87,118,118,118,132,147,167,185,185,290,290,301,0,100,114,114,114,142,155,208,208,208,222,222,247,247,247],"floor_reached":51,"playtime":4843,"items_purged":[],"score":701,"play_id":"581e8265-bda0-4d4d-adf7-328647f5bebf","local_time":"20190627055255","is_ascension_mode":false,"campfire_choices":[{"data":"Body Slam","floor":7,"key":"SMITH"},{"floor":13,"key":"REST"},{"floor":15,"key":"REST"},{"data":"Flex","floor":23,"key":"SMITH"},{"floor":27,"key":"REST"},{"floor":32,"key":"REST"},{"data":"Barricade","floor":40,"key":"SMITH"},{"floor":44,"key":"REST"},{"floor":47,"key":"REST"},{"data":"Armaments","floor":49,"key":"SMITH"}],"neow_cost":"NONE","seed_source_timestamp":1070782099395942,"circlet_count":0,"master_deck":["Strike_R","Defend_R","Defend_R","Defend_R","Defend_R+1","Bash","Headbutt+1","Flex+1","Body Slam+1","Inflame","Body Slam","Cleave","Armaments+1","Barricade+1","Flame Barrier","Headbutt+1","Rage","Rage+1","Whirlwind","Anger+1","Uppercut","Cleave","Shrug It Off","Anger","Feed","Thunderclap+1","Panache","Shrug It Off+1","Clothesline","Entrench","Cleave+1","Uppercut+1","Iron Wave+1","Headbutt+1","Spot Weakness+1"],"relics":["Eternal Feather","Bronze Scales","Letter Opener","Velvet Choker","TheAbacus","Bag of Marbles","Question Card","Empty Cage","Membership Card","Pocketwatch","Oddly Smooth Stone","Dream Catcher","Lantern"],"potions_floor_usage":[15,29,33,42,42],"damage_taken":[{"damage":8,"enemies":"Jaw Worm","floor":1,"turns":4},{"damage":0,"enemies":"Small Slimes","floor":2,"turns":3},{"damage":22,"enemies":"3 Sentries","floor":6,"turns":9},{"damage":0,"enemies":"2 Louse","floor":10,"turns":1},{"damage":10,"enemies":"Looter","floor":11,"turns":3},{"damage":12,"enemies":"Exordium Thugs","floor":12,"turns":5},{"damage":6,"enemies":"Exordium Wildlife","floor":14,"turns":2},{"damage":71,"enemies":"Hexaghost","floor":16,"turns":10},{"damage":2,"enemies":"3 Byrds","floor":18,"turns":3},{"damage":0,"enemies":"Chosen","floor":21,"turns":4},{"damage":23,"enemies":"Centurion and Healer","floor":22,"turns":6},{"damage":28,"enemies":"Sentry and Sphere","floor":24,"turns":6},{"damage":41,"enemies":"Gremlin Leader","floor":25,"turns":6},{"damage":12,"enemies":"Snake Plant","floor":28,"turns":3},{"damage":10,"enemies":"Centurion and Healer","floor":29,"turns":5},{"damage":0,"enemies":"Cultist and Chosen","floor":30,"turns":4},{"damage":20,"enemies":"Shelled Parasite and Fungi","floor":31,"turns":5},{"damage":19,"enemies":"Collector","floor":33,"turns":11},{"damage":26,"enemies":"3 Darklings","floor":35,"turns":4},{"damage":0,"enemies":"Mind Bloom Boss Battle","floor":37,"turns":5},{"damage":11,"enemies":"Orb Walker","floor":38,"turns":2},{"damage":62,"enemies":"Giant Head","floor":41,"turns":11},{"damage":15,"enemies":"3 Darklings","floor":42,"turns":5},{"damage":28,"enemies":"Sphere and 2 Shapes","floor":46,"turns":5},{"damage":61,"enemies":"Awakened One","floor":50,"turns":12}],"seed_played":"7047078827903153888","potions_obtained":[{"floor":2,"key":"Weak Potion"},{"floor":6,"key":"SteroidPotion"},{"floor":11,"key":"Strength Potion"},{"floor":14,"key":"Fruit Juice"},{"floor":16,"key":"Energy Potion"},{"floor":25,"key":"FairyPotion"},{"floor":28,"key":"BloodPotion"},{"floor":30,"key":"Weak Potion"},{"floor":33,"key":"Energy Potion"},{"floor":42,"key":"Regen Potion"}],"is_trial":false,"path_per_floor":["M","M","?","?","?","E","R","$","T","M","M","M","R","M","R","B",null,"M","?","$","M","M","R","M","E","T","R","M","M","M","M","R","B",null,"M","$","?","M","?","R","E","M","T","R","?","M","R","T","R","B",null],"character_chosen":"IRONCLAD","items_purchased":["Rage","TheAbacus","Membership Card","Panache"],"campfire_rested":6,"item_purchase_floors":[20,20,36,36],"current_hp_per_floor":[72,72,72,56,56,34,40,40,40,40,30,18,51,45,83,12,85,83,83,83,83,60,72,44,3,3,40,28,26,26,6,46,27,85,59,59,59,48,48,66,4,4,4,48,48,20,64,64,85,24],"gold":247,"neow_bonus":"BOSS_RELIC","is_prod":false,"is_daily":false,"chose_seed":false,"campfire_upgraded":4,"win_rate":0.0,"timestamp":1561585975,"path_taken":["M","M","?","?","?","E","R","$","T","M","M","M","R","M","R","BOSS","M","?","?","M","M","R","?","E","T","R","M","M","M","M","R","BOSS","M","$","?","M","?","R","E","?","T","R","?","M","R","?","R","BOSS"],"build_version":"2019-01-23","purchased_purges":0,"victory":true,"max_hp_per_floor":[80,80,80,80,80,80,80,80,80,80,80,80,80,80,85,85,85,85,85,85,85,85,85,85,85,85,85,85,85,85,85,85,85,85,85,85,85,85,85,85,85,88,88,88,88,88,88,88,88,88],"card_choices":[{"not_picked":["Twin Strike","Thunderclap"],"picked":"Headbutt","floor":1},{"not_picked":["True Grit","Shrug It Off"],"picked":"Flex","floor":2},{"not_picked":["Disarm","Shrug It Off"],"picked":"Body Slam","floor":6},{"not_picked":["Thunderclap","Rage"],"picked":"Inflame","floor":10},{"not_picked":["Sword Boomerang","Whirlwind"],"picked":"Body Slam","floor":11},{"not_picked":["Body Slam","Demon Form"],"picked":"Cleave","floor":12},{"not_picked":["Hemokinesis","Second Wind"],"picked":"Armaments","floor":14},{"not_picked":["Bludgeon","Demon Form"],"picked":"Barricade","floor":16},{"not_picked":["Power Through","Cleave"],"picked":"Flame Barrier","floor":18},{"not_picked":["Searing Blow","Perfected Strike"],"picked":"Rage+1","floor":21},{"not_picked":["Body Slam","Perfected Strike+1"],"picked":"Whirlwind","floor":22},{"not_picked":["Whirlwind","Thunderclap"],"picked":"Anger+1","floor":24},{"not_picked":["Combust","Warcry+1"],"picked":"Uppercut","floor":25},{"not_picked":["Second Wind","Feel No Pain+1","Bloodletting+1"],"picked":"Cleave","floor":28},{"not_picked":["Carnage","Sword Boomerang+1","Pommel Strike"],"picked":"Shrug It Off","floor":29},{"not_picked":["Twin Strike","Clothesline","Body Slam"],"picked":"Anger","floor":30},{"not_picked":["Cleave+1","Inflame+1","Warcry"],"picked":"Fiend Fire","floor":31},{"not_picked":["Demon Form","Double Tap","Impervious"],"picked":"Feed","floor":33},{"not_picked":["Body Slam+1","Burning Pact","Clash"],"picked":"Thunderclap+1","floor":35},{"not_picked":["Reckless Charge+1","Cleave","True Grit+1"],"picked":"Shrug It Off+1","floor":37},{"not_picked":["Dropkick","Sever Soul","Warcry"],"picked":"Clothesline","floor":38},{"not_picked":["Body Slam+1","Clash+1","Barricade"],"picked":"Cleave+1","floor":41},{"not_picked":["Twin Strike+1","True Grit+1","Iron Wave"],"picked":"Uppercut+1","floor":42},{"not_picked":["Intimidate+1","Anger+1","Searing Blow+1"],"picked":"Iron Wave+1","floor":44},{"not_picked":["Hemokinesis+1","Demon Form","Clothesline+1"],"picked":"Headbutt+1","floor":46},{"not_picked":["Burning Pact","Clothesline","True Grit"],"picked":"Spot Weakness+1","floor":47}],"player_experience":9198,"relics_obtained":[{"floor":6,"key":"Bronze Scales"},{"floor":9,"key":"Letter Opener"},{"floor":25,"key":"Bag of Marbles"},{"floor":26,"key":"Question Card"},{"floor":37,"key":"Pocketwatch"},{"floor":41,"key":"Oddly Smooth Stone"},{"floor":43,"key":"Dream Catcher"},{"floor":48,"key":"Lantern"}],"event_choices":[{"cards_removed":["Strike_R"],"damage_healed":0,"gold_gain":0,"player_choice":"Card Removal","damage_taken":0,"max_hp_gain":0,"max_hp_loss":0,"event_name":"The Cleric","floor":3,"gold_loss":50},{"damage_healed":0,"gold_gain":0,"player_choice":"Entered Light","damage_taken":16,"max_hp_gain":0,"max_hp_loss":0,"event_name":"Shining Light","floor":4,"gold_loss":0,"cards_upgraded":["Defend_R","Headbutt"]},{"damage_healed":0,"gold_gain":0,"player_choice":"Fled","damage_taken":0,"max_hp_gain":0,"max_hp_loss":0,"event_name":"Scrap Ooze","floor":5,"gold_loss":0},{"damage_healed":0,"gold_gain":0,"player_choice":"Copied","damage_taken":0,"max_hp_gain":0,"max_hp_loss":0,"event_name":"Duplicator","floor":19,"gold_loss":0,"cards_obtained":["Headbutt"]},{"damage_healed":0,"gold_gain":0,"player_choice":"Fight","damage_taken":0,"max_hp_gain":0,"max_hp_loss":0,"event_name":"MindBloom","floor":37,"gold_loss":0},{"damage_healed":0,"gold_gain":0,"cards_transformed":["Fiend Fire"],"player_choice":"Transformed","damage_taken":0,"max_hp_gain":0,"max_hp_loss":0,"event_name":"Transmorgrifier","floor":39,"gold_loss":0,"cards_obtained":["Entrench"]},{"cards_removed":["Strike_R"],"damage_healed":0,"gold_gain":0,"player_choice":"Removed Attack","damage_taken":0,"max_hp_gain":0,"max_hp_loss":0,"event_name":"Falling","floor":45,"gold_loss":0}],"is_beta":false,"boss_relics":[{"not_picked":["Tiny House","Orrery"],"picked":"Velvet Choker"},{"not_picked":["Busted Crown","Mark of Pain"],"picked":"Empty Cage"}],"items_purged_floors":[],"is_endless":false,"potions_floor_spawned":[2,6,11,14,16,22,25,28,30,33,35,38,42],"ascension_level":0}