{"gold_per_floor":[365,134,150,150,163,163,163,196,221,37,37],"floor_reached":11,"playtime":321,"items_purged":["Pain","Strike_R"],"score":92,"play_id":"3af21462-3c28-4211-89c3-c95b41714207","local_time":"20190704163915","is_ascension_mode":true,"campfire_choices":[{"data":"Flex","floor":6,"key":"SMITH"}],"neow_cost":"CURSE","seed_source_timestamp":196372667841448,"circlet_count":0,"master_deck":["Strike_R","Strike_R","Strike_R","Defend_R","Defend_R","Defend_R","Bash","Flex+1","Flex","Finesse"],"relics":["Burning Blood","Blood Vial","Bronze Scales","Juzu Bracelet"],"potions_floor_usage":[11],"damage_taken":[{"damage":17,"enemies":"Small Slimes","floor":1,"turns":3},{"damage":20,"enemies":"Jaw Worm","floor":3,"turns":5},{"damage":1,"enemies":"Cultist","floor":5,"turns":3},{"damage":45,"enemies":"3 Sentries","floor":8,"turns":12},{"damage":26,"enemies":"Lagavulin","floor":11,"turns":3}],"seed_played":"-4165484652309408509","potions_obtained":[{"floor":5,"key":"EssenceOfSteel"}],"is_trial":false,"path_per_floor":["M","$","M","?","M","R","?","E","T","$","E"],"character_chosen":"IRONCLAD","items_purchased":["Blood Vial","Finesse"],"campfire_rested":0,"item_purchase_floors":[2,10],"current_hp_per_floor":[61,61,49,42,49,49,49,12,12,12,0],"gold":37,"neow_bonus":"TWO_FIFTY_GOLD","is_prod":false,"is_daily":false,"chose_seed":false,"campfire_upgraded":1,"win_rate":0,"timestamp":1562251155,"path_taken":["M","$","M","?","M","R","?","E","T","$","E"],"build_version":"2019-07-01","purchased_purges":2,"victory":false,"max_hp_per_floor":[80,80,80,80,80,80,80,80,80,80,80],"card_choices":[{"not_picked":["Carnage","True Grit","Blood for Blood"],"picked":"SKIP","floor":1},{"not_picked":["Clash","Armaments","Hemokinesis"],"picked":"SKIP","floor":3},{"not_picked":["Warcry","Clash"],"picked":"Flex","floor":5},{"not_picked":["Shrug It Off","Inflame"],"picked":"Flex","floor":8}],"player_experience":154220,"relics_obtained":[{"floor":8,"key":"Bronze Scales"},{"floor":9,"key":"Juzu Bracelet"}],"event_choices":[{"cards_removed":["Strike_R"],"damage_healed":0,"gold_gain":0,"player_choice":"Card Removal","damage_taken":7,"max_hp_gain":0,"max_hp_loss":0,"event_name":"Golden Wing","floor":4,"gold_loss":0},{"cards_removed":["Defend_R"],"damage_healed":0,"gold_gain":0,"player_choice":"Purged","damage_taken":0,"max_hp_gain":0,"max_hp_loss":0,"event_name":"Purifier","floor":7,"gold_loss":0}],"is_beta":false,"boss_relics":[],"items_purged_floors":[2,10],"is_endless":false,"potions_floor_spawned":[5],"killed_by":"Lagavulin","ascension_level":6}