{"path_per_floor":["M","?","M","$","M","R","M","R","T","R","?","?","E","$","R","B",null,"M","M","$","M","M","E","M","R","T","?","T","?","$","M","R","B",null,"M","M","$","M","?","E","M","M","T","M","$","?","E","M","R","B"],"character_chosen":"DEFECT","items_purchased":["Defragment","Flash of Steel","Blood Vial","Redo+1","Consume+1"],"gold_per_floor":[109,109,121,48,68,68,85,85,85,85,85,139,171,67,67,165,165,175,194,0,17,33,59,71,71,143,143,143,58,8,26,26,121,121,140,151,21,32,32,65,76,94,120,135,85,85,111,121,121,121],"floor_reached":51,"campfire_rested":3,"playtime":3785,"item_purchase_floors":[4,14,20,20,37],"current_hp_per_floor":[75,75,75,75,75,75,67,67,67,67,67,67,45,45,45,42,75,54,50,50,37,28,18,6,28,28,28,28,28,28,13,36,11,77,50,56,56,54,54,67,58,62,69,61,61,61,16,32,69,26],"items_purged":["Defend_B","Defend_B","Defend_B"],"gold":121,"score":779,"play_id":"f0200cb5-ca67-46dc-b11a-0af912dc2b52","local_time":"20180602161757","is_prod":false,"is_daily":false,"chose_seed":false,"is_ascension_mode":false,"campfire_upgraded":4,"win_rate":0.0,"timestamp":1527952677,"campfire_choices":[{"data":"Defragment","floor":6,"key":"SMITH"},{"data":"Zap","floor":8,"key":"SMITH"},{"data":"Sunder","floor":10,"key":"SMITH"},{"data":"Flash of Steel","floor":15,"key":"SMITH"},{"floor":25,"key":"REST"},{"floor":32,"key":"REST"},{"floor":49,"key":"REST"}],"path_taken":["M","?","M","$","?","R","M","R","T","R","?","?","E","?","R","BOSS","M","M","$","M","M","E","M","R","T","?","?","?","?","M","R","BOSS","M","M","$","M","?","E","M","M","T","M","$","?","E","M","R","BOSS"],"build_version":"2018-05-31","seed_source_timestamp":174192320396403,"purchased_purges":3,"victory":true,"master_deck":["Zap+1","Dualcast+1","Cold Snap","Reinforced Body+1","Defragment+1","Capacitor","Sunder+1","Cold Snap","Flash of Steel+1","Loop","Skim+1","Ball Lightning","Redo+1","Rainbow+1","Rebound+1","Compile Driver+1","Hologram+1","Coolheaded+1","Bite","Bite","Bite","Bite","Leap+1","Seek+1","Loop+1","Consume+1","Blizzard+1"],"max_hp_per_floor":[75,75,75,75,75,75,75,75,75,75,75,75,75,75,75,75,75,75,75,75,75,75,75,75,75,75,75,75,75,75,77,77,77,77,79,83,83,87,87,103,107,111,118,122,122,122,122,126,126,126],"relics":["Cracked Core","Toxic Egg 2","Prayer Wheel","Black Star","Juzu Bracelet","Boot","Smiling Mask","Centennial Puzzle","Singing Bowl","Nuclear Battery","Mango","Calipers","Strawberry","Bag of Marbles","War Paint"],"card_choices":[{"not_picked":["Barrage","Leap"],"picked":"Cold Snap","floor":1},{"not_picked":["Rip and Tear","Barrage"],"picked":"Reinforced Body","floor":3},{"not_picked":["Rebound","Ball Lightning"],"picked":"Capacitor","floor":5},{"not_picked":["Cold Snap","Sweeping Beam"],"picked":"Sunder","floor":7},{"not_picked":["Ball Lightning","Hyperbeam"],"picked":"Cold Snap","floor":13},{"not_picked":["BootSequence+1","Compile Driver"],"picked":"Loop","floor":18},{"not_picked":["Sweeping Beam+1","Cold Snap"],"picked":"Skim+1","floor":18},{"not_picked":["Hello World+1","Reprogram+1"],"picked":"Ball Lightning","floor":19},{"not_picked":["Undo+1","Streamline","Hello World"],"picked":"SKIP","floor":19},{"not_picked":["Conserve Battery+1","Streamline"],"picked":"Rainbow+1","floor":21},{"not_picked":["Doom and Gloom","Beam Cell","Hologram+1"],"picked":"SKIP","floor":21},{"not_picked":["Turbo+1","Barrage"],"picked":"Rebound+1","floor":22},{"not_picked":["Barrage","Leap+1"],"picked":"Compile Driver+1","floor":22},{"not_picked":["Buffer","Streamline"],"picked":"Hologram+1","floor":23},{"not_picked":["Streamline","Capacitor+1"],"picked":"Coolheaded+1","floor":24},{"not_picked":["Lockon","Streamline","Beam Cell"],"picked":"SKIP","floor":24},{"not_picked":["Rip and Tear","Gash","Hologram+1"],"picked":"Singing Bowl","floor":31},{"not_picked":["Steam+1","Hologram+1"],"picked":"Leap+1","floor":31},{"not_picked":["Buffer","Fission+1"],"picked":"Seek+1","floor":33},{"not_picked":["Hologram+1","Go for the Eyes+1","Cold Snap"],"picked":"Singing Bowl","floor":35},{"not_picked":["Double Energy+1","Barrage+1"],"picked":"Loop+1","floor":35},{"not_picked":["Cold Snap","Steam+1","Streamline"],"picked":"Singing Bowl","floor":36},{"not_picked":["Steam Power+1","Rebound+1","Ball Lightning+1"],"picked":"Singing Bowl","floor":36},{"not_picked":["Cold Snap+1","Ball Lightning+1","Consume+1"],"picked":"Singing Bowl","floor":38},{"not_picked":["Sunder","Go for the Eyes+1","Scrape"],"picked":"Singing Bowl","floor":38},{"not_picked":["Leap+1","Auto Shields+1","Undo+1"],"picked":"Singing Bowl","floor":40},{"not_picked":["Rebound","Auto Shields+1","Streamline"],"picked":"Singing Bowl","floor":41},{"not_picked":["Darkness+1","Buffer","Gash+1"],"picked":"Singing Bowl","floor":41},{"not_picked":["Steam+1","Coolheaded+1","BootSequence+1"],"picked":"Singing Bowl","floor":42},{"not_picked":["Rebound+1","Sweeping Beam+1","Gash"],"picked":"Singing Bowl","floor":42},{"not_picked":["Leap+1","Ball Lightning","Rip and Tear+1"],"picked":"Singing Bowl","floor":44},{"not_picked":["Consume+1","BootSequence+1","Recycle+1"],"picked":"Singing Bowl","floor":44},{"not_picked":["Beam Cell+1","Sweeping Beam"],"picked":"Blizzard+1","floor":47},{"not_picked":["Beam Cell+1","Scrape+1","Hologram+1"],"picked":"Singing Bowl","floor":48},{"not_picked":["Steam+1","Ball Lightning","Beam Cell"],"picked":"Singing Bowl","floor":48}],"player_experience":597480,"potions_floor_usage":[7,13,23,24,24,33,47,47],"damage_taken":[{"damage":0,"enemies":"Small Slimes","floor":1,"turns":3},{"damage":0,"enemies":"Cultist","floor":3,"turns":4},{"damage":0,"enemies":"Jaw Worm","floor":5,"turns":3},{"damage":8,"enemies":"Lots of Slimes","floor":7,"turns":5},{"damage":22,"enemies":"3 Sentries","floor":13,"turns":5},{"damage":3,"enemies":"The Guardian","floor":16,"turns":10},{"damage":21,"enemies":"Chosen","floor":18,"turns":6},{"damage":4,"enemies":"Shell Parasite","floor":19,"turns":7},{"damage":15,"enemies":"Snake Plant","floor":21,"turns":6},{"damage":11,"enemies":"Centurion and Healer","floor":22,"turns":6},{"damage":26,"enemies":"Book of Stabbing","floor":23,"turns":5},{"damage":19,"enemies":"Cultist and Chosen","floor":24,"turns":8},{"damage":19,"enemies":"Snecko","floor":31,"turns":5},{"damage":41,"enemies":"Automaton","floor":33,"turns":14},{"damage":33,"enemies":"3 Darklings","floor":35,"turns":6},{"damage":4,"enemies":"3 Shapes","floor":36,"turns":4},{"damage":14,"enemies":"3 Darklings","floor":38,"turns":8},{"damage":5,"enemies":"Nemesis","floor":40,"turns":7},{"damage":19,"enemies":"Sphere and 2 Shapes","floor":41,"turns":4},{"damage":6,"enemies":"4 Shapes","floor":42,"turns":3},{"damage":16,"enemies":"3 Darklings","floor":44,"turns":4},{"damage":77,"enemies":"2 Orb Walkers","floor":47,"turns":7},{"damage":2,"enemies":"Maw","floor":48,"turns":9},{"damage":57,"enemies":"Time Eater","floor":50,"turns":10}],"relics_obtained":[{"floor":9,"key":"Toxic Egg 2"},{"floor":13,"key":"Prayer Wheel"},{"floor":23,"key":"Juzu Bracelet"},{"floor":23,"key":"Boot"},{"floor":26,"key":"Smiling Mask"},{"floor":28,"key":"Centennial Puzzle"},{"floor":40,"key":"Mango"},{"floor":40,"key":"Calipers"},{"floor":43,"key":"Strawberry"},{"floor":47,"key":"Bag of Marbles"},{"floor":47,"key":"War Paint"}],"event_choices":[{"event_name":"Bonfire Elementals","player_choice":"BASIC","floor":2,"damage_taken":0},{"event_name":"Living Wall","player_choice":"Grow","floor":11,"damage_taken":0},{"event_name":"Golden Wing","player_choice":"Gained Gold","floor":12,"damage_taken":0},{"event_name":"Vampires","player_choice":"Became a vampire (Vial)","floor":27,"damage_taken":0},{"event_name":"Addict","player_choice":"Obtained Relic","floor":29,"damage_taken":0},{"event_name":"Wheel of Change","player_choice":"Card Removal","floor":39,"damage_taken":0}],"boss_relics":[{"not_picked":["Eternal Feather","Astrolabe"],"picked":"Black Star"},{"not_picked":["Lizard Tail","Sozu"],"picked":"Nuclear Battery"}],"items_purged_floors":[30,37,45],"potions_floor_spawned":[5,7,13,19,22,23,31,36,38,44,47,48],"seed_played":"-2752681220920658655","ascension_level":0,"potions_obtained":[{"floor":5,"key":"Regen Potion"},{"floor":7,"key":"FocusPotion"},{"floor":13,"key":"Ancient Potion"},{"floor":22,"key":"Regen Potion"},{"floor":23,"key":"Weak Potion"},{"floor":31,"key":"SpeedPotion"},{"floor":36,"key":"Strength Potion"},{"floor":38,"key":"Block Potion"},{"floor":44,"key":"AttackPotion"},{"floor":47,"key":"SteroidPotion"},{"floor":48,"key":"Explosive Potion"}],"is_trial":false}