{"gold_per_floor":[109,123,123,123,123,123,198,213,213,213,223,243,269,186,186,186],"floor_reached":16,"playtime":454,"items_purged":[],"score":200,"play_id":"81100f75-a3ba-4a39-930d-781c7d5e5fcb","local_time":"20190117215034","is_ascension_mode":true,"campfire_choices":[{"data":"Twin Strike","floor":6,"key":"SMITH"},{"data":"Madness","floor":10,"key":"SMITH"},{"data":"Disarm","floor":15,"key":"SMITH"}],"neow_cost":"NONE","seed_source_timestamp":127042042525421,"circlet_count":0,"master_deck":["AscendersBane","Strike_R","Strike_R","Strike_R","Strike_R","Strike_R","Defend_R","Defend_R","Defend_R","Defend_R","Bash","Madness+1","Ghostly Armor","Twin Strike+1","Headbutt","Disarm+1","Shrug It Off","Evolve"],"relics":["Burning Blood","Omamori","Vajra","Dodecahedron","Ornamental Fan"],"potions_floor_usage":[13,13],"damage_taken":[{"damage":1,"enemies":"Cultist","floor":1,"turns":3},{"damage":0,"enemies":"2 Louse","floor":2,"turns":4},{"damage":0,"enemies":"Small Slimes","floor":8,"turns":3},{"damage":1,"enemies":"Looter","floor":11,"turns":2},{"damage":4,"enemies":"Large Slime","floor":12,"turns":6},{"damage":10,"enemies":"3 Sentries","floor":13,"turns":6},{"damage":63,"enemies":"Hexaghost","floor":16,"turns":11}],"seed_played":"5066744600886727202","potions_obtained":[{"floor":2,"key":"Explosive Potion"},{"floor":8,"key":"Strength Potion"}],"is_trial":false,"path_per_floor":["M","M","?","?","?","R","?","M","T","R","M","M","E","$","R","B"],"character_chosen":"IRONCLAD","items_purchased":["Evolve"],"campfire_rested":0,"item_purchase_floors":[14],"current_hp_per_floor":[73,75,75,64,64,64,53,59,59,59,64,66,62,62,62,0],"gold":186,"neow_bonus":"RANDOM_COLORLESS","is_prod":false,"is_daily":false,"chose_seed":false,"campfire_upgraded":3,"win_rate":0,"timestamp":1547761834,"path_taken":["M","M","?","?","?","R","?","M","T","R","M","M","E","$","R","BOSS"],"build_version":"2019-01-10","purchased_purges":0,"victory":false,"max_hp_per_floor":[75,75,75,75,75,75,75,75,75,75,75,75,75,75,75,75],"card_choices":[{"not_picked":["Dual Wield","Heavy Blade"],"picked":"Ghostly Armor","floor":1},{"not_picked":["Body Slam","Disarm"],"picked":"Twin Strike","floor":2},{"not_picked":["Entrench","Sever Soul"],"picked":"Headbutt","floor":8},{"not_picked":["Warcry","Body Slam","Flex"],"picked":"SKIP","floor":11},{"not_picked":["Havoc","Ghostly Armor"],"picked":"Disarm","floor":12},{"not_picked":["Feel No Pain","Bloodletting"],"picked":"Shrug It Off","floor":13}],"player_experience":1172537,"relics_obtained":[{"floor":9,"key":"Dodecahedron"},{"floor":13,"key":"Ornamental Fan"}],"event_choices":[{"damage_healed":0,"gold_gain":0,"player_choice":"Ignored","damage_taken":0,"max_hp_gain":0,"max_hp_loss":0,"event_name":"Golden Wing","floor":3,"gold_loss":0},{"damage_healed":0,"gold_gain":0,"player_choice":"Success","damage_taken":11,"relics_obtained":["Omamori"],"max_hp_gain":0,"max_hp_loss":0,"event_name":"Scrap Ooze","floor":4,"gold_loss":0},{"damage_healed":0,"gold_gain":0,"player_choice":"Box","damage_taken":0,"relics_obtained":["Vajra"],"max_hp_gain":0,"max_hp_loss":0,"event_name":"Big Fish","floor":5,"gold_loss":0,"cards_obtained":["Regret"]},{"damage_healed":0,"gold_gain":75,"player_choice":"Gather Gold","damage_taken":11,"max_hp_gain":0,"max_hp_loss":0,"event_name":"World of Goop","floor":7,"gold_loss":0}],"is_beta":false,"boss_relics":[],"items_purged_floors":[],"is_endless":false,"potions_floor_spawned":[2,8,12],"killed_by":"Hexaghost","ascension_level":20}