{"gold_per_floor":[111,111,126,126,140,140,172,191,191,191,191,211,267,281,281,281],"floor_reached":16,"playtime":621,"items_purged":[],"score":199,"play_id":"eb1060d3-a8e8-4321-8d12-071f434ba3a3","local_time":"20190119215037","is_ascension_mode":true,"campfire_choices":[{"data":"Skewer","floor":6,"key":"SMITH"},{"floor":10,"key":"REST"},{"floor":15,"key":"REST"}],"neow_cost":"NONE","seed_source_timestamp":299677835755416,"circlet_count":0,"master_deck":["AscendersBane","Defend_G","Defend_G","Defend_G","Defend_G","Defend_G","Strike_G","Strike_G","Strike_G","Strike_G","Strike_G","Survivor","Neutralize+1","Escape Plan","Backflip","Skewer+1","Dagger Throw","Noxious Fumes","Escape Plan"],"relics":["Ring of the Snake","Calipers","Singing Bowl"],"potions_floor_usage":[16],"damage_taken":[{"damage":3,"enemies":"Jaw Worm","floor":1,"turns":4},{"damage":11,"enemies":"2 Louse","floor":3,"turns":4},{"damage":6,"enemies":"Cultist","floor":5,"turns":5},{"damage":42,"enemies":"Lagavulin","floor":7,"turns":8},{"damage":3,"enemies":"2 Fungi Beasts","floor":8,"turns":3},{"damage":6,"enemies":"Red Slaver","floor":12,"turns":4},{"damage":3,"enemies":"Looter","floor":14,"turns":3},{"damage":59,"enemies":"Slime Boss","floor":16,"turns":9}],"seed_played":"-9045237903590454490","potions_obtained":[{"floor":3,"key":"SneckoOil"},{"floor":7,"key":"FairyPotion"},{"floor":8,"key":"Poison Potion"}],"is_trial":false,"path_per_floor":["M","$","M","?","M","R","E","M","T","R","?","M","?","M","R","B"],"character_chosen":"THE_SILENT","items_purchased":[],"campfire_rested":2,"item_purchase_floors":[],"current_hp_per_floor":[62,62,51,56,50,50,8,5,5,28,28,22,22,19,42,0],"gold":281,"neow_bonus":"TEN_PERCENT_HP_BONUS","is_prod":false,"is_daily":false,"chose_seed":false,"campfire_upgraded":1,"win_rate":0,"timestamp":1547934637,"path_taken":["M","$","M","?","M","R","E","M","T","R","?","?","?","M","R","BOSS"],"build_version":"2019-01-17v2","purchased_purges":0,"victory":false,"max_hp_per_floor":[72,72,72,77,77,77,77,77,77,77,77,77,77,77,77,77],"card_choices":[{"not_picked":["Quick Slash","Underhanded Strike"],"picked":"Escape Plan","floor":1},{"not_picked":["Bane","Dodge and Roll"],"picked":"Backflip","floor":3},{"not_picked":["Terror","Catalyst"],"picked":"Skewer","floor":5},{"not_picked":["Envenom","Tactician","Riddle With Holes"],"picked":"SKIP","floor":7},{"not_picked":["PiercingWail","Catalyst"],"picked":"Dagger Throw","floor":8},{"not_picked":["Sucker Punch","Slice"],"picked":"Noxious Fumes","floor":12},{"not_picked":["Blade Dance","Finisher"],"picked":"Escape Plan","floor":14}],"player_experience":1193553,"relics_obtained":[{"floor":7,"key":"Calipers"},{"floor":9,"key":"Singing Bowl"}],"event_choices":[{"damage_healed":0,"gold_gain":0,"player_choice":"Donut","damage_taken":0,"max_hp_gain":5,"max_hp_loss":0,"event_name":"Big Fish","floor":4,"gold_loss":0},{"damage_healed":0,"gold_gain":0,"player_choice":"Upgraded","damage_taken":0,"max_hp_gain":0,"max_hp_loss":0,"event_name":"Upgrade Shrine","floor":11,"gold_loss":0,"cards_upgraded":["Neutralize"]},{"damage_healed":0,"gold_gain":56,"player_choice":"Gained Gold","damage_taken":0,"max_hp_gain":0,"max_hp_loss":0,"event_name":"Golden Wing","floor":13,"gold_loss":0}],"is_beta":false,"boss_relics":[],"items_purged_floors":[],"is_endless":false,"potions_floor_spawned":[3,7,8],"killed_by":"Slime Boss","ascension_level":19}