{"gold_per_floor":[115,133,147,69,69,69,69,69,69,69,85,119,119,131,131,131],"floor_reached":16,"playtime":612,"items_purged":[],"score":200,"play_id":"cab2a5ca-4c9f-459b-8a98-65e52ab62cd1","local_time":"20190128223943","is_ascension_mode":true,"campfire_choices":[{"floor":6,"key":"REST"},{"data":"Zap","floor":8,"key":"SMITH"},{"data":"Dualcast","floor":13,"key":"SMITH"},{"data":"Chaos","floor":15,"key":"SMITH"}],"neow_cost":"PERCENT_DAMAGE","seed_source_timestamp":411310067935900,"circlet_count":0,"master_deck":["AscendersBane","Strike_B","Strike_B","Strike_B","Strike_B","Defend_B","Defend_B","Defend_B","Defend_B","Zap+1","Dualcast+1","Flash of Steel","PanicButton","FTL","Cold Snap","Ball Lightning","Self Repair","Reinforced Body","Coolheaded","Chaos+1"],"relics":["Cracked Core","Orichalcum","Turnip","Juzu Bracelet"],"potions_floor_usage":[12,12,16],"damage_taken":[{"damage":8,"enemies":"2 Louse","floor":1,"turns":2},{"damage":3,"enemies":"Small Slimes","floor":2,"turns":3},{"damage":0,"enemies":"Jaw Worm","floor":3,"turns":3},{"damage":4,"enemies":"Red Slaver","floor":11,"turns":3},{"damage":9,"enemies":"3 Sentries","floor":12,"turns":6},{"damage":0,"enemies":"Exordium Thugs","floor":14,"turns":4},{"damage":48,"enemies":"The Guardian","floor":16,"turns":9}],"seed_played":"1609460879228144434","potions_obtained":[{"floor":2,"key":"Strength Potion"},{"floor":11,"key":"EssenceOfSteel"},{"floor":14,"key":"GamblersBrew"}],"is_trial":false,"path_per_floor":["M","M","M","$","?","R","$","R","T","?","M","E","R","M","R","B"],"character_chosen":"DEFECT","items_purchased":["Self Repair"],"campfire_rested":1,"item_purchase_floors":[4],"current_hp_per_floor":[38,35,35,35,30,51,51,51,51,51,47,38,38,45,45,0],"gold":131,"neow_bonus":"RANDOM_COLORLESS_2","is_prod":false,"is_daily":false,"chose_seed":false,"campfire_upgraded":3,"win_rate":0,"timestamp":1548715183,"path_taken":["M","M","M","$","?","R","$","R","T","?","M","E","R","M","R","BOSS"],"build_version":"2019-01-23","purchased_purges":0,"victory":false,"max_hp_per_floor":[71,71,71,71,71,71,71,71,71,71,71,71,71,71,71,71],"card_choices":[{"not_picked":["Cold Snap","Gash"],"picked":"FTL","floor":1},{"not_picked":["Redo","Gash"],"picked":"Cold Snap","floor":2},{"not_picked":["Streamline","Skim"],"picked":"Ball Lightning","floor":3},{"not_picked":["Beam Cell","Turbo"],"picked":"Reinforced Body","floor":11},{"not_picked":["Stack","Skim"],"picked":"Coolheaded","floor":12},{"not_picked":["Redo","Barrage"],"picked":"Chaos","floor":14}],"player_experience":1258183,"relics_obtained":[{"floor":9,"key":"Turnip"},{"floor":12,"key":"Juzu Bracelet"}],"event_choices":[{"damage_healed":0,"gold_gain":0,"player_choice":"Success","damage_taken":5,"relics_obtained":["Orichalcum"],"max_hp_gain":0,"max_hp_loss":0,"event_name":"Scrap Ooze","floor":5,"gold_loss":0},{"damage_healed":0,"gold_gain":0,"player_choice":"Ignored","damage_taken":0,"max_hp_gain":0,"max_hp_loss":0,"event_name":"Liars Game","floor":10,"gold_loss":0}],"is_beta":false,"boss_relics":[],"items_purged_floors":[],"is_endless":false,"potions_floor_spawned":[2,11,14],"killed_by":"The Guardian","ascension_level":20}