{"gold_per_floor":[115,125,144,1,15,15,49,49,49,65,81,100,100,64,64,164,164,178,191,201,215,215,215,13,23,23,49,111,123,154,181,193,309,321,348,378,3,20,20],"floor_reached":39,"playtime":3496,"items_purged":[],"score":409,"play_id":"0bc7c959-ebde-4657-9e93-5ab3c59f2dc1","local_time":"20190705164717","is_ascension_mode":false,"campfire_choices":[{"data":"Ball Lightning","floor":6,"key":"SMITH"},{"floor":15,"key":"REST"},{"data":"Echo Form","floor":23,"key":"SMITH"},{"data":"Self Repair","floor":29,"key":"SMITH"},{"floor":32,"key":"REST"}],"neow_cost":"NONE","seed_source_timestamp":1196024020002456,"circlet_count":0,"master_deck":["Strike_B","Strike_B","Strike_B+1","Strike_B+1","Defend_B","Defend_B","Defend_B","Defend_B","Zap","Dualcast","Barrage","Rip and Tear","Ball Lightning+1","Sweeping Beam","Coolheaded","Hologram","Self Repair+1","Echo Form+1","Chill","Streamline+1","Reinforced Body","Steam","Steam+1","Biased Cognition","Glacier","Reinforced Body","Conserve Battery+1"],"relics":["FrozenCore","Ancient Tea Set","Vajra","Sundial","Thread and Needle","Bronze Scales","MealTicket","Unceasing Top","MawBank","White Beast Statue","TheAbacus","Whetstone"],"potions_floor_usage":[16,33,33,39,39],"damage_taken":[{"damage":1,"enemies":"Jaw Worm","floor":1,"turns":3},{"damage":4,"enemies":"Cultist","floor":2,"turns":4},{"damage":3,"enemies":"2 Louse","floor":3,"turns":2},{"damage":4,"enemies":"Blue Slaver","floor":5,"turns":3},{"damage":21,"enemies":"Lagavulin","floor":7,"turns":4},{"damage":10,"enemies":"Large Slime","floor":10,"turns":3},{"damage":0,"enemies":"3 Louse","floor":11,"turns":2},{"damage":0,"enemies":"Exordium Thugs","floor":12,"turns":3},{"damage":4,"enemies":"Slime Boss","floor":16,"turns":7},{"damage":14,"enemies":"Spheric Guardian","floor":18,"turns":5},{"damage":28,"enemies":"2 Thieves","floor":19,"turns":4},{"damage":11,"enemies":"Sentry and Sphere","floor":20,"turns":6},{"damage":7,"enemies":"Centurion and Healer","floor":21,"turns":7},{"damage":4,"enemies":"Snecko","floor":25,"turns":7},{"damage":9,"enemies":"Book of Stabbing","floor":27,"turns":5},{"damage":6,"enemies":"Chosen and Byrds","floor":30,"turns":7},{"damage":0,"enemies":"Cultist and Chosen","floor":31,"turns":6},{"damage":88,"enemies":"Champ","floor":33,"turns":13},{"damage":9,"enemies":"3 Darklings","floor":35,"turns":9},{"damage":3,"enemies":"Orb Walker","floor":36,"turns":5},{"damage":72,"enemies":"Transient","floor":38,"turns":5},{"damage":0,"enemies":"Sphere and 2 Shapes","floor":39,"turns":2}],"seed_played":"5271750294149229776","potions_obtained":[{"floor":5,"key":"Explosive Potion"},{"floor":10,"key":"FocusPotion"},{"floor":12,"key":"Explosive Potion"},{"floor":16,"key":"PowerPotion"},{"floor":18,"key":"FairyPotion"},{"floor":35,"key":"Regen Potion"},{"floor":36,"key":"SteroidPotion"},{"floor":38,"key":"Dexterity Potion"}],"is_trial":false,"path_per_floor":["M","M","M","$","M","R","E","?","T","M","M","M","?","?","R","B",null,"M","M","M","M","?","R","$","M","T","E","?","R","M","M","R","B",null,"M","M","$","M","M"],"character_chosen":"DEFECT","items_purchased":["Vajra","MealTicket","TheAbacus","Whetstone","Reinforced Body"],"campfire_rested":2,"item_purchase_floors":[4,24,37,37,37],"current_hp_per_floor":[74,70,67,67,63,63,42,42,42,32,32,32,25,25,47,50,75,75,54,50,57,57,57,57,67,67,58,58,58,52,52,74,17,75,75,75,75,3,8],"gold":20,"neow_bonus":"RANDOM_COMMON_RELIC","is_prod":false,"is_daily":false,"chose_seed":false,"campfire_upgraded":3,"win_rate":0,"timestamp":1562370437,"path_taken":["M","M","M","$","M","R","E","?","T","?","M","M","?","?","R","BOSS","M","M","M","M","?","R","$","M","T","E","?","R","M","M","R","BOSS","M","M","$","M","M"],"build_version":"2019-07-05","purchased_purges":0,"victory":false,"max_hp_per_floor":[75,75,75,75,75,75,75,75,75,75,75,75,75,75,75,75,75,75,75,75,75,75,75,75,75,75,75,75,75,75,75,75,75,75,75,75,75,75,75],"card_choices":[{"not_picked":["Rebound","Beam Cell"],"picked":"Barrage","floor":1},{"not_picked":["Heatsinks","Scrape"],"picked":"Rip and Tear","floor":2},{"not_picked":["Heatsinks","Cold Snap"],"picked":"Ball Lightning","floor":3},{"not_picked":["Storm","Barrage"],"picked":"Sweeping Beam","floor":5},{"not_picked":["Tempest","Streamline"],"picked":"Coolheaded","floor":7},{"not_picked":["Aggregate","Gash","Compile Driver"],"picked":"SKIP","floor":10},{"not_picked":["Leap","Sweeping Beam"],"picked":"Hologram","floor":11},{"not_picked":["Cold Snap","Redo"],"picked":"Self Repair","floor":12},{"not_picked":["Reboot","Biased Cognition"],"picked":"Echo Form","floor":16},{"not_picked":["Gash+1","Rebound+1","Sweeping Beam"],"picked":"SKIP","floor":18},{"not_picked":["Hologram+1","Gash"],"picked":"Chill","floor":19},{"not_picked":["Darkness","Go for the Eyes"],"picked":"Streamline+1","floor":20},{"not_picked":["Gash","Conserve Battery"],"picked":"Reinforced Body","floor":21},{"not_picked":["Hello World+1","FTL"],"picked":"Steam","floor":25},{"not_picked":["Stack","Hologram+1"],"picked":"Steam+1","floor":27},{"not_picked":["Reboot","Scrape","Compile Driver+1"],"picked":"SKIP","floor":30},{"not_picked":["White Noise","Barrage","Chaos"],"picked":"SKIP","floor":31},{"not_picked":["Rainbow","Multi-Cast"],"picked":"Biased Cognition","floor":33},{"not_picked":["Turbo","Compile Driver"],"picked":"Glacier","floor":35},{"not_picked":["Static Discharge","Fusion","Barrage"],"picked":"SKIP","floor":36},{"not_picked":["Barrage+1","White Noise"],"picked":"Conserve Battery+1","floor":38}],"player_experience":641604,"relics_obtained":[{"floor":7,"key":"Sundial"},{"floor":26,"key":"Unceasing Top"},{"floor":27,"key":"MawBank"}],"event_choices":[{"damage_healed":0,"gold_gain":0,"player_choice":"Gave Potion","damage_taken":0,"relics_obtained":["Thread and Needle"],"max_hp_gain":0,"max_hp_loss":0,"event_name":"WeMeetAgain","floor":8,"gold_loss":0},{"damage_healed":0,"gold_gain":0,"player_choice":"Success","damage_taken":7,"relics_obtained":["Bronze Scales"],"max_hp_gain":0,"max_hp_loss":0,"event_name":"Scrap Ooze","floor":13,"gold_loss":0},{"damage_healed":0,"gold_gain":0,"player_choice":"Left Gold","damage_taken":0,"max_hp_gain":0,"max_hp_loss":0,"event_name":"World of Goop","floor":14,"gold_loss":36},{"damage_healed":0,"gold_gain":0,"player_choice":"Ignored","damage_taken":0,"max_hp_gain":0,"max_hp_loss":0,"event_name":"Cursed Tome","floor":22,"gold_loss":0},{"damage_healed":0,"gold_gain":100,"player_choice":"Bet on Murderer","damage_taken":0,"max_hp_gain":0,"max_hp_loss":0,"event_name":"The Joust","floor":28,"gold_loss":50}],"is_beta":false,"boss_relics":[{"not_picked":["Eternal Feather","Runic Pyramid"],"picked":"FrozenCore"},{"not_picked":["Calling Bell","Orrery"],"picked":"White Beast Statue"}],"items_purged_floors":[],"is_endless":false,"potions_floor_spawned":[5,10,12,16,18,20,21,31,35,36,38],"killed_by":"Sphere and 2 Shapes","ascension_level":0}