{"gold_per_floor":[113,113,127,142,217,250,250,250,250,250,268,268,279,290,290,388,388,407,423,441,166,181,181,26,26,71,71,86,86],"floor_reached":29,"playtime":1966,"items_purged":[],"score":227,"play_id":"502d99ec-6111-4996-a34f-21a495c85de3","local_time":"20190620200809","is_ascension_mode":false,"campfire_choices":[{"floor":7,"key":"REST"},{"data":"Acrobatics","floor":10,"key":"SMITH"},{"floor":12,"key":"REST"},{"floor":15,"key":"REST"},{"floor":23,"key":"REST"},{"data":"Setup","floor":25,"key":"SMITH"}],"neow_cost":"NONE","seed_source_timestamp":714990396575465,"circlet_count":0,"master_deck":["Defend_G","Defend_G","Defend_G","Defend_G","Strike_G","Strike_G","Strike_G","Strike_G","Survivor","Neutralize","Acrobatics+1","Dodge and Roll","Finisher","Escape Plan","Die Die Die","Endless Agony","A Thousand Cuts","Expertise+1","Backflip+1","Flying Knee+1","Panache","Finesse","Setup+1","Blade Dance","Cloak And Dagger","Infinite Blades","Backstab"],"relics":["Runic Dome","StoneCalendar","Bottled Lightning","WristBlade","Art of War"],"potions_floor_usage":[6,16,22],"damage_taken":[{"damage":8,"enemies":"Jaw Worm","floor":1,"turns":4},{"damage":0,"enemies":"2 Louse","floor":3,"turns":2},{"damage":2,"enemies":"Cultist","floor":4,"turns":5},{"damage":38,"enemies":"Gremlin Nob","floor":6,"turns":7},{"damage":3,"enemies":"Looter","floor":11,"turns":3},{"damage":9,"enemies":"Large Slime","floor":13,"turns":7},{"damage":9,"enemies":"Red Slaver","floor":14,"turns":2},{"damage":30,"enemies":"The Guardian","floor":16,"turns":16},{"damage":10,"enemies":"3 Byrds","floor":18,"turns":4},{"damage":17,"enemies":"2 Thieves","floor":19,"turns":3},{"damage":14,"enemies":"Shelled Parasite and Fungi","floor":20,"turns":7},{"damage":19,"enemies":"Cultist and Chosen","floor":22,"turns":6},{"damage":9,"enemies":"Snecko","floor":28,"turns":3},{"damage":23,"enemies":"Centurion and Healer","floor":29,"turns":3}],"seed_played":"2535237067967285449","potions_obtained":[{"floor":3,"key":"LiquidBronze"},{"floor":4,"key":"Poison Potion"},{"floor":13,"key":"Fire Potion"},{"floor":14,"key":"Swift Potion"}],"is_trial":false,"path_per_floor":["M","?","M","M","?","E","R","?","T","R","M","R","M","M","R","B",null,"M","M","M","$","M","R","$","R","T","?","M","M"],"character_chosen":"THE_SILENT","items_purchased":["Panache","Finesse","Blade Dance","Cloak And Dagger","Infinite Blades"],"campfire_rested":4,"item_purchase_floors":[21,21,24,24,24],"current_hp_per_floor":[62,55,55,53,42,4,25,25,25,25,22,43,34,25,46,16,70,60,43,29,29,10,31,31,31,31,31,22,0],"gold":86,"neow_bonus":"BOSS_RELIC","is_prod":false,"is_daily":false,"chose_seed":false,"campfire_upgraded":2,"win_rate":0,"timestamp":1561086489,"path_taken":["M","?","M","M","?","E","R","?","T","R","M","R","M","M","R","BOSS","M","M","M","$","M","R","$","R","T","?","M","M"],"build_version":"2019-01-23","purchased_purges":0,"victory":false,"max_hp_per_floor":[70,70,70,70,70,70,70,70,70,70,70,70,70,70,70,70,70,70,70,70,70,70,70,70,70,70,70,70,70],"card_choices":[{"not_picked":["Bane","Dagger Spray","Poisoned Stab"],"picked":"SKIP","floor":1},{"not_picked":["Deadly Poison","Masterful Stab"],"picked":"Acrobatics","floor":3},{"not_picked":["Dagger Throw","Underhanded Strike"],"picked":"Dodge and Roll","floor":4},{"not_picked":["Deflect","Predator"],"picked":"Finisher","floor":6},{"not_picked":["Prepared","Bane"],"picked":"Escape Plan","floor":11},{"not_picked":["Catalyst","Well Laid Plans"],"picked":"Die Die Die","floor":13},{"not_picked":["Deadly Poison","Skewer"],"picked":"Endless Agony","floor":14},{"not_picked":["Doppelganger","Tools of the Trade"],"picked":"A Thousand Cuts","floor":16},{"not_picked":["Bane","Poisoned Stab"],"picked":"Expertise+1","floor":18},{"not_picked":["Dagger Throw","Prepared"],"picked":"Backflip+1","floor":19},{"not_picked":["Bane+1","Dagger Spray+1"],"picked":"Flying Knee+1","floor":20},{"not_picked":["Flying Knee","Sucker Punch"],"picked":"Setup","floor":22},{"not_picked":["Setup","Acrobatics"],"picked":"Backstab","floor":28}],"player_experience":356951,"relics_obtained":[{"floor":6,"key":"StoneCalendar"},{"floor":9,"key":"Bottled Lightning"},{"floor":26,"key":"Art of War"}],"event_choices":[{"cards_removed":["Strike_G"],"damage_healed":0,"gold_gain":0,"player_choice":"Card Removal","damage_taken":7,"max_hp_gain":0,"max_hp_loss":0,"event_name":"Golden Wing","floor":2,"gold_loss":0},{"damage_healed":0,"gold_gain":75,"player_choice":"Gather Gold","damage_taken":11,"max_hp_gain":0,"max_hp_loss":0,"event_name":"World of Goop","floor":5,"gold_loss":0},{"damage_healed":0,"gold_gain":0,"player_choice":"Ignored","damage_taken":0,"max_hp_gain":0,"max_hp_loss":0,"event_name":"Shining Light","floor":8,"gold_loss":0},{"cards_removed":["Defend_G"],"damage_healed":0,"gold_gain":0,"player_choice":"Purged","damage_taken":0,"max_hp_gain":0,"max_hp_loss":0,"event_name":"Purifier","floor":27,"gold_loss":0}],"is_beta":false,"boss_relics":[{"not_picked":["Cursed Key","Black Star"],"picked":"WristBlade"}],"items_purged_floors":[],"is_endless":false,"potions_floor_spawned":[3,4,13,14],"killed_by":"Centurion and Healer","ascension_level":0}