{"gold_per_floor":[111,124,142,18,18,18,32,65,65,65,65,75,75,104,104,209,209,229,244,45,45,59,89,89,120,166,166,182,82,82,0,0,0],"floor_reached":33,"playtime":960,"items_purged":["Strike_R","Inflame+1"],"score":381,"play_id":"6ad10bc9-aba6-4658-afb5-604ecb3cccf0","local_time":"20190704165524","is_ascension_mode":true,"campfire_choices":[{"data":"Spot Weakness","floor":6,"key":"SMITH"},{"data":"Sword Boomerang","floor":11,"key":"SMITH"},{"floor":13,"key":"REST"},{"data":"Flex","floor":15,"key":"SMITH"},{"data":"Apotheosis","floor":24,"key":"SMITH"},{"floor":27,"key":"REST"},{"data":"Heavy Blade","floor":30,"key":"SMITH"},{"floor":32,"key":"REST"}],"neow_cost":"NONE","seed_source_timestamp":196701707158288,"circlet_count":0,"master_deck":["Strike_R","Strike_R","Strike_R","Strike_R","Defend_R","Defend_R","Defend_R","Bash","Spot Weakness+1","Sword Boomerang+1","Flex+1","Flex","Impervious","Sword Boomerang","Apotheosis+1","Heavy Blade+1","Pummel+1"],"relics":["Black Blood","Bag of Marbles","Blood Vial","Frozen Egg 2","Matryoshka","Omamori","Orichalcum","Dream Catcher"],"potions_floor_usage":[8,16,33,33,33],"damage_taken":[{"damage":1,"enemies":"Cultist","floor":1,"turns":3},{"damage":0,"enemies":"Small Slimes","floor":2,"turns":4},{"damage":11,"enemies":"Jaw Worm","floor":3,"turns":4},{"damage":12,"enemies":"3 Louse","floor":7,"turns":3},{"damage":25,"enemies":"3 Sentries","floor":8,"turns":7},{"damage":5,"enemies":"Exordium Thugs","floor":12,"turns":3},{"damage":30,"enemies":"Lagavulin","floor":14,"turns":6},{"damage":41,"enemies":"The Guardian","floor":16,"turns":10},{"damage":0,"enemies":"Chosen","floor":18,"turns":4},{"damage":0,"enemies":"Spheric Guardian","floor":19,"turns":1},{"damage":12,"enemies":"Shelled Parasite and Fungi","floor":22,"turns":2},{"damage":40,"enemies":"Gremlin Leader","floor":23,"turns":5},{"damage":44,"enemies":"Slavers","floor":25,"turns":4},{"damage":18,"enemies":"Snake Plant","floor":28,"turns":2},{"damage":90,"enemies":"Automaton","floor":33,"turns":8}],"seed_played":"5744759986992419753","potions_obtained":[{"floor":1,"key":"Explosive Potion"},{"floor":3,"key":"Energy Potion"},{"floor":14,"key":"AttackPotion"},{"floor":16,"key":"Regen Potion"},{"floor":25,"key":"Swift Potion"}],"is_trial":false,"path_per_floor":["M","M","M","$","$","R","M","E","T","?","R","M","R","E","R","B",null,"M","M","$","?","M","E","R","E","T","R","M","$","R","?","R","B"],"character_chosen":"IRONCLAD","items_purchased":["Flex","Apotheosis","Inflame+1"],"campfire_rested":3,"item_purchase_floors":[4,20,20],"current_hp_per_floor":[85,88,83,83,83,83,77,58,58,51,51,54,80,58,58,25,72,84,88,88,88,86,58,58,26,26,52,46,46,46,46,72,0],"gold":0,"neow_bonus":"TEN_PERCENT_HP_BONUS","is_prod":false,"is_daily":false,"chose_seed":false,"campfire_upgraded":5,"win_rate":0,"timestamp":1562252124,"path_taken":["M","M","M","?","$","R","M","E","T","?","R","M","R","E","R","BOSS","M","M","$","?","M","E","R","E","T","R","M","$","R","?","R","BOSS"],"build_version":"2019-07-01","purchased_purges":2,"victory":false,"max_hp_per_floor":[88,88,88,88,88,88,88,88,88,88,88,88,88,88,88,88,88,88,88,88,88,88,88,88,88,88,88,88,88,88,88,88,88],"card_choices":[{"not_picked":["Seeing Red","Feel No Pain"],"picked":"Spot Weakness","floor":1},{"not_picked":["Iron Wave","Clothesline","Wild Strike"],"picked":"SKIP","floor":2},{"not_picked":["Cleave","Evolve"],"picked":"Sword Boomerang","floor":3},{"not_picked":["Headbutt","Clothesline"],"picked":"Flex","floor":7},{"not_picked":["Twin Strike","Iron Wave","Warcry"],"picked":"SKIP","floor":8},{"not_picked":["Anger","Cleave","Flex"],"picked":"SKIP","floor":12},{"not_picked":["Perfected Strike","Feel No Pain","Pommel Strike"],"picked":"SKIP","floor":14},{"not_picked":["Fiend Fire","Bludgeon"],"picked":"Impervious","floor":16},{"not_picked":["Perfected Strike+1","Blood for Blood+1"],"picked":"Sword Boomerang","floor":18},{"not_picked":["Body Slam+1","Iron Wave","Headbutt"],"picked":"SKIP","floor":19},{"not_picked":["Armaments","Rupture+1","Disarm"],"picked":"SKIP","floor":22},{"not_picked":["Havoc+1","Searing Blow+1","Second Wind"],"picked":"SKIP","floor":23},{"not_picked":["Rupture+1","Evolve+1","Clothesline"],"picked":"SKIP","floor":25},{"not_picked":["Carnage","Perfected Strike"],"picked":"Pummel+1","floor":27},{"not_picked":["Clash","Disarm+1","Iron Wave"],"picked":"SKIP","floor":28}],"player_experience":154541,"relics_obtained":[{"floor":8,"key":"Bag of Marbles"},{"floor":9,"key":"Blood Vial"},{"floor":14,"key":"Frozen Egg 2"},{"floor":23,"key":"Matryoshka"},{"floor":25,"key":"Omamori"},{"floor":26,"key":"Orichalcum"},{"floor":26,"key":"Dream Catcher"}],"event_choices":[{"cards_removed":["Defend_R"],"damage_healed":0,"gold_gain":0,"player_choice":"Card Removal","damage_taken":7,"max_hp_gain":0,"max_hp_loss":0,"event_name":"Golden Wing","floor":10,"gold_loss":0},{"damage_healed":0,"gold_gain":0,"player_choice":"Read","damage_taken":0,"max_hp_gain":0,"max_hp_loss":0,"event_name":"The Library","floor":21,"gold_loss":0,"cards_obtained":["Heavy Blade"]},{"damage_healed":0,"gold_gain":0,"player_choice":"Paid Fearfully","damage_taken":0,"max_hp_gain":0,"max_hp_loss":0,"event_name":"Masked Bandits","floor":31,"gold_loss":82}],"is_beta":false,"boss_relics":[{"not_picked":["Orrery","Mark of Pain"],"picked":"Black Blood"}],"items_purged_floors":[4,29],"is_endless":false,"potions_floor_spawned":[1,3,14,16,25,28],"killed_by":"Automaton","ascension_level":6}