{"gold_per_floor":[119,119,119,130,144,172,172,196,219,219,22,62,62,81,81,201,201,226,226,247,247,271,305,84,84,84,84,107,107],"floor_reached":29,"playtime":2334,"items_purged":["Perfected Strike"],"score":276,"play_id":"aa8e2b4b-7a0c-4b7d-b5ab-cad3ebc56970","local_time":"20190703212056","is_ascension_mode":false,"campfire_choices":[{"data":"Armaments","floor":7.0,"key":"SMITH"},{"data":"Enlightenment","floor":13.0,"key":"SMITH"},{"data":"Combust","floor":15.0,"key":"SMITH"},{"data":"Dark Embrace","floor":27,"key":"SMITH"}],"neow_cost":"NONE","seed_source_timestamp":0,"circlet_count":0,"master_deck":["Defend_R","Defend_R","Defend_R","Bash+1","Seeing Red","Enlightenment+1","Shrug It Off","Armaments+1","Combust+1","Cleave+1","Power Through","Flex","Dark Embrace+1","Inflame+1","Whirlwind+1","Pommel Strike+1","Heavy Blade","Anger+1","Bite","Bite","Bite","Bite","Bite","True Grit+1","Rupture+1","Fiend Fire","Flex"],"special_seed":0,"relics":["Burning Blood","Centennial Puzzle","Question Card","Bag of Marbles","Dream Catcher","Golden Idol","Happy Flower","Strawberry","Astrolabe","Whetstone","Mummified Hand"],"potions_floor_usage":[28],"damage_taken":[{"damage":8.0,"enemies":"Jaw Worm","floor":1.0,"turns":4.0},{"damage":5.0,"enemies":"2 Louse","floor":4.0,"turns":5.0},{"damage":7.0,"enemies":"Cultist","floor":5.0,"turns":5.0},{"damage":27.0,"enemies":"3 Sentries","floor":6.0,"turns":8.0},{"damage":14.0,"enemies":"Lagavulin","floor":12.0,"turns":5.0},{"damage":0.0,"enemies":"Exordium Wildlife","floor":14.0,"turns":2.0},{"damage":14.0,"enemies":"Slime Boss","floor":16.0,"turns":9.0},{"damage":2.0,"enemies":"Chosen","floor":18.0,"turns":6.0},{"damage":7.0,"enemies":"3 Byrds","floor":20.0,"turns":5.0},{"damage":24.0,"enemies":"Snake Plant","floor":22.0,"turns":4.0},{"damage":59.0,"enemies":"Book of Stabbing","floor":23.0,"turns":7.0},{"damage":20,"enemies":"Centurion and Healer","floor":28,"turns":4},{"damage":18,"enemies":"Gremlin Leader","floor":29,"turns":1}],"seed_played":"-139792296102477810","potions_obtained":[{"floor":4.0,"key":"SpeedPotion"},{"floor":5.0,"key":"Energy Potion"},{"floor":6.0,"key":"Explosive Potion"},{"floor":14.0,"key":"Ancient Potion"},{"floor":16.0,"key":"Energy Potion"}],"is_trial":false,"path_per_floor":["M","?","?","M","M","E","R","T","T","?","$","E","R","M","R","B",null,"M","?","M","?","M","E","$","$","T","R","M","E"],"character_chosen":"IRONCLAD","items_purchased":["Happy Flower","Cleave","Fiend Fire"],"campfire_rested":0,"item_purchase_floors":[11,11,24],"current_hp_per_floor":[86,83,83,84,83,62,62,62,62,40,40,39,39,45,45,37,95,95,76,75,69,55,16,16,16,16,16,13,0],"gold":107,"neow_bonus":"TEN_PERCENT_HP_BONUS","is_prod":false,"is_daily":false,"chose_seed":false,"campfire_upgraded":4,"win_rate":0.0,"timestamp":1562156456,"path_taken":["M","?","?","?","M","E","R","?","T","?","$","E","R","M","R","BOSS","M","?","M","?","M","E","?","$","T","R","M","E"],"build_version":"2019-07-01","purchased_purges":1,"victory":false,"max_hp_per_floor":[88,88,88,88,88,88,88,88,88,88,88,95,95,95,95,95,95,95,100,100,69,69,69,69,69,69,69,69,69],"card_choices":[{"not_picked":["Thunderclap","Clothesline"],"picked":"Seeing Red","floor":1.0},{"not_picked":["Body Slam","Sword Boomerang"],"picked":"Armaments","floor":4.0},{"not_picked":["Headbutt","Armaments"],"picked":"Combust","floor":5.0},{"not_picked":["Pommel Strike","Corruption"],"picked":"Perfected Strike","floor":6.0},{"not_picked":["Shrug It Off","Seeing Red","True Grit"],"picked":"Power Through","floor":12.0},{"not_picked":["Pommel Strike","Pummel","Bloodletting"],"picked":"Flex","floor":14.0},{"not_picked":["Impervious","Berserk","Juggernaut"],"picked":"Dark Embrace","floor":16.0},{"not_picked":["Inflame","Clothesline","Battle Trance"],"picked":"Heavy Blade","floor":18.0},{"not_picked":["Clothesline","Warcry","Spot Weakness+1"],"picked":"Anger+1","floor":20.0},{"not_picked":["Intimidate","Limit Break","Heavy Blade+1"],"picked":"True Grit+1","floor":22.0},{"not_picked":["Fire Breathing+1","Armaments","Pommel Strike"],"picked":"Rupture+1","floor":23.0},{"not_picked":["Heavy Blade","Pommel Strike+1","Twin Strike"],"picked":"Flex","floor":28}],"player_experience":7867,"relics_obtained":[{"floor":6.0,"key":"Question Card"},{"floor":8.0,"key":"Bag of Marbles"},{"floor":9.0,"key":"Dream Catcher"},{"floor":12.0,"key":"Strawberry"},{"floor":23.0,"key":"Whetstone"},{"floor":26,"key":"Mummified Hand"}],"event_choices":[{"damage_healed":0.0,"max_hp_gain":0.0,"max_hp_loss":0.0,"gold_gain":0.0,"event_name":"Scrap Ooze","player_choice":"Success","floor":2.0,"gold_loss":0.0,"damage_taken":3.0,"relics_obtained":["Centennial Puzzle"]},{"damage_healed":0.0,"max_hp_gain":0.0,"max_hp_loss":0.0,"gold_gain":0.0,"event_name":"Match and Keep!","player_choice":"2 cards matched","floor":3.0,"gold_loss":0.0,"damage_taken":0.0,"cards_obtained":["Enlightenment","Shrug It Off"]},{"damage_healed":0.0,"max_hp_gain":0.0,"max_hp_loss":0.0,"gold_gain":0.0,"event_name":"Golden Idol","player_choice":"Take Damage","floor":10.0,"gold_loss":0.0,"damage_taken":22.0,"relics_obtained":["Golden Idol"]},{"damage_healed":0.0,"max_hp_gain":5.0,"max_hp_loss":0.0,"gold_gain":0.0,"event_name":"Forgotten Altar","player_choice":"Shed Blood","floor":19.0,"gold_loss":0.0,"damage_taken":24.0},{"damage_healed":0.0,"max_hp_gain":0.0,"max_hp_loss":31.0,"gold_gain":0.0,"event_name":"Vampires","player_choice":"Became a vampire","floor":21.0,"gold_loss":0.0,"damage_taken":0.0,"cards_obtained":["Bite","Bite","Bite","Bite","Bite"]}],"is_beta":false,"boss_relics":[{"not_picked":["Ectoplasm","Eternal Feather"],"picked":"Astrolabe"}],"items_purged_floors":[24],"is_endless":false,"potions_floor_spawned":[4,5,6,14,16,20],"killed_by":"Gremlin Leader","ascension_level":0}