{"gold_per_floor":[114,37,137,152,167,182,182,197,222,237,237,252,252,267,267,367,367,382,309,309,324,339,339,369,369,394,394,22,52,52,52,52,152,152,167,17,17],"floor_reached":37,"playtime":4141,"items_purged":[],"score":424,"play_id":"ca865fe0-955c-4d95-ba94-c76356578c29","local_time":"20190620023455","daily_mods":["Specialized","ControlledChaos","Binary"],"is_ascension_mode":false,"campfire_choices":[{"floor":11,"key":"REST"},{"data":"Loop","floor":13,"key":"SMITH"},{"floor":15,"key":"REST"},{"data":"Defragment","floor":23,"key":"SMITH"},{"floor":25,"key":"REST"},{"data":"Capacitor","floor":27,"key":"SMITH"},{"floor":30,"key":"REST"},{"floor":32,"key":"REST"}],"neow_cost":"","seed_source_timestamp":647994776974033,"circlet_count":0,"master_deck":["Strike_B+1","Strike_B","Strike_B","Strike_B+1","Defend_B","Defend_B","Defend_B","Defend_B","Zap","Dualcast","Streamline","Streamline","Streamline","Streamline","Capacitor+1","Hello World","Steam","Loop+1","Reprogram","Aggregate","Coolheaded","Loop","Defragment+1","Aggregate","Transmutation","Amplify","Aggregate+1"],"special_seed":18067,"relics":["FrozenCore","Frozen Eye","Whetstone","MutagenicStrength","Question Card","Centennial Puzzle","Chemical X","Smiling Mask","Eternal Feather","Lantern"],"potions_floor_usage":[21,22,24,33,33],"damage_taken":[{"damage":0,"enemies":"Small Slimes","floor":1,"turns":3},{"damage":1,"enemies":"Cultist","floor":4,"turns":3},{"damage":5,"enemies":"2 Louse","floor":5,"turns":2},{"damage":31,"enemies":"Gremlin Gang","floor":6,"turns":5},{"damage":11,"enemies":"Large Slime","floor":8,"turns":6},{"damage":5,"enemies":"Looter","floor":10,"turns":3},{"damage":3,"enemies":"Exordium Wildlife","floor":12,"turns":4},{"damage":20,"enemies":"Gremlin Gang","floor":14,"turns":4},{"damage":14,"enemies":"Hexaghost","floor":16,"turns":10},{"damage":4,"enemies":"Chosen","floor":18,"turns":8},{"damage":13,"enemies":"3 Byrds","floor":21,"turns":9},{"damage":0,"enemies":"Centurion and Healer","floor":22,"turns":14},{"damage":35,"enemies":"Slavers","floor":24,"turns":9},{"damage":29,"enemies":"Gremlin Leader","floor":29,"turns":9},{"damage":15,"enemies":"Collector","floor":33,"turns":13},{"damage":32,"enemies":"3 Darklings","floor":35,"turns":7},{"damage":54,"enemies":"3 Shapes","floor":37,"turns":3}],"seed_played":"3448496253147609939","potions_obtained":[{"floor":1,"key":"FearPotion"},{"floor":10,"key":"Block Potion"},{"floor":14,"key":"FearPotion"},{"floor":22,"key":"Poison Potion"},{"floor":24,"key":"Energy Potion"},{"floor":33,"key":"Dexterity Potion"}],"is_trial":false,"path_per_floor":["M","$","?","M","M","M","?","M","T","M","R","M","R","M","R","B",null,"M","$","?","M","M","R","E","R","T","R","$","E","R","?","R","B",null,"M","$","M"],"character_chosen":"DEFECT","items_purchased":["Hello World","Defragment","Chemical X","Transmutation","Lantern"],"campfire_rested":5,"item_purchase_floors":[2,19,28,28,36],"current_hp_per_floor":[75,75,75,74,69,38,38,27,27,22,44,41,41,21,43,29,75,71,71,71,58,58,58,23,45,45,45,45,16,38,38,60,45,75,43,43,0],"gold":17,"neow_bonus":"","is_prod":false,"is_daily":true,"chose_seed":false,"campfire_upgraded":3,"win_rate":0,"timestamp":1561023295,"path_taken":["M","$","?","M","?","M","?","M","T","M","R","?","R","M","R","BOSS","M","$","?","M","M","R","E","R","T","R","$","E","R","?","R","BOSS","M","$","M"],"build_version":"2019-01-23","purchased_purges":0,"victory":false,"max_hp_per_floor":[75,75,75,75,75,75,75,75,75,75,75,75,75,75,75,75,75,75,75,75,75,75,75,75,75,75,75,75,75,75,75,75,75,75,75,75,75],"card_choices":[{"not_picked":["Loop"],"picked":"Capacitor","floor":1},{"not_picked":["Streamline","Sweeping Beam"],"picked":"SKIP","floor":4},{"not_picked":["Streamline"],"picked":"Steam","floor":5},{"not_picked":["Ball Lightning"],"picked":"Loop","floor":6},{"not_picked":["Compile Driver"],"picked":"Reprogram","floor":8},{"not_picked":["Streamline"],"picked":"Aggregate","floor":10},{"not_picked":["Go for the Eyes","Rebound"],"picked":"SKIP","floor":12},{"not_picked":["Rebound"],"picked":"Coolheaded","floor":14},{"not_picked":["Auto Shields"],"picked":"Loop","floor":18},{"not_picked":["Rebound","Darkness"],"picked":"SKIP","floor":21},{"not_picked":["Rebound","Steam Power"],"picked":"SKIP","floor":22},{"not_picked":["Compile Driver"],"picked":"Aggregate","floor":24},{"not_picked":["Genetic Algorithm","Barrage"],"picked":"Amplify","floor":29},{"not_picked":["Storm","Conserve Battery+1"],"picked":"Aggregate+1","floor":35}],"player_experience":333507,"relics_obtained":[{"floor":9,"key":"Whetstone"},{"floor":24,"key":"Question Card"},{"floor":26,"key":"Centennial Puzzle"},{"floor":29,"key":"Smiling Mask"}],"event_choices":[{"damage_healed":0,"gold_gain":100,"player_choice":"Pray","damage_taken":0,"max_hp_gain":0,"max_hp_loss":0,"event_name":"Golden Shrine","floor":3,"gold_loss":0},{"cards_removed":["Streamline"],"damage_healed":0,"gold_gain":0,"player_choice":"Purged","damage_taken":0,"max_hp_gain":0,"max_hp_loss":0,"event_name":"Purifier","floor":7,"gold_loss":0},{"damage_healed":0,"gold_gain":0,"player_choice":"Inject Mutagens","damage_taken":0,"relics_obtained":["MutagenicStrength"],"max_hp_gain":0,"max_hp_loss":0,"event_name":"Drug Dealer","floor":20,"gold_loss":0},{"damage_healed":0,"gold_gain":0,"player_choice":"Ignored","damage_taken":0,"max_hp_gain":0,"max_hp_loss":0,"event_name":"Beggar","floor":31,"gold_loss":0}],"is_beta":false,"boss_relics":[{"not_picked":["Velvet Choker","Calling Bell"],"picked":"FrozenCore"},{"not_picked":["Tiny House","Snecko Eye"],"picked":"Eternal Feather"}],"items_purged_floors":[],"is_endless":false,"potions_floor_spawned":[1,10,14,18,22,24,33],"killed_by":"3 Shapes","ascension_level":0}