{"gold_per_floor":[118,118,118,139,164,205,205,155,236,261,300,331,331,367,367,367],"floor_reached":16,"playtime":392,"items_purged":["Bash"],"score":282,"play_id":"0e78fb65-e192-4e44-a2dd-621f3f016939","local_time":"20190615225428","is_ascension_mode":true,"campfire_choices":[{"data":"Body Slam","floor":7,"key":"SMITH"},{"data":"Cleave","floor":13,"key":"SMITH"},{"floor":15,"key":"REST"}],"neow_cost":"NONE","seed_source_timestamp":155631343587700,"circlet_count":0,"master_deck":["AscendersBane","Strike_R","Strike_R","Strike_R+1","Strike_R+1","Strike_R","Defend_R","Defend_R","Defend_R","Defend_R","Body Slam+1","Cleave+1","Entrench","Headbutt","Iron Wave","Shrug It Off","Disarm"],"relics":["Burning Blood","NeowsBlessing","Golden Idol","Smiling Mask","Ornamental Fan","Shuriken","StoneCalendar","Odd Mushroom","Orichalcum"],"potions_floor_usage":[11,12,14],"damage_taken":[{"damage":0,"enemies":"Jaw Worm","floor":1,"turns":1},{"damage":0,"enemies":"2 Louse","floor":4,"turns":1},{"damage":0,"enemies":"Gremlin Nob","floor":6,"turns":1},{"damage":3,"enemies":"Cultist","floor":10,"turns":4},{"damage":30,"enemies":"Lagavulin","floor":11,"turns":6},{"damage":0,"enemies":"The Mushroom Lair","floor":12,"turns":3},{"damage":15,"enemies":"Gremlin Nob","floor":14,"turns":4},{"damage":35,"enemies":"The Guardian","floor":16,"turns":6}],"seed_played":"2253266311309542936","potions_obtained":[{"floor":4,"key":"Weak Potion"},{"floor":6,"key":"Explosive Potion"},{"floor":12,"key":"GamblersBrew"}],"is_trial":false,"path_per_floor":["M","?","?","M","T","E","R","$","T","M","E","?","R","E","R","B"],"character_chosen":"IRONCLAD","items_purchased":[],"campfire_rested":1,"item_purchase_floors":[],"current_hp_per_floor":[74,48,25,31,31,37,37,37,37,40,16,22,22,13,35,0],"gold":367,"neow_bonus":"THREE_ENEMY_KILL","is_prod":false,"is_daily":false,"chose_seed":false,"campfire_upgraded":2,"win_rate":0,"timestamp":1560635668,"path_taken":["M","?","?","M","?","E","R","$","T","?","E","?","R","E","R","BOSS"],"build_version":"2019-01-23","purchased_purges":1,"victory":false,"max_hp_per_floor":[75,75,75,75,75,75,75,75,75,75,75,75,75,75,75,75],"card_choices":[{"not_picked":["Body Slam","Dual Wield","Infernal Blade"],"picked":"SKIP","floor":1},{"not_picked":["Dual Wield","Infernal Blade"],"picked":"Body Slam","floor":1},{"not_picked":["Clash","Entrench"],"picked":"Cleave","floor":4},{"not_picked":["Body Slam","True Grit"],"picked":"Entrench","floor":6},{"not_picked":["Clothesline","Havoc"],"picked":"Headbutt","floor":10},{"not_picked":["Sever Soul","Immolate"],"picked":"Iron Wave","floor":11},{"not_picked":["Blood for Blood","Carnage"],"picked":"Shrug It Off","floor":12},{"not_picked":["Warcry","Pummel"],"picked":"Disarm","floor":14}],"player_experience":1296789,"relics_obtained":[{"floor":5,"key":"Smiling Mask"},{"floor":6,"key":"Ornamental Fan"},{"floor":9,"key":"Shuriken"},{"floor":11,"key":"StoneCalendar"},{"floor":12,"key":"Odd Mushroom"},{"floor":14,"key":"Orichalcum"}],"event_choices":[{"damage_healed":0,"gold_gain":0,"player_choice":"Take Damage","damage_taken":26,"relics_obtained":["Golden Idol"],"max_hp_gain":0,"max_hp_loss":0,"event_name":"Golden Idol","floor":2,"gold_loss":0},{"damage_healed":0,"gold_gain":0,"player_choice":"Entered Light","damage_taken":23,"max_hp_gain":0,"max_hp_loss":0,"event_name":"Shining Light","floor":3,"gold_loss":0,"cards_upgraded":["Strike_R","Strike_R"]},{"damage_healed":0,"gold_gain":0,"player_choice":"Fought Mushrooms","damage_taken":0,"max_hp_gain":0,"max_hp_loss":0,"event_name":"Mushrooms","floor":12,"gold_loss":0}],"is_beta":false,"boss_relics":[],"items_purged_floors":[8],"is_endless":false,"potions_floor_spawned":[4,6,12],"killed_by":"The Guardian","ascension_level":20}