{"gold_per_floor":[118,118,118,128,128,158,158,171,171,186,200,235,254,81,81,81],"floor_reached":16,"playtime":1195,"items_purged":[],"score":144,"play_id":"b6d76dac-f0d0-4e3b-95a4-2b9388ee4538","local_time":"20190612134240","is_ascension_mode":true,"campfire_choices":[{"data":"Venomology","floor":7,"key":"SMITH"},{"data":"Venomology","floor":15,"key":"SMITH"}],"neow_cost":"NONE","seed_source_timestamp":1408655496836,"circlet_count":0,"master_deck":["Defend_G","Defend_G","Defend_G","Defend_G","Defend_G","Strike_G","Strike_G","Strike_G","Strike_G","Strike_G","Survivor","Neutralize+1","Deflect","Acrobatics","Venomology+1","Accuracy","Escape Plan","Prepared","PiercingWail","Venomology+1","Dagger Throw"],"relics":["Ring of the Snake","NeowsBlessing","Question Card","Vajra","Centennial Puzzle","Kunai"],"potions_floor_usage":[8,10,10,10,12,12,13,16,16,16],"damage_taken":[{"damage":0,"enemies":"2 Louse","floor":1,"turns":1},{"damage":0,"enemies":"Jaw Worm","floor":4,"turns":1},{"damage":0,"enemies":"3 Sentries","floor":6,"turns":1},{"damage":0,"enemies":"Cultist","floor":8,"turns":3},{"damage":0,"enemies":"Gremlin Gang","floor":10,"turns":5},{"damage":1,"enemies":"2 Fungi Beasts","floor":11,"turns":5},{"damage":34,"enemies":"Gremlin Nob","floor":12,"turns":5},{"damage":2,"enemies":"Large Slime","floor":13,"turns":6},{"damage":46,"enemies":"Hexaghost","floor":16,"turns":16}],"seed_played":"7923034085417860523","potions_obtained":[{"floor":5,"key":"SkillPotion"},{"floor":5,"key":"AttackPotion"},{"floor":5,"key":"Regen Potion"},{"floor":8,"key":"Swift Potion"},{"floor":12,"key":"GamblersBrew"},{"floor":13,"key":"Swift Potion"}],"is_trial":false,"path_per_floor":["M","?","?","M","?","E","R","M","T","M","M","E","M","$","R","B"],"character_chosen":"THE_SILENT","items_purchased":["Venomology","Dagger Throw"],"campfire_rested":0,"item_purchase_floors":[14,14],"current_hp_per_floor":[70,70,63,63,63,63,63,63,63,63,62,47,45,45,45,0],"gold":81,"neow_bonus":"THREE_ENEMY_KILL","is_prod":false,"is_daily":false,"chose_seed":false,"campfire_upgraded":2,"win_rate":0,"timestamp":1560372160,"path_taken":["M","?","?","M","?","E","R","M","T","M","?","E","?","$","R","BOSS"],"build_version":"2019-01-23","purchased_purges":0,"victory":false,"max_hp_per_floor":[70,70,70,70,70,70,70,70,70,70,70,70,70,70,70,70],"card_choices":[{"not_picked":["Slice","Concentrate"],"picked":"Deflect","floor":1},{"not_picked":["Crippling Poison","Caltrops","Underhanded Strike"],"picked":"Acrobatics","floor":4},{"not_picked":["Deflect","Acrobatics","Blade Dance"],"picked":"Venomology","floor":6},{"not_picked":["Quick Slash","Outmaneuver","Masterful Stab"],"picked":"Accuracy","floor":8},{"not_picked":["Dodge and Roll","Quick Slash","Heel Hook"],"picked":"Escape Plan","floor":10},{"not_picked":["Bouncing Flask","Sucker Punch","Expertise"],"picked":"Prepared","floor":11},{"not_picked":["Cloak And Dagger","Sucker Punch","Backstab"],"picked":"PiercingWail","floor":12},{"not_picked":["Cloak And Dagger","Flying Knee","Endless Agony","Flechettes"],"picked":"SKIP","floor":13}],"player_experience":184539,"relics_obtained":[{"floor":6,"key":"Vajra"},{"floor":9,"key":"Centennial Puzzle"},{"floor":12,"key":"Kunai"}],"event_choices":[{"damage_healed":0,"gold_gain":0,"player_choice":"Grow","damage_taken":0,"max_hp_gain":0,"max_hp_loss":0,"event_name":"Living Wall","floor":2,"gold_loss":0,"cards_upgraded":["Neutralize"]},{"damage_healed":0,"gold_gain":0,"player_choice":"Success","damage_taken":7,"relics_obtained":["Question Card"],"max_hp_gain":0,"max_hp_loss":0,"event_name":"Scrap Ooze","floor":3,"gold_loss":0},{"damage_healed":0,"gold_gain":0,"player_choice":"Got Potions","damage_taken":0,"max_hp_gain":0,"max_hp_loss":0,"event_name":"Lab","floor":5,"gold_loss":0}],"is_beta":false,"boss_relics":[],"items_purged_floors":[],"is_endless":false,"potions_floor_spawned":[6,8,12,13],"killed_by":"Hexaghost","ascension_level":1}