{"gold_per_floor":[115,40,40,40,60,60,78,111,183,198,198,32,43,43,43,43],"floor_reached":16,"playtime":551,"items_purged":[],"score":185,"play_id":"4a23c668-afa1-4c4a-81a6-5bba90914f76","local_time":"20190113233646","is_ascension_mode":true,"campfire_choices":[{"data":"True Grit","floor":6,"key":"SMITH"},{"data":"Bash","floor":11,"key":"SMITH"},{"floor":15,"key":"REST"}],"neow_cost":"NONE","seed_source_timestamp":245513370436772,"circlet_count":0,"master_deck":["AscendersBane","Strike_R","Strike_R","Strike_R","Strike_R","Defend_R","Defend_R","Defend_R","Defend_R","Bash+1","True Grit+1","Spot Weakness","Iron Wave","Impervious","Flame Barrier","Headbutt"],"relics":["Burning Blood","Blood Vial","CultistMask","Smiling Mask","Matryoshka","Bronze Scales","Orichalcum"],"potions_floor_usage":[8,16],"damage_taken":[{"damage":11,"enemies":"Jaw Worm","floor":1,"turns":4},{"damage":1,"enemies":"Cultist","floor":5,"turns":3},{"damage":11,"enemies":"2 Louse","floor":7,"turns":3},{"damage":23,"enemies":"Gremlin Nob","floor":8,"turns":4},{"damage":18,"enemies":"Exordium Wildlife","floor":10,"turns":7},{"damage":13,"enemies":"Lots of Slimes","floor":13,"turns":4},{"damage":66,"enemies":"Slime Boss","floor":16,"turns":10}],"seed_played":"7500193526416948224","potions_obtained":[{"floor":5,"key":"Swift Potion"},{"floor":7,"key":"LiquidBronze"},{"floor":10,"key":"SpeedPotion"}],"is_trial":false,"path_per_floor":["M","?","$","?","M","R","M","E","T","M","R","$","M","?","R","B"],"character_chosen":"IRONCLAD","items_purchased":["Bronze Scales"],"campfire_rested":1,"item_purchase_floors":[12],"current_hp_per_floor":[65,65,65,65,72,72,69,54,54,44,44,44,39,34,56,0],"gold":43,"neow_bonus":"RANDOM_COMMON_RELIC","is_prod":false,"is_daily":false,"chose_seed":false,"campfire_upgraded":2,"win_rate":0,"timestamp":1547422606,"path_taken":["M","?","$","?","?","R","M","E","T","M","R","?","?","?","R","BOSS"],"build_version":"2019-01-10","purchased_purges":0,"victory":false,"max_hp_per_floor":[75,75,75,75,75,75,75,75,75,75,75,75,75,75,75,75],"card_choices":[{"not_picked":["Heavy Blade","Anger"],"picked":"True Grit","floor":1},{"not_picked":["Blood for Blood","Sever Soul"],"picked":"Spot Weakness","floor":5},{"not_picked":["Intimidate","Spot Weakness"],"picked":"Iron Wave","floor":7},{"not_picked":["Cleave","Anger"],"picked":"Impervious","floor":8},{"not_picked":["Iron Wave","Wild Strike"],"picked":"Flame Barrier","floor":10},{"not_picked":["Sever Soul","Pummel"],"picked":"Headbutt","floor":13}],"player_experience":1092086,"relics_obtained":[{"floor":8,"key":"Smiling Mask"},{"floor":9,"key":"Matryoshka"}],"event_choices":[{"cards_removed":["Strike_R"],"damage_healed":0,"gold_gain":0,"player_choice":"Card Removal","damage_taken":0,"max_hp_gain":0,"max_hp_loss":0,"event_name":"The Cleric","floor":2,"gold_loss":75},{"damage_healed":0,"gold_gain":0,"player_choice":"Trade","damage_taken":0,"relics_obtained":["CultistMask"],"max_hp_gain":0,"max_hp_loss":0,"event_name":"FaceTrader","floor":4,"gold_loss":0},{"damage_healed":0,"gold_gain":0,"player_choice":"Success","damage_taken":5,"relics_obtained":["Orichalcum"],"max_hp_gain":0,"max_hp_loss":0,"event_name":"Scrap Ooze","floor":14,"gold_loss":0}],"is_beta":false,"boss_relics":[],"items_purged_floors":[],"is_endless":false,"potions_floor_spawned":[5,7,10],"killed_by":"Slime Boss","ascension_level":17}