{"path_per_floor":["M","M","?","M","?","E","R","?","T","E","R","M","M","M","R"],"character_chosen":"THE_SILENT","items_purchased":[],"gold_per_floor":[118,130,130,149,149,174,174,174,222,254,254,273,289,309,309],"floor_reached":16,"campfire_rested":1,"playtime":1493,"current_hp_per_floor":[65,65,58,58,58,27,27,27,27,3,24,24,24,24,24],"items_purged":[],"gold":309,"play_id":"b68eb014-c3fc-4978-99a0-5f7655ac636f","is_prod":false,"is_daily":false,"is_ascension_mode":false,"campfire_upgraded":2,"path_taken":["M","M","?","?","?","E","R","?","T","E","R","M","M","M","R","BOSS"],"build_version":"2018-01-25-PROD3","purchased_purges":0,"victory":false,"master_deck":["Defend_G","Defend_G","Defend_G","Defend_G","Defend_G","Strike_G","Strike_G","Strike_G","Strike_G","Survivor","Neutralize+1","Sucker Punch+1","Blur","Venomology","Blade Dance+1","Acrobatics","Blade Dance","Prepared"],"max_hp_per_floor":[70,70,70,70,70,70,70,70,70,70,70,70,70,70,70],"relics":["Ring of the Snake","Prayer Wheel","Omamori","Happy Flower"],"card_choices":[{"not_picked":["Dagger Spray","Deadly Poison"],"picked":"Sucker Punch"},{"not_picked":["Sucker Punch","Leg Sweep"],"picked":"Blur"},{"not_picked":["Quick Slash","Deadly Poison"],"picked":"Venomology"},{"not_picked":["Concentrate","Dagger Spray"],"picked":"Blade Dance"},{"not_picked":["Corpse Explosion","Noxious Fumes"],"picked":"Acrobatics"},{"not_picked":["PiercingWail","Backflip"],"picked":"Blade Dance"},{"not_picked":["Backflip","Dodge and Roll"],"picked":"Prepared"}],"player_experience":301578,"potions_floor_usage":[6,6,10,13,14,16,16,16,16],"damage_taken":[{"damage":5,"enemies":"Cultist","floor":1,"turns":6},{"damage":0,"enemies":"Blue Slaver","floor":2,"turns":6},{"damage":0,"enemies":"2 Louse","floor":4,"turns":3},{"damage":31,"enemies":"Lagavulin","floor":6,"turns":8},{"damage":39,"enemies":"3 Sentries","floor":10,"turns":14},{"damage":0,"enemies":"Red Slaver","floor":12,"turns":7},{"damage":0,"enemies":"2 Fungi Beasts","floor":13,"turns":4},{"damage":0,"enemies":"Lots of Slimes","floor":14,"turns":3},{"damage":41,"enemies":"Slime Boss","floor":16,"turns":7}],"event_choices":[{"event_name":"Wheel of Change","player_choice":"Damage","floor":3,"damage_taken":0},{"event_name":"Liars Game","player_choice":"disagreed","floor":5,"damage_taken":0},{"event_name":"Living Wall","player_choice":"Grow","floor":8,"damage_taken":0}],"boss_relics":[],"potions_floor_spawned":[2,6,10,12,13,14],"seed_played":"2727925124163706019","killed_by":"Slime Boss","ascension_level":0,"is_trial":false}