{"gold_per_floor":[119,54,67,87,87,87,119,133,133,159,179,249,524,540,540,637,637,654,674,508,508,508],"floor_reached":22,"playtime":2342,"items_purged":["Regret"],"score":232,"play_id":"8f1db68a-28ec-48c4-8b16-bc8e0cd914f9","local_time":"20190612020023","is_ascension_mode":true,"campfire_choices":[{"data":"Tactician","floor":6,"key":"SMITH"},{"floor":15,"key":"REST"}],"neow_cost":"NONE","seed_source_timestamp":93820060572642,"circlet_count":0,"master_deck":["Defend_G","Defend_G","Defend_G","Defend_G","Defend_G","Strike_G","Strike_G","Strike_G","Strike_G","Strike_G","Survivor","Neutralize","Blade Dance","Tactician+1","Blade Dance","Slice","Unload","Well Laid Plans","Dodge and Roll","Backflip","After Image","PiercingWail+1","Distraction","Footwork","Acrobatics","Backflip"],"relics":["Ring of the Snake","Anchor","Question Card","Oddly Smooth Stone","Bottled Tornado","Singing Bowl","Black Star"],"potions_floor_usage":[8,10,10,16],"damage_taken":[{"damage":0,"enemies":"Small Slimes","floor":1,"turns":3},{"damage":0,"enemies":"Cultist","floor":3,"turns":5},{"damage":0,"enemies":"2 Louse","floor":4,"turns":3},{"damage":38,"enemies":"Gremlin Nob","floor":7,"turns":6},{"damage":0,"enemies":"Gremlin Gang","floor":8,"turns":2},{"damage":0,"enemies":"Lagavulin","floor":10,"turns":8},{"damage":7,"enemies":"Looter","floor":11,"turns":4},{"damage":0,"enemies":"2 Fungi Beasts","floor":14,"turns":3},{"damage":47,"enemies":"The Guardian","floor":16,"turns":14},{"damage":4,"enemies":"3 Byrds","floor":18,"turns":9},{"damage":16,"enemies":"Chosen","floor":19,"turns":8},{"damage":15,"enemies":"Colosseum Slavers","floor":22,"turns":7},{"damage":58,"enemies":"Colosseum Nobs","floor":22,"turns":5}],"seed_played":"-7565533808608499883","potions_obtained":[{"floor":1,"key":"LiquidBronze"},{"floor":3,"key":"Explosive Potion"},{"floor":7,"key":"SkillPotion"},{"floor":8,"key":"Block Potion"},{"floor":19,"key":"Ancient Potion"}],"is_trial":false,"path_per_floor":["M","?","M","M","$","R","E","M","T","E","M","T","?","M","R","B",null,"M","M","$","?","?"],"character_chosen":"THE_SILENT","items_purchased":["Footwork","Acrobatics"],"campfire_rested":1,"item_purchase_floors":[20,20],"current_hp_per_floor":[70,70,70,70,70,70,32,32,32,32,25,25,25,27,48,1,72,68,52,52,52,0],"gold":508,"neow_bonus":"THREE_CARDS","is_prod":false,"is_daily":false,"chose_seed":false,"campfire_upgraded":1,"win_rate":0,"timestamp":1560330023,"path_taken":["M","?","M","?","$","R","E","M","T","E","M","?","?","?","R","BOSS","M","M","$","?","?"],"build_version":"2019-01-23","purchased_purges":1,"victory":false,"max_hp_per_floor":[70,70,70,70,70,70,70,70,70,70,70,70,70,72,72,72,72,72,72,72,72,72],"card_choices":[{"not_picked":["Sucker Punch","Bane"],"picked":"Blade Dance","floor":0},{"not_picked":["Noxious Fumes","Backstab"],"picked":"Tactician","floor":1},{"not_picked":["Caltrops","Flying Knee"],"picked":"Blade Dance","floor":3},{"not_picked":["Bane","Dodge and Roll"],"picked":"Slice","floor":4},{"not_picked":["Poisoned Stab","Deadly Poison"],"picked":"Unload","floor":7},{"not_picked":["Catalyst","Bane","Quick Slash"],"picked":"Well Laid Plans","floor":8},{"not_picked":["Riddle With Holes","Storm of Steel","Blade Dance"],"picked":"Dodge and Roll","floor":10},{"not_picked":["Leg Sweep","Noxious Fumes","Expertise"],"picked":"Backflip","floor":11},{"not_picked":["Dagger Throw","Dodge and Roll","Cloak And Dagger","Glass Knife"],"picked":"Singing Bowl","floor":14},{"not_picked":["Night Terror","A Thousand Cuts","Envenom"],"picked":"After Image","floor":16},{"not_picked":["Dagger Throw+1","Dodge and Roll+1","Flying Knee"],"picked":"PiercingWail+1","floor":18},{"not_picked":["Dagger Throw","Underhanded Strike","PiercingWail+1"],"picked":"Distraction","floor":19}],"player_experience":172822,"relics_obtained":[{"floor":7,"key":"Question Card"},{"floor":9,"key":"Oddly Smooth Stone"},{"floor":10,"key":"Bottled Tornado"},{"floor":12,"key":"Singing Bowl"}],"event_choices":[{"damage_healed":0,"gold_gain":0,"player_choice":"Paid Gold","damage_taken":0,"relics_obtained":["Anchor"],"max_hp_gain":0,"max_hp_loss":0,"event_name":"WeMeetAgain","floor":2,"gold_loss":65},{"damage_healed":0,"gold_gain":275,"player_choice":"Desecrate","damage_taken":0,"max_hp_gain":0,"max_hp_loss":0,"event_name":"Golden Shrine","floor":13,"gold_loss":0,"cards_obtained":["Regret"]},{"damage_healed":0,"gold_gain":0,"player_choice":"Read","damage_taken":0,"max_hp_gain":0,"max_hp_loss":0,"event_name":"The Library","floor":21,"gold_loss":0,"cards_obtained":["Backflip"]},{"damage_healed":0,"gold_gain":0,"player_choice":"Fight","damage_taken":0,"max_hp_gain":0,"max_hp_loss":0,"event_name":"Colosseum","floor":22,"gold_loss":0},{"damage_healed":0,"gold_gain":0,"player_choice":"Fought Nobs","damage_taken":0,"max_hp_gain":0,"max_hp_loss":0,"event_name":"Colosseum","floor":22,"gold_loss":0}],"is_beta":false,"boss_relics":[{"not_picked":["Snecko Eye","Pandora\u0027s Box"],"picked":"Black Star"}],"items_purged_floors":[20],"is_endless":false,"potions_floor_spawned":[1,3,7,8,19,22],"killed_by":"Colosseum Nobs","ascension_level":1}