{"gold_per_floor":[116,128,141,316,166,193,193,207,207,217,252,252,268,278,278,374,374,389,401,418,30,130,130,147,147,173,188,205,205,205,225,225,225],"floor_reached":33,"playtime":2961,"items_purged":["Doubt"],"score":302,"play_id":"aa4733dc-b2cb-4c16-b846-712a1ece202a","local_time":"20190612192121","is_ascension_mode":true,"campfire_choices":[{"data":"Prepared","floor":7,"key":"SMITH"},{"floor":12,"key":"REST"},{"data":"Footwork","floor":15,"key":"SMITH"},{"floor":25,"key":"REST"},{"floor":32,"key":"REST"}],"neow_cost":"NONE","seed_source_timestamp":19962479783003,"circlet_count":0,"master_deck":["Defend_G+1","Defend_G+1","Defend_G+1","Defend_G+1","Defend_G+1","Strike_G+1","Strike_G+1","Strike_G+1","Strike_G+1","Strike_G+1","Survivor","Neutralize","Adrenaline","Prepared+1","Poisoned Stab","Accuracy","Distraction","Catalyst","Acrobatics","Backstab","Deflect","After Image","Footwork+1","Tools of the Trade","Dodge and Roll+1","Predator","Apotheosis","Flash of Steel","Quick Slash","Acrobatics+1","Dodge and Roll","Acrobatics+1","Shame","Accuracy"],"relics":["Ring of the Snake","Letter Opener","Shuriken","Blood Vial","Busted Crown","Tiny Chest","Dead Branch","Bottled Flame","Ancient Tea Set","Darkstone Periapt","Potion Belt"],"potions_floor_usage":[8,14,16,16,20,20,31],"damage_taken":[{"damage":0,"enemies":"Small Slimes","floor":1,"turns":6},{"damage":0,"enemies":"2 Louse","floor":2,"turns":3},{"damage":1,"enemies":"Jaw Worm","floor":3,"turns":3},{"damage":40,"enemies":"Lagavulin","floor":6,"turns":9},{"damage":4,"enemies":"2 Fungi Beasts","floor":8,"turns":2},{"damage":5,"enemies":"Exordium Wildlife","floor":10,"turns":4},{"damage":0,"enemies":"Gremlin Nob","floor":11,"turns":3},{"damage":0,"enemies":"Blue Slaver","floor":13,"turns":2},{"damage":0,"enemies":"3 Louse","floor":14,"turns":1},{"damage":11,"enemies":"The Guardian","floor":16,"turns":12},{"damage":6,"enemies":"Shell Parasite","floor":18,"turns":4},{"damage":20,"enemies":"2 Thieves","floor":19,"turns":4},{"damage":4,"enemies":"Centurion and Healer","floor":20,"turns":4},{"damage":16,"enemies":"Colosseum Slavers","floor":22,"turns":6},{"damage":0,"enemies":"Colosseum Nobs","floor":22,"turns":5},{"damage":20,"enemies":"Snake Plant","floor":24,"turns":5},{"damage":6,"enemies":"Shelled Parasite and Fungi","floor":27,"turns":5},{"damage":21,"enemies":"Cultist and Chosen","floor":28,"turns":7},{"damage":1,"enemies":"Centurion and Healer","floor":31,"turns":5},{"damage":44,"enemies":"Automaton","floor":33,"turns":8}],"seed_played":"6508562414633846634","potions_obtained":[{"floor":6,"key":"Fire Potion"},{"floor":8,"key":"SteroidPotion"},{"floor":11,"key":"AttackPotion"},{"floor":13,"key":"Poison Potion"},{"floor":14,"key":"EssenceOfSteel"},{"floor":19,"key":"SneckoOil"},{"floor":28,"key":"Energy Potion"}],"is_trial":false,"path_per_floor":["M","M","M","?","$","E","R","M","T","M","E","R","M","M","R","B",null,"M","M","M","$","?","?","M","R","T","M","M","T","?","M","R","B"],"character_chosen":"THE_SILENT","items_purchased":["Distraction","Apotheosis","Flash of Steel","Tiny Chest"],"campfire_rested":3,"item_purchase_floors":[5,21,21,21],"current_hp_per_floor":[70,70,69,69,69,29,29,25,25,20,20,41,43,45,45,36,70,64,46,44,44,32,32,14,35,35,31,12,12,18,19,41,0],"gold":225,"neow_bonus":"ONE_RANDOM_RARE_CARD","is_prod":false,"is_daily":false,"chose_seed":false,"campfire_upgraded":2,"win_rate":0,"timestamp":1560392481,"path_taken":["M","M","M","?","$","E","R","M","T","M","E","R","M","M","R","BOSS","M","M","M","$","?","?","M","R","T","M","M","?","?","M","R","BOSS"],"build_version":"2019-01-23","purchased_purges":1,"victory":false,"max_hp_per_floor":[70,70,70,70,70,70,70,70,70,70,70,70,70,70,70,70,70,70,70,70,70,70,70,70,70,70,70,70,70,76,76,76,76],"card_choices":[{"not_picked":["Flying Knee","Outmaneuver"],"picked":"Prepared","floor":1},{"not_picked":["Prepared","Dodge and Roll"],"picked":"Poisoned Stab","floor":2},{"not_picked":["Outmaneuver","Backstab"],"picked":"Accuracy","floor":3},{"not_picked":["Reflex","Outmaneuver"],"picked":"Catalyst","floor":6},{"not_picked":["Slice","Bane"],"picked":"Acrobatics","floor":8},{"not_picked":["Glass Knife","Bane"],"picked":"Backstab","floor":10},{"not_picked":["Terror","Acrobatics"],"picked":"Deflect","floor":11},{"not_picked":["Dagger Spray","Prepared"],"picked":"After Image","floor":13},{"not_picked":["Dagger Throw","Blade Dance"],"picked":"Footwork","floor":14},{"not_picked":["Bullet Time","Grand Finale"],"picked":"Tools of the Trade","floor":16},{"not_picked":[],"picked":"Dodge and Roll+1","floor":18},{"not_picked":[],"picked":"Predator","floor":19},{"not_picked":["Prepared"],"picked":"SKIP","floor":20},{"not_picked":[],"picked":"Quick Slash","floor":22},{"not_picked":[],"picked":"Acrobatics+1","floor":24},{"not_picked":[],"picked":"Dodge and Roll","floor":27},{"not_picked":[],"picked":"Acrobatics+1","floor":28},{"not_picked":[],"picked":"Accuracy","floor":31}],"player_experience":202477,"relics_obtained":[{"floor":6,"key":"Letter Opener"},{"floor":9,"key":"Shuriken"},{"floor":11,"key":"Blood Vial"},{"floor":22,"key":"Dead Branch"},{"floor":22,"key":"Bottled Flame"},{"floor":26,"key":"Ancient Tea Set"},{"floor":29,"key":"Darkstone Periapt"}],"event_choices":[{"damage_healed":0,"gold_gain":175,"player_choice":"AGREE","damage_taken":0,"max_hp_gain":0,"max_hp_loss":0,"event_name":"Liars Game","floor":4,"gold_loss":0,"cards_obtained":["Doubt"]},{"damage_healed":0,"gold_gain":0,"player_choice":"Fight","damage_taken":0,"max_hp_gain":0,"max_hp_loss":0,"event_name":"Colosseum","floor":22,"gold_loss":0},{"damage_healed":0,"gold_gain":0,"player_choice":"Fought Nobs","damage_taken":0,"max_hp_gain":0,"max_hp_loss":0,"event_name":"Colosseum","floor":22,"gold_loss":0},{"damage_healed":0,"gold_gain":0,"player_choice":"Simplicity","damage_taken":0,"max_hp_gain":0,"max_hp_loss":0,"event_name":"Back to Basics","floor":23,"gold_loss":0,"cards_upgraded":["Defend_G","Defend_G","Defend_G","Defend_G","Defend_G","Strike_G","Strike_G","Strike_G","Strike_G","Strike_G"]},{"damage_healed":0,"gold_gain":0,"player_choice":"Stole Relic","damage_taken":0,"relics_obtained":["Potion Belt"],"max_hp_gain":0,"max_hp_loss":0,"event_name":"Addict","floor":30,"gold_loss":0,"cards_obtained":["Shame"]}],"is_beta":false,"boss_relics":[{"not_picked":["Orrery","Empty Cage"],"picked":"Busted Crown"}],"items_purged_floors":[5],"is_endless":false,"potions_floor_spawned":[6,8,11,13,14,19,22,28],"killed_by":"Automaton","ascension_level":1}