{"gold_per_floor":[119,119,44,44,119,144,160,160,160,171,196,196,211,225,225,225],"floor_reached":16,"playtime":602,"items_purged":["Normality"],"score":149,"play_id":"4ce598a3-8e63-485f-b44f-6df44433ece3","local_time":"20190705102928","is_ascension_mode":true,"campfire_choices":[{"data":"Entrench","floor":8,"key":"SMITH"},{"floor":12,"key":"REST"},{"data":"Shockwave","floor":15,"key":"SMITH"}],"neow_cost":"CURSE","seed_source_timestamp":260306518055568,"circlet_count":0,"master_deck":["Strike_R","Strike_R","Strike_R","Strike_R","Strike_R","Defend_R","Defend_R","Defend_R","Defend_R","Bash","Jack Of All Trades","Bandage Up","Battle Trance","Entrench+1","Shockwave+1"],"relics":["Burning Blood","Oddly Smooth Stone","Orichalcum","Potion Belt"],"potions_floor_usage":[6,11],"damage_taken":[{"damage":8,"enemies":"2 Louse","floor":1,"turns":2},{"damage":52,"enemies":"3 Sentries","floor":6,"turns":14},{"damage":11,"enemies":"Jaw Worm","floor":7,"turns":7},{"damage":0,"enemies":"Cultist","floor":10,"turns":4},{"damage":41,"enemies":"Gremlin Nob","floor":11,"turns":6},{"damage":2,"enemies":"Looter","floor":13,"turns":4},{"damage":9,"enemies":"2 Fungi Beasts","floor":14,"turns":5},{"damage":52,"enemies":"Hexaghost","floor":16,"turns":11}],"seed_played":"-6190132223395759424","potions_obtained":[{"floor":1,"key":"EssenceOfSteel"},{"floor":6,"key":"Regen Potion"},{"floor":13,"key":"SpeedPotion"}],"is_trial":false,"path_per_floor":["M","?","$","?","?","E","M","R","T","M","E","R","M","M","R","B"],"character_chosen":"IRONCLAD","items_purchased":[],"campfire_rested":1,"item_purchase_floors":[],"current_hp_per_floor":[70,75,75,75,64,22,21,21,21,31,11,36,44,45,45,0],"gold":225,"neow_bonus":"RANDOM_COLORLESS_2","is_prod":false,"is_daily":false,"chose_seed":false,"campfire_upgraded":2,"win_rate":0,"timestamp":1562315368,"path_taken":["M","?","$","?","?","E","?","R","T","M","E","R","?","M","R","BOSS"],"build_version":"2019-07-01","purchased_purges":1,"victory":false,"max_hp_per_floor":[80,85,85,85,85,85,85,85,85,85,85,85,85,85,85,85],"card_choices":[{"not_picked":["Dropkick","Combust"],"picked":"Battle Trance","floor":1},{"not_picked":["Spot Weakness","Warcry"],"picked":"Entrench","floor":6},{"not_picked":["Headbutt","Heavy Blade","True Grit"],"picked":"SKIP","floor":7},{"not_picked":["Thunderclap","Iron Wave"],"picked":"Shockwave","floor":10},{"not_picked":["Combust","Whirlwind","Cleave"],"picked":"SKIP","floor":11},{"not_picked":["Headbutt","Perfected Strike","Carnage"],"picked":"SKIP","floor":13},{"not_picked":["Thunderclap","Spot Weakness","Headbutt"],"picked":"SKIP","floor":14}],"player_experience":162472,"relics_obtained":[{"floor":6,"key":"Oddly Smooth Stone"},{"floor":9,"key":"Orichalcum"},{"floor":11,"key":"Potion Belt"}],"event_choices":[{"damage_healed":0,"gold_gain":0,"player_choice":"Donut","damage_taken":0,"max_hp_gain":5,"max_hp_loss":0,"event_name":"Big Fish","floor":2,"gold_loss":0},{"damage_healed":0,"gold_gain":0,"player_choice":"Leave","damage_taken":0,"max_hp_gain":0,"max_hp_loss":0,"event_name":"The Cleric","floor":4,"gold_loss":0},{"damage_healed":0,"gold_gain":75,"player_choice":"Gather Gold","damage_taken":11,"max_hp_gain":0,"max_hp_loss":0,"event_name":"World of Goop","floor":5,"gold_loss":0}],"is_beta":false,"boss_relics":[],"items_purged_floors":[3],"is_endless":false,"potions_floor_spawned":[1,6,13],"killed_by":"Hexaghost","ascension_level":7}