{"gold_per_floor":[117,133,144,155,168,168,178,178,178,178,178,213,229,263,263,358,358,371,22,40,51,65,96,96,122,122,122,87,98,98,98,98,202,202,213,233,5,5,5,5,5],"floor_reached":41,"playtime":2151,"items_purged":[],"score":563,"play_id":"1313d0f3-0f6f-499e-a72a-79c7ac4ae77c","local_time":"20190706010638","is_ascension_mode":true,"campfire_choices":[{"data":"Die Die Die","floor":6,"key":"SMITH"},{"data":"Blade Dance","floor":8,"key":"SMITH"},{"data":"Accuracy","floor":11,"key":"SMITH"},{"floor":15,"key":"REST"},{"floor":24,"key":"REST"},{"data":"Noxious Fumes","floor":27,"key":"SMITH"},{"data":"Cloak And Dagger","floor":30,"key":"SMITH"},{"data":"Accuracy","floor":32,"key":"SMITH"},{"data":"Adrenaline","floor":40,"key":"SMITH"}],"neow_cost":"NONE","seed_source_timestamp":114001089480117,"circlet_count":0,"master_deck":["Strike_G","Strike_G","Strike_G","Strike_G","Strike_G","Defend_G","Defend_G","Defend_G","Defend_G","Defend_G","Survivor","Neutralize","Accuracy+1","Die Die Die+1","Blade Dance+1","Skewer","Outmaneuver","Noxious Fumes+1","Dagger Spray","Good Instincts","Infinite Blades","Reflex","Cloak And Dagger+1","After Image","Accuracy+1","Acrobatics+1","Underhanded Strike+1","Infinite Blades","Backstab+1","A Thousand Cuts","Outmaneuver+1","Adrenaline+1","Noxious Fumes","Madness","Dark Shackles"],"relics":["Ring of the Snake","Oddly Smooth Stone","Pantograph","Gremlin Horn","Omamori","Busted Crown","Thread and Needle","Peace Pipe","Bronze Scales","Meat on the Bone","Black Star"],"potions_floor_usage":[12,16,21,23,29,33],"damage_taken":[{"damage":0,"enemies":"2 Louse","floor":1,"turns":3},{"damage":0,"enemies":"Cultist","floor":2,"turns":4},{"damage":0,"enemies":"Small Slimes","floor":3,"turns":2},{"damage":1,"enemies":"2 Fungi Beasts","floor":4,"turns":4},{"damage":11,"enemies":"Large Slime","floor":5,"turns":10},{"damage":0,"enemies":"3 Louse","floor":7,"turns":1},{"damage":22,"enemies":"Gremlin Nob","floor":12,"turns":4},{"damage":0,"enemies":"Looter","floor":13,"turns":2},{"damage":12,"enemies":"3 Sentries","floor":14,"turns":3},{"damage":22,"enemies":"The Guardian","floor":16,"turns":13},{"damage":10,"enemies":"Shell Parasite","floor":18,"turns":5},{"damage":14,"enemies":"2 Thieves","floor":20,"turns":5},{"damage":2,"enemies":"Snecko","floor":21,"turns":4},{"damage":8,"enemies":"Sentry and Sphere","floor":22,"turns":5},{"damage":17,"enemies":"Book of Stabbing","floor":23,"turns":6},{"damage":0,"enemies":"Gremlin Leader","floor":25,"turns":6},{"damage":7,"enemies":"Snake Plant","floor":29,"turns":4},{"damage":40,"enemies":"Champ","floor":33,"turns":11},{"damage":0,"enemies":"Orb Walker","floor":35,"turns":2},{"damage":11,"enemies":"3 Shapes","floor":36,"turns":3},{"damage":81,"enemies":"Nemesis","floor":41,"turns":6}],"seed_played":"-8007712975319298914","potions_obtained":[{"floor":1,"key":"Block Potion"},{"floor":4,"key":"GamblersBrew"},{"floor":13,"key":"FearPotion"},{"floor":22,"key":"FearPotion"},{"floor":23,"key":"Explosive Potion"},{"floor":29,"key":"SneckoOil"}],"is_trial":false,"path_per_floor":["M","M","M","M","M","R","M","R","T","?","R","E","M","E","R","B",null,"M","$","M","M","M","E","R","E","T","R","$","M","R","?","R","B",null,"M","M","$","?","$","R","E"],"character_chosen":"THE_SILENT","items_purchased":["Thread and Needle","Accuracy","Infinite Blades","Adrenaline","Noxious Fumes"],"campfire_rested":2,"item_purchase_floors":[19,19,28,37,37],"current_hp_per_floor":[70,70,70,69,58,58,58,58,58,58,58,36,36,24,45,48,70,60,60,46,44,36,19,40,40,40,40,40,45,45,68,68,42,70,70,59,59,54,54,54,0],"gold":5,"neow_bonus":"RANDOM_COMMON_RELIC","is_prod":false,"is_daily":false,"chose_seed":false,"campfire_upgraded":7,"win_rate":0,"timestamp":1562400398,"path_taken":["M","M","M","M","M","R","M","R","T","?","R","E","M","E","R","BOSS","M","$","?","M","M","E","R","E","T","R","$","M","R","?","R","BOSS","M","M","$","?","$","R","E"],"build_version":"2019-07-05","purchased_purges":0,"victory":false,"max_hp_per_floor":[70,70,70,70,70,70,70,70,70,70,70,70,70,70,70,70,70,70,70,70,70,70,70,70,70,70,70,70,70,70,70,70,70,70,70,70,70,70,70,70,70],"card_choices":[{"not_picked":["Poisoned Stab","Dagger Spray"],"picked":"Accuracy","floor":1},{"not_picked":["Sucker Punch","Dagger Spray"],"picked":"Die Die Die","floor":2},{"not_picked":["Outmaneuver","Underhanded Strike","Predator"],"picked":"SKIP","floor":3},{"not_picked":["PiercingWail","Quick Slash"],"picked":"Blade Dance","floor":4},{"not_picked":["Storm of Steel","Flying Knee"],"picked":"Skewer","floor":5},{"not_picked":["Backflip","Deflect"],"picked":"Outmaneuver","floor":7},{"not_picked":["Sucker Punch","Dash"],"picked":"Infinite Blades","floor":12},{"not_picked":["Storm of Steel","Bane"],"picked":"Reflex","floor":13},{"not_picked":["Outmaneuver","Blade Dance"],"picked":"Cloak And Dagger","floor":14},{"not_picked":["Malaise","Venomology"],"picked":"After Image","floor":16},{"not_picked":["Endless Agony"],"picked":"SKIP","floor":18},{"not_picked":["Eviscerate"],"picked":"SKIP","floor":20},{"not_picked":["Outmaneuver"],"picked":"SKIP","floor":21},{"not_picked":[],"picked":"Acrobatics+1","floor":22},{"not_picked":["Cloak And Dagger"],"picked":"SKIP","floor":23},{"not_picked":[],"picked":"Underhanded Strike+1","floor":25},{"not_picked":[],"picked":"Backstab+1","floor":29},{"not_picked":[],"picked":"A Thousand Cuts","floor":33},{"not_picked":["Escape Plan"],"picked":"SKIP","floor":35},{"not_picked":[],"picked":"Outmaneuver+1","floor":36},{"not_picked":[],"picked":"Madness","floor":38},{"not_picked":[],"picked":"Dark Shackles","floor":38}],"player_experience":564569,"relics_obtained":[{"floor":9,"key":"Pantograph"},{"floor":12,"key":"Gremlin Horn"},{"floor":14,"key":"Omamori"},{"floor":23,"key":"Peace Pipe"},{"floor":25,"key":"Bronze Scales"},{"floor":26,"key":"Meat on the Bone"}],"event_choices":[{"damage_healed":0,"gold_gain":0,"player_choice":"3 cards matched","damage_taken":0,"max_hp_gain":0,"max_hp_loss":0,"event_name":"Match and Keep!","floor":10,"gold_loss":0,"cards_obtained":["Noxious Fumes","Dagger Spray","Good Instincts"]},{"damage_healed":23,"gold_gain":0,"player_choice":"Heal","damage_taken":0,"max_hp_gain":0,"max_hp_loss":0,"event_name":"The Library","floor":31,"gold_loss":0},{"damage_healed":0,"gold_gain":0,"player_choice":"Memory 2","damage_taken":5,"max_hp_gain":0,"max_hp_loss":0,"event_name":"SensoryStone","floor":38,"gold_loss":0}],"is_beta":false,"boss_relics":[{"not_picked":["WristBlade","Velvet Choker"],"picked":"Busted Crown"},{"not_picked":["Snecko Eye","Runic Dome"],"picked":"Black Star"}],"items_purged_floors":[],"is_endless":false,"potions_floor_spawned":[1,4,13,22,23,29],"killed_by":"Nemesis","ascension_level":3}