{"gold_per_floor":[114,64,64,64,13,48,63,92,92,92,105,28,90,14,14,116,116,127,138,138,19,19,52,52,79,79,113,113,212,212,222,222,321,321,339,61,0,13,13,13,43,43,43,43,56,70,83,98,98,98],"floor_reached":50,"playtime":2552,"items_purged":[],"score":668,"play_id":"d30565fb-b19d-4cbe-a343-8d500ad4a25b","local_time":"20190327224410","is_ascension_mode":true,"campfire_choices":[{"floor":10,"key":"REST"},{"floor":15,"key":"REST"},{"floor":24,"key":"REST"},{"floor":28,"key":"REST"},{"data":"A Thousand Cuts","floor":30,"key":"SMITH"},{"floor":32,"key":"REST"},{"data":"Noxious Fumes","floor":40,"key":"SMITH"},{"data":"Catalyst","floor":42,"key":"SMITH"},{"data":"Bouncing Flask","floor":44,"key":"SMITH"},{"floor":49,"key":"REST"}],"neow_cost":"TEN_PERCENT_HP_LOSS","seed_source_timestamp":597024240159320,"circlet_count":0,"master_deck":["Defend_G","Defend_G","Defend_G","Defend_G","Defend_G","Strike_G","Strike_G","Strike_G","Strike_G","Survivor","Neutralize","Venomology+1","Bane","Poisoned Stab","Backstab","Infinite Blades","Quick Slash","Accuracy","Well Laid Plans","Bouncing Flask+1","Noxious Fumes+1","A Thousand Cuts+1","Noxious Fumes+1","Cloak And Dagger","Catalyst+1","Storm of Steel","Infinite Blades+1","Terror","Choke","Bullet Time","Blade Dance+1","Finisher","Dramatic Entrance","Blur+1","Choke+1","Backstab+1","Burst"],"relics":["Ring of the Snake","Mummified Hand","Gremlin Horn","Blue Candle","Question Card","Centennial Puzzle","WristBlade","Vajra","Pen Nib","Pear","Paper Crane","Eternal Feather","Anchor","Red Mask","Darkstone Periapt","Molten Egg 2"],"potions_floor_usage":[8,11,13,13,16,16,18,20,23,27,31,31,33,33,41,45,45,47,50,50,50,50],"damage_taken":[{"damage":0,"enemies":"Small Slimes","floor":1,"turns":3},{"damage":31,"enemies":"Lagavulin","floor":6,"turns":9},{"damage":0,"enemies":"2 Louse","floor":7,"turns":1},{"damage":12,"enemies":"3 Sentries","floor":8,"turns":10},{"damage":7,"enemies":"Jaw Worm","floor":11,"turns":2},{"damage":20,"enemies":"Lagavulin Event","floor":13,"turns":5},{"damage":5,"enemies":"Hexaghost","floor":16,"turns":6},{"damage":5,"enemies":"Shell Parasite","floor":18,"turns":4},{"damage":16,"enemies":"Spheric Guardian","floor":19,"turns":4},{"damage":11,"enemies":"Colosseum Slavers","floor":20,"turns":4},{"damage":36,"enemies":"Slavers","floor":23,"turns":5},{"damage":12,"enemies":"Gremlin Leader","floor":25,"turns":3},{"damage":27,"enemies":"Book of Stabbing","floor":27,"turns":4},{"damage":18,"enemies":"Snake Plant","floor":31,"turns":3},{"damage":20,"enemies":"Champ","floor":33,"turns":8},{"damage":6,"enemies":"Orb Walker","floor":35,"turns":2},{"damage":18,"enemies":"3 Darklings","floor":38,"turns":5},{"damage":0,"enemies":"Reptomancer","floor":41,"turns":4},{"damage":23,"enemies":"Transient","floor":45,"turns":5},{"damage":0,"enemies":"Sphere and 2 Shapes","floor":46,"turns":1},{"damage":21,"enemies":"Writhing Mass","floor":47,"turns":4},{"damage":13,"enemies":"Maw","floor":48,"turns":6},{"damage":62,"enemies":"Time Eater","floor":50,"turns":9}],"seed_played":"-9083013501714511670","potions_obtained":[{"floor":13,"key":"LiquidBronze"},{"floor":16,"key":"Weak Potion"},{"floor":23,"key":"Dexterity Potion"},{"floor":31,"key":"GamblersBrew"},{"floor":33,"key":"Block Potion"},{"floor":45,"key":"Explosive Potion"},{"floor":46,"key":"Energy Potion"},{"floor":48,"key":"Weak Potion"}],"is_trial":false,"path_per_floor":["M","?","?","?","$","E","M","E","T","R","M","$","?","$","R","B",null,"M","M","?","$","?","E","R","E","T","E","R","?","R","M","R","B",null,"M","$","?","M","?","R","E","R","T","R","M","M","M","M","R","B"],"character_chosen":"THE_SILENT","items_purchased":["Poisoned Stab","Well Laid Plans","Noxious Fumes","Cloak And Dagger","Catalyst","Finisher","Dramatic Entrance","Anchor"],"campfire_rested":6,"item_purchase_floors":[5,12,14,21,21,36,36,36],"current_hp_per_floor":[63,63,56,56,56,25,25,13,13,31,24,24,4,4,22,17,63,58,42,31,31,52,31,49,37,47,20,41,41,41,23,44,24,73,67,67,67,49,49,67,67,73,73,73,50,50,29,16,58,0],"gold":98,"neow_bonus":"THREE_RARE_CARDS","is_prod":false,"is_daily":false,"chose_seed":false,"campfire_upgraded":4,"win_rate":0,"timestamp":1553741050,"path_taken":["M","?","?","?","$","E","M","E","T","R","M","$","?","?","R","BOSS","M","M","?","$","?","E","R","E","T","E","R","?","R","?","R","BOSS","M","$","?","M","?","R","E","R","T","R","M","M","?","M","R","BOSS"],"build_version":"2019-01-23","purchased_purges":0,"victory":false,"max_hp_per_floor":[63,63,63,63,63,63,63,63,63,63,63,63,63,63,63,63,63,63,63,63,63,63,63,63,63,73,73,73,73,73,73,73,73,73,73,73,73,73,73,73,73,73,73,73,73,73,73,73,73,73],"card_choices":[{"not_picked":["Malaise","Envenom"],"picked":"Venomology","floor":0},{"not_picked":["PiercingWail","Flechettes"],"picked":"Bane","floor":1},{"not_picked":["Prepared","Concentrate"],"picked":"Backstab","floor":6},{"not_picked":["Underhanded Strike","Dagger Spray"],"picked":"Infinite Blades","floor":7},{"not_picked":["Skewer","Expertise"],"picked":"Quick Slash","floor":8},{"not_picked":["A Thousand Cuts","Setup","Cloak And Dagger"],"picked":"Accuracy","floor":11},{"not_picked":["Dagger Spray","Bane","Poisoned Stab"],"picked":"Bouncing Flask","floor":13},{"not_picked":["Adrenaline","Doppelganger","Storm of Steel"],"picked":"A Thousand Cuts","floor":16},{"not_picked":["Riddle With Holes","Prepared","Bane","Setup"],"picked":"SKIP","floor":18},{"not_picked":["Blur+1","Eviscerate+1","Dodge and Roll+1"],"picked":"Noxious Fumes+1","floor":19},{"not_picked":["Dodge and Roll","Setup","Concentrate"],"picked":"Storm of Steel","floor":23},{"not_picked":["Outmaneuver","Bouncing Flask","Deadly Poison"],"picked":"Infinite Blades+1","floor":25},{"not_picked":["Dodge and Roll","Dagger Throw+1","PiercingWail"],"picked":"Terror","floor":27},{"not_picked":["Poisoned Stab","Sucker Punch","Noxious Fumes"],"picked":"Choke","floor":31},{"not_picked":["Corpse Explosion","Venomology","Adrenaline"],"picked":"Bullet Time","floor":33},{"not_picked":["Sucker Punch+1","Flying Knee","Dodge and Roll"],"picked":"Blade Dance+1","floor":35},{"not_picked":["Predator","Dagger Throw","Quick Slash+1"],"picked":"Blur+1","floor":38},{"not_picked":["Outmaneuver","Underhanded Strike","Blade Dance+1"],"picked":"Choke+1","floor":41},{"not_picked":["Flying Knee+1","Acrobatics","Sucker Punch+1"],"picked":"Backstab+1","floor":45},{"not_picked":["Quick Slash+1","All Out Attack+1","Distraction","Slice+1"],"picked":"SKIP","floor":46},{"not_picked":["Dodge and Roll+1","Flying Knee+1","Calculated Gamble+1","Dagger Spray+1"],"picked":"SKIP","floor":47},{"not_picked":["Deadly Poison+1","Masterful Stab+1","Blade Dance"],"picked":"Burst","floor":48}],"player_experience":332440,"relics_obtained":[{"floor":6,"key":"Gremlin Horn"},{"floor":8,"key":"Blue Candle"},{"floor":9,"key":"Question Card"},{"floor":13,"key":"Centennial Puzzle"},{"floor":23,"key":"Vajra"},{"floor":25,"key":"Pen Nib"},{"floor":26,"key":"Pear"},{"floor":27,"key":"Paper Crane"},{"floor":41,"key":"Darkstone Periapt"},{"floor":43,"key":"Molten Egg 2"}],"event_choices":[{"cards_removed":["Strike_G"],"damage_healed":0,"gold_gain":0,"player_choice":"Card Removal","damage_taken":0,"max_hp_gain":0,"max_hp_loss":0,"event_name":"The Cleric","floor":2,"gold_loss":50},{"damage_healed":0,"gold_gain":0,"player_choice":"Success","damage_taken":7,"relics_obtained":["Mummified Hand"],"max_hp_gain":0,"max_hp_loss":0,"event_name":"Scrap Ooze","floor":3,"gold_loss":0},{"damage_healed":0,"gold_gain":0,"player_choice":"Grow","damage_taken":0,"max_hp_gain":0,"max_hp_loss":0,"event_name":"Living Wall","floor":4,"gold_loss":0,"cards_upgraded":["Venomology"]},{"damage_healed":0,"gold_gain":0,"player_choice":"Searched \u00271\u0027 times","damage_taken":0,"max_hp_gain":0,"max_hp_loss":0,"event_name":"Dead Adventurer","floor":13,"gold_loss":0},{"damage_healed":0,"gold_gain":0,"player_choice":"Fight","damage_taken":0,"max_hp_gain":0,"max_hp_loss":0,"event_name":"Colosseum","floor":20,"gold_loss":0},{"damage_healed":0,"gold_gain":0,"player_choice":"Fled From Nobs","damage_taken":0,"max_hp_gain":0,"max_hp_loss":0,"event_name":"Colosseum","floor":20,"gold_loss":0},{"damage_healed":21,"gold_gain":0,"player_choice":"Heal","damage_taken":0,"max_hp_gain":0,"max_hp_loss":0,"event_name":"The Library","floor":22,"gold_loss":0},{"damage_healed":0,"gold_gain":99,"player_choice":"Stole From Cult","damage_taken":0,"max_hp_gain":0,"max_hp_loss":0,"event_name":"Nest","floor":29,"gold_loss":0},{"damage_healed":0,"gold_gain":0,"player_choice":"Paid","damage_taken":0,"relics_obtained":["Red Mask"],"max_hp_gain":0,"max_hp_loss":0,"event_name":"Tomb of Lord Red Mask","floor":37,"gold_loss":61},{"damage_healed":0,"gold_gain":0,"player_choice":"Ignored","damage_taken":0,"max_hp_gain":0,"max_hp_loss":0,"event_name":"Mysterious Sphere","floor":39,"gold_loss":0}],"is_beta":false,"boss_relics":[{"not_picked":["Orrery","Coffee Dripper"],"picked":"WristBlade"},{"not_picked":["Calling Bell","White Beast Statue"],"picked":"Eternal Feather"}],"items_purged_floors":[],"is_endless":false,"potions_floor_spawned":[11,13,16,23,27,31,33,35,45,46,48],"killed_by":"Time Eater","ascension_level":3}