{"path_per_floor":["M","M","?","M","$","R","$","M","T","E","M","M","R","M","R","B",null,"M","M","M","M","M","R","$","R","T","?","R","?","E","$","R"],"character_chosen":"THE_SILENT","items_purchased":["Paper Crane","Finesse","Accuracy"],"gold_per_floor":[112,131,231,248,2,2,2,20,70,103,114,128,128,142,142,247,247,267,280,296,311,324,324,146,146,172,172,172,97,132,58,58],"floor_reached":33,"campfire_rested":1,"playtime":3405,"current_hp_per_floor":[70,64,64,62,62,62,62,51,51,43,43,43,43,43,43,30,70,70,70,56,56,46,46,46,46,46,30,30,30,20,20,41],"items_purged":["Strike_G"],"gold":58,"play_id":"ed3e89c5-eb9a-458b-aeca-c60c47dcccb0","is_prod":false,"is_daily":false,"campfire_rituals":0,"campfire_upgraded":6,"is_hardmode":false,"path_taken":["M","M","?","M","?","R","$","M","T","E","M","M","R","M","R","BOSS","M","M","M","M","M","R","$","R","T","?","R","?","E","$","R","BOSS"],"build_version":"2018-01-18-PROD4","purchased_purges":1,"victory":false,"master_deck":["Defend_G","Defend_G","Defend_G","Defend_G","Strike_G","Strike_G","Strike_G","Strike_G","Survivor","Neutralize","Backflip","Flying Knee","PiercingWail","Cloak And Dagger","Prepared","Well Laid Plans","Cloak And Dagger","Tactician","Blade Dance","Poisoned Stab","Accuracy","Predator","Finesse","Storm of Steel","Accuracy"],"max_hp_per_floor":[70,70,70,70,70,70,70,70,70,70,70,70,70,70,70,70,70,70,70,70,70,70,70,70,70,70,70,70,70,70,70,70],"relics":["Ring of the Snake","Paper Crane","Bag of Preparation","Orichalcum","Snecko Eye","Omamori","Enchiridion","Darkstone Periapt"],"campfire_meditates":0,"card_choices":[{"not_picked":["Heel Hook","Prepared"],"picked":"Backflip"},{"not_picked":["Deflect","Slice"],"picked":"Flying Knee"},{"not_picked":["Flying Knee","Masterful Stab"],"picked":"PiercingWail"},{"not_picked":["Malaise","Dodge and Roll"],"picked":"Cloak And Dagger"},{"not_picked":["Riddle With Holes","Outmaneuver"],"picked":"Prepared"},{"not_picked":["Malaise","Catalyst"],"picked":"Well Laid Plans"},{"not_picked":["Deadly Poison","Die Die Die"],"picked":"Cloak And Dagger"},{"not_picked":["Wraith Form","Doppelganger"],"picked":"Tactician"},{"not_picked":["Distraction","Blur"],"picked":"Blade Dance"},{"not_picked":["Deadly Poison","Acrobatics"],"picked":"Poisoned Stab"},{"not_picked":["Prepared","Poisoned Stab"],"picked":"Accuracy"},{"not_picked":["Poisoned Stab","Bane"],"picked":"Predator"},{"not_picked":["Poisoned Stab","Backstab"],"picked":"Storm of Steel"}],"player_experience":260643,"potions_floor_usage":[10,10,30],"damage_taken":[{"damage":0,"enemies":"2 Louse","floor":1,"turns":4},{"damage":6,"enemies":"Blue Slaver","floor":2,"turns":5},{"damage":2,"enemies":"Cultist","floor":4,"turns":4},{"damage":11,"enemies":"Red Slaver","floor":8,"turns":5},{"damage":8,"enemies":"3 Sentries","floor":10,"turns":10},{"damage":0,"enemies":"3 Louse","floor":11,"turns":3},{"damage":0,"enemies":"2 Fungi Beasts","floor":12,"turns":4},{"damage":0,"enemies":"Large Slime","floor":14,"turns":6},{"damage":13,"enemies":"The Guardian","floor":16,"turns":16},{"damage":0,"enemies":"3 Byrds","floor":18,"turns":10},{"damage":0,"enemies":"Chosen","floor":19,"turns":6},{"damage":14,"enemies":"Snecko","floor":20,"turns":7},{"damage":0,"enemies":"Centurion and Healer","floor":21,"turns":11},{"damage":10,"enemies":"Snake Plant","floor":22,"turns":8},{"damage":10,"enemies":"Slavers","floor":30,"turns":6},{"damage":77,"enemies":"Automaton","floor":33,"turns":6}],"event_choices":[{"event_name":"Golden Shrine","player_choice":"Pray","floor":3,"damage_taken":0},{"event_name":"Cursed Tome","player_choice":"Obtained Book","floor":27,"damage_taken":0},{"event_name":"Beggar","player_choice":"Gave Gold","floor":29,"damage_taken":0}],"boss_relics":[{"not_picked":["Pandora\u0027s Box","Runic Dome"],"picked":"Snecko Eye"}],"potions_floor_spawned":[2,8,10,12,14,18,21,22],"seed_played":"-6327047897355934505","killed_by":"Automaton","is_trial":false}