{"gold_per_floor":[214,164,164,164,181,181,210,228,254,254,268,238,254,7,7,102,102,113,32,46,63,80,80,114,44,69,69,69,69,69,87,87,184,184,199,50,63,63,75,75,101,101,101,26,57,7,19,19,19,19],"floor_reached":51,"playtime":2598,"items_purged":["Fusion+1"],"score":798,"play_id":"69b16877-9cc1-4678-8e28-f6b4f26fe89e","local_time":"20190701225953","is_ascension_mode":false,"campfire_choices":[{"data":"Go for the Eyes","floor":6,"key":"SMITH"},{"data":"Melter","floor":10,"key":"SMITH"},{"data":"Loop","floor":15,"key":"SMITH"},{"data":"Loop","floor":23,"key":"SMITH"},{"data":"Defragment","floor":27,"key":"SMITH"},{"data":"Echo Form","floor":29,"key":"SMITH"},{"floor":32,"key":"REST"},{"data":"Glacier","floor":40,"key":"SMITH"},{"floor":42,"key":"RECALL"},{"floor":49,"key":"REST"}],"neow_cost":"NONE","seed_source_timestamp":873661877377825,"circlet_count":0,"master_deck":["Defend_B","Defend_B+1","Defend_B+1","Defend_B","Zap","Dualcast","Go for the Eyes+1","Melter+1","Doom and Gloom+1","Loop+1","Cold Snap","Reboot","Loop+1","Reinforced Body+1","BootSequence","Doom and Gloom","Defragment+1","Echo Form+1","Double Energy","Biased Cognition","Genetic Algorithm+1","Barrage+1","Glacier+1","Loop+1","Self Repair"],"relics":["FrozenCore","Happy Flower","Whetstone","Cables","Regal Pillow","Anchor","Astrolabe","PreservedInsect","Bottled Tornado","Pen Nib"],"potions_floor_usage":[7,20,24,33,33,41,45,47,47],"damage_taken":[{"damage":1,"enemies":"Jaw Worm","floor":1,"turns":4},{"damage":7,"enemies":"Small Slimes","floor":5,"turns":3},{"damage":1,"enemies":"3 Sentries","floor":7,"turns":5},{"damage":0,"enemies":"Cultist","floor":8,"turns":3},{"damage":0,"enemies":"3 Louse","floor":11,"turns":1},{"damage":3,"enemies":"Large Slime","floor":13,"turns":4},{"damage":0,"enemies":"Slime Boss","floor":16,"turns":6},{"damage":0,"enemies":"Chosen","floor":18,"turns":5},{"damage":14,"enemies":"3 Byrds","floor":20,"turns":5},{"damage":0,"enemies":"Centurion and Healer","floor":21,"turns":6},{"damage":7,"enemies":"Chosen and Byrds","floor":22,"turns":8},{"damage":13,"enemies":"Slavers","floor":24,"turns":5},{"damage":8,"enemies":"Shelled Parasite and Fungi","floor":31,"turns":5},{"damage":12,"enemies":"Collector","floor":33,"turns":10},{"damage":0,"enemies":"Orb Walker","floor":35,"turns":4},{"damage":6,"enemies":"3 Shapes","floor":37,"turns":4},{"damage":9,"enemies":"Spire Growth","floor":39,"turns":8},{"damage":3,"enemies":"Reptomancer","floor":41,"turns":11},{"damage":36,"enemies":"Giant Head","floor":45,"turns":8},{"damage":0,"enemies":"3 Darklings","floor":47,"turns":7},{"damage":18,"enemies":"Time Eater","floor":50,"turns":11}],"seed_played":"-5138958695875479671","potions_obtained":[{"floor":5,"key":"AttackPotion"},{"floor":7,"key":"AttackPotion"},{"floor":12,"key":"FocusPotion"},{"floor":12,"key":"FocusPotion"},{"floor":13,"key":"PowerPotion"},{"floor":21,"key":"AttackPotion"},{"floor":24,"key":"Explosive Potion"},{"floor":31,"key":"Dexterity Potion"},{"floor":35,"key":"EssenceOfSteel"},{"floor":39,"key":"AttackPotion"},{"floor":45,"key":"Dexterity Potion"}],"is_trial":false,"path_per_floor":["M","?","?","?","M","R","E","M","T","R","M","?","M","$","R","B",null,"M","$","M","M","M","R","E","$","T","R","?","R","?","M","R","B",null,"M","$","M","?","M","R","E","R","T","$","E","$","M","?","R","B",null],"character_chosen":"DEFECT","items_purchased":["Cables","Loop","Defragment","Glacier","Loop","Block Potion"],"campfire_rested":2,"item_purchase_floors":[14,19,25,36,36,46],"current_hp_per_floor":[74,74,79,63,56,56,55,55,55,55,55,55,52,52,52,52,80,80,80,66,66,59,59,46,46,46,46,46,46,46,38,77,65,80,80,80,74,74,65,65,62,62,62,62,33,33,40,40,79,68],"gold":19,"neow_bonus":"HUNDRED_GOLD","is_prod":false,"is_daily":false,"chose_seed":false,"campfire_upgraded":7,"win_rate":0,"timestamp":1562047193,"path_taken":["M","?","?","?","M","R","E","M","T","R","M","?","?","$","R","BOSS","M","$","M","M","M","R","E","$","T","R","?","R","?","M","R","BOSS","M","$","M","?","M","R","E","R","T","$","E","$","?","?","R","BOSS"],"build_version":"2019-07-01","purchased_purges":1,"victory":true,"max_hp_per_floor":[75,75,80,80,80,80,80,80,80,80,80,80,80,80,80,80,80,80,80,80,80,80,80,80,80,80,80,80,80,80,80,80,80,80,80,80,80,80,80,80,80,80,80,80,80,80,80,80,80,80],"card_choices":[{"not_picked":["Turbo","Tempest"],"picked":"Go for the Eyes","floor":1},{"not_picked":["Beam Cell","Lockon","Heatsinks"],"picked":"SKIP","floor":5},{"not_picked":["Ball Lightning","Rip and Tear"],"picked":"Melter","floor":7},{"not_picked":["Barrage","Skim"],"picked":"Doom and Gloom","floor":8},{"not_picked":["Hologram","Hello World"],"picked":"Loop","floor":11},{"not_picked":["Go for the Eyes","Doom and Gloom"],"picked":"Cold Snap","floor":13},{"not_picked":["Amplify","All For One"],"picked":"Reboot","floor":16},{"not_picked":["Steam Power","Beam Cell","Stack"],"picked":"SKIP","floor":18},{"not_picked":["Lockon","Auto Shields+1"],"picked":"Reinforced Body+1","floor":20},{"not_picked":["Hologram","Steam"],"picked":"BootSequence","floor":21},{"not_picked":["Sweeping Beam+1","Gash","Go for the Eyes"],"picked":"SKIP","floor":22},{"not_picked":["Steam","Recycle"],"picked":"Doom and Gloom","floor":24},{"not_picked":["BootSequence+1","Fusion"],"picked":"Double Energy","floor":31},{"not_picked":["Meteor Strike","Machine Learning"],"picked":"Biased Cognition","floor":33},{"not_picked":["Compile Driver","Conserve Battery","Rebound"],"picked":"SKIP","floor":35},{"not_picked":["Heatsinks","Fusion","Stack+1"],"picked":"SKIP","floor":37},{"not_picked":["Thunder Strike","Coolheaded","Auto Shields+1"],"picked":"SKIP","floor":39},{"not_picked":["Meteor Strike","Storm+1"],"picked":"Self Repair","floor":41},{"not_picked":["Chaos+1","Skim","Genetic Algorithm"],"picked":"SKIP","floor":45},{"not_picked":["Cold Snap","Gash","Ball Lightning+1"],"picked":"SKIP","floor":47}],"player_experience":588083,"relics_obtained":[{"floor":7,"key":"Happy Flower"},{"floor":9,"key":"Whetstone"},{"floor":24,"key":"Regal Pillow"},{"floor":26,"key":"Anchor"},{"floor":41,"key":"PreservedInsect"},{"floor":43,"key":"Bottled Tornado"},{"floor":45,"key":"Pen Nib"}],"event_choices":[{"cards_removed":["Strike_B"],"damage_healed":0,"gold_gain":0,"player_choice":"Card Removal","damage_taken":0,"max_hp_gain":0,"max_hp_loss":0,"event_name":"The Cleric","floor":2,"gold_loss":50},{"damage_healed":0,"gold_gain":0,"player_choice":"Donut","damage_taken":0,"max_hp_gain":5,"max_hp_loss":0,"event_name":"Big Fish","floor":3,"gold_loss":0},{"damage_healed":0,"gold_gain":0,"player_choice":"Entered Light","damage_taken":16,"max_hp_gain":0,"max_hp_loss":0,"event_name":"Shining Light","floor":4,"gold_loss":0,"cards_upgraded":["Defend_B","Defend_B"]},{"damage_healed":0,"gold_gain":0,"player_choice":"Bought 2 Potions","damage_taken":0,"max_hp_gain":0,"max_hp_loss":0,"event_name":"The Woman in Blue","floor":12,"gold_loss":0},{"damage_healed":0,"gold_gain":0,"player_choice":"Read","damage_taken":0,"max_hp_gain":0,"max_hp_loss":0,"event_name":"The Library","floor":28,"gold_loss":0,"cards_obtained":["Echo Form"]},{"damage_healed":0,"gold_gain":0,"player_choice":"Ignored","damage_taken":0,"max_hp_gain":0,"max_hp_loss":0,"event_name":"Ghosts","floor":30,"gold_loss":0},{"damage_healed":0,"gold_gain":0,"player_choice":"Forge","damage_taken":0,"max_hp_gain":0,"max_hp_loss":0,"event_name":"Accursed Blacksmith","floor":38,"gold_loss":0,"cards_upgraded":["Loop"]},{"damage_healed":0,"gold_gain":0,"player_choice":"Memory 1","damage_taken":0,"max_hp_gain":0,"max_hp_loss":0,"event_name":"SensoryStone","floor":48,"gold_loss":0}],"is_beta":false,"boss_relics":[{"not_picked":["Busted Crown","Velvet Choker"],"picked":"FrozenCore"},{"not_picked":["Pandora\u0027s Box","Tiny House"],"picked":"Astrolabe"}],"items_purged_floors":[44],"is_endless":false,"potions_floor_spawned":[5,7,13,16,18,21,24,31,35,39,45],"ascension_level":0}