{"gold_per_floor":[119,132,50,67,85,85,112,112,164,64,84,84,116,136,136,237,237,247,262,262,36,50,50,68,96,96,96,116,132,132],"floor_reached":30,"playtime":1251,"items_purged":["Strike_B"],"score":264,"play_id":"c8492769-7123-4bad-b93b-f19d2cd92631","local_time":"20190703181229","is_ascension_mode":false,"campfire_choices":[{"data":"Dark Shackles","floor":6,"key":"SMITH"},{"data":"Darkness","floor":8,"key":"SMITH"},{"data":"Coolheaded","floor":15,"key":"SMITH"},{"data":"Static Discharge","floor":23,"key":"SMITH"}],"neow_cost":"NONE","seed_source_timestamp":1030576821537909,"circlet_count":0,"master_deck":["Strike_B","Strike_B+1","Strike_B","Defend_B","Defend_B","Defend_B","Defend_B","Zap","Dualcast","Compile Driver","Streamline+1","Dark Shackles+1","Ball Lightning+1","Darkness+1","Coolheaded+1","Ball Lightning","Compile Driver","Biased Cognition","Auto Shields","Conserve Battery+1","Static Discharge+1","Conserve Battery","Seek","Defragment","Dark Shackles+1"],"relics":["FrozenCore","Pantograph","Oddly Smooth Stone","Regal Pillow","Whetstone","Dream Catcher","Bottled Lightning"],"potions_floor_usage":[7,11,13,16,19,25,29],"damage_taken":[{"damage":0,"enemies":"Small Slimes","floor":1,"turns":3},{"damage":4,"enemies":"2 Louse","floor":2,"turns":3},{"damage":0,"enemies":"Cultist","floor":4,"turns":2},{"damage":0,"enemies":"2 Fungi Beasts","floor":5,"turns":3},{"damage":16,"enemies":"Lagavulin","floor":7,"turns":5},{"damage":0,"enemies":"Lots of Slimes","floor":11,"turns":1},{"damage":12,"enemies":"3 Sentries","floor":13,"turns":5},{"damage":4,"enemies":"Large Slime","floor":14,"turns":4},{"damage":58,"enemies":"Hexaghost","floor":16,"turns":8},{"damage":0,"enemies":"Chosen","floor":18,"turns":4},{"damage":8,"enemies":"3 Byrds","floor":19,"turns":3},{"damage":0,"enemies":"Snake Plant","floor":22,"turns":4},{"damage":20,"enemies":"Centurion and Healer","floor":24,"turns":8},{"damage":28,"enemies":"Slavers","floor":25,"turns":5},{"damage":7,"enemies":"Chosen and Byrds","floor":28,"turns":4},{"damage":16,"enemies":"Cultist and Chosen","floor":29,"turns":6},{"damage":0,"enemies":"Gremlin Leader","floor":30,"turns":1}],"seed_played":"-3140143160398833486","potions_obtained":[{"floor":2,"key":"SkillPotion"},{"floor":4,"key":"AttackPotion"},{"floor":11,"key":"Fire Potion"},{"floor":13,"key":"SkillPotion"},{"floor":14,"key":"Regen Potion"},{"floor":16,"key":"LiquidBronze"},{"floor":18,"key":"Swift Potion"},{"floor":22,"key":"SteroidPotion"},{"floor":29,"key":"SpeedPotion"}],"is_trial":false,"path_per_floor":["M","M","$","M","M","R","E","R","T","$","M","?","E","M","R","B",null,"M","M","?","$","M","R","M","E","T","?","M","M","E"],"character_chosen":"DEFECT","items_purchased":["Dark Shackles","Coolheaded","Whetstone","Static Discharge"],"campfire_rested":0,"item_purchase_floors":[3,10,21,21],"current_hp_per_floor":[82,78,78,78,78,78,62,62,62,62,62,62,50,46,46,27,82,82,74,74,74,74,74,54,26,26,26,19,3,3],"gold":132,"neow_bonus":"TEN_PERCENT_HP_BONUS","is_prod":false,"is_daily":false,"chose_seed":false,"campfire_upgraded":4,"win_rate":0,"timestamp":1562202749,"path_taken":["M","M","$","M","M","R","E","R","T","$","M","?","E","M","R","BOSS","M","M","?","$","M","R","M","E","T","?","M","?","E"],"build_version":"2019-07-01","purchased_purges":1,"victory":false,"max_hp_per_floor":[82,82,82,82,82,82,82,82,82,82,82,82,82,82,82,82,82,82,82,82,82,82,82,82,82,82,82,82,82,82],"card_choices":[{"not_picked":["Leap","Beam Cell"],"picked":"Compile Driver","floor":1},{"not_picked":["Steam Power","Rebound"],"picked":"Streamline","floor":2},{"not_picked":["Turbo","Gash","Reprogram"],"picked":"SKIP","floor":4},{"not_picked":["Compile Driver","Go for the Eyes"],"picked":"Ball Lightning","floor":5},{"not_picked":["FTL","Chaos"],"picked":"Darkness","floor":7},{"not_picked":["Skim","Gash"],"picked":"Ball Lightning","floor":11},{"not_picked":["Barrage","Turbo","Redo"],"picked":"SKIP","floor":13},{"not_picked":["Darkness","Rebound"],"picked":"Compile Driver","floor":14},{"not_picked":["Thunder Strike","Hyperbeam"],"picked":"Biased Cognition","floor":16},{"not_picked":["Scrape","Go for the Eyes"],"picked":"Auto Shields","floor":18},{"not_picked":["Sweeping Beam","Steam Power+1"],"picked":"Conserve Battery+1","floor":19},{"not_picked":["Turbo+1","Sweeping Beam"],"picked":"Conserve Battery","floor":22},{"not_picked":["Conserve Battery","Beam Cell"],"picked":"Seek","floor":24},{"not_picked":["Hologram","Turbo"],"picked":"Defragment","floor":25},{"not_picked":["Gash","Go for the Eyes","Stack"],"picked":"SKIP","floor":28},{"not_picked":["Sweeping Beam+1","Rebound","Recycle+1"],"picked":"SKIP","floor":29}],"player_experience":624933,"relics_obtained":[{"floor":7,"key":"Pantograph"},{"floor":9,"key":"Oddly Smooth Stone"},{"floor":13,"key":"Regal Pillow"},{"floor":25,"key":"Dream Catcher"},{"floor":26,"key":"Bottled Lightning"}],"event_choices":[{"damage_healed":0,"gold_gain":0,"player_choice":"Grow","damage_taken":0,"max_hp_gain":0,"max_hp_loss":0,"event_name":"Living Wall","floor":12,"gold_loss":0,"cards_upgraded":["Streamline"]},{"damage_healed":0,"gold_gain":0,"player_choice":"Ignored","damage_taken":0,"max_hp_gain":0,"max_hp_loss":0,"event_name":"Cursed Tome","floor":20,"gold_loss":0},{"damage_healed":0,"gold_gain":0,"player_choice":"Copied","damage_taken":0,"max_hp_gain":0,"max_hp_loss":0,"event_name":"Duplicator","floor":27,"gold_loss":0,"cards_obtained":["Dark Shackles"]}],"is_beta":false,"boss_relics":[{"not_picked":["Fusion Hammer","Calling Bell"],"picked":"FrozenCore"}],"items_purged_floors":[10],"is_endless":false,"potions_floor_spawned":[2,4,11,13,14,16,18,22,29],"killed_by":"Gremlin Leader","ascension_level":0}