{"gold_per_floor":[109,128,53,66,78,112,112,123,176,188,250,250,325,338,338,438,438,423],"floor_reached":18,"playtime":538,"items_purged":["Normality"],"score":205,"play_id":"5735361a-ed3f-45ef-9bb5-9af80c398c01","local_time":"20181028175309","is_ascension_mode":true,"campfire_choices":[{"data":"Spot Weakness","floor":7,"key":"SMITH"},{"floor":12,"key":"REST"},{"floor":15,"key":"REST"}],"neow_cost":"CURSE","seed_source_timestamp":73620121439553,"circlet_count":0,"master_deck":["Bash","Spot Weakness+1","Intimidate+1","Headbutt","Uppercut","True Grit","Reaper","Feed","Inflame","Searing Blow","Anger","Combust","Combust","Clothesline","Heavy Blade"],"relics":["Burning Blood","Boot","War Paint","Dodecahedron","Pandora\u0027s Box"],"potions_floor_usage":[11,11],"damage_taken":[{"damage":6,"enemies":"Cultist","floor":1,"turns":4},{"damage":11,"enemies":"Jaw Worm","floor":2,"turns":3},{"damage":4,"enemies":"Small Slimes","floor":4,"turns":4},{"damage":14,"enemies":"Looter","floor":5,"turns":3},{"damage":23,"enemies":"Gremlin Nob","floor":6,"turns":4},{"damage":17,"enemies":"2 Fungi Beasts","floor":8,"turns":4},{"damage":7,"enemies":"Blue Slaver","floor":10,"turns":3},{"damage":6,"enemies":"Gremlin Nob","floor":11,"turns":3},{"damage":4,"enemies":"3 Louse","floor":14,"turns":3},{"damage":46,"enemies":"The Guardian","floor":16,"turns":11},{"damage":4,"enemies":"2 Thieves","floor":18,"turns":1}],"seed_played":"8013229420690421022","potions_obtained":[{"floor":1,"key":"SteroidPotion"},{"floor":5,"key":"SkillPotion"},{"floor":6,"key":"Strength Potion"},{"floor":11,"key":"Poison Potion"}],"is_trial":false,"path_per_floor":["M","M","$","M","M","E","R","M","T","M","?","R","?","M","R","B",null],"character_chosen":"IRONCLAD","items_purchased":[],"campfire_rested":2,"item_purchase_floors":[],"current_hp_per_floor":[80,75,75,77,69,52,52,41,41,40,40,64,53,55,79,40,70,66],"gold":423,"neow_bonus":"TRANSFORM_TWO_CARDS","is_prod":false,"is_daily":false,"chose_seed":false,"campfire_upgraded":1,"win_rate":0,"timestamp":1540745589,"path_taken":["M","M","$","?","M","E","R","M","T","M","?","R","?","M","R","BOSS","M"],"build_version":"2018-10-25v2","purchased_purges":1,"victory":false,"max_hp_per_floor":[80,80,80,80,80,80,80,80,80,80,80,80,80,80,80,80,80,80],"card_choices":[{"not_picked":["Pommel Strike","Clash","Metallicize"],"picked":"SKIP","floor":1},{"not_picked":["Spot Weakness","Armaments","Bloodletting"],"picked":"SKIP","floor":2},{"not_picked":["Iron Wave","Carnage","Havoc"],"picked":"SKIP","floor":4},{"not_picked":["Pommel Strike","Ghostly Armor"],"picked":"Headbutt","floor":5},{"not_picked":["Rage","Armaments","Pummel"],"picked":"SKIP","floor":6},{"not_picked":["Feel No Pain","Dropkick"],"picked":"Uppercut","floor":8},{"not_picked":["Intimidate","Wild Strike"],"picked":"True Grit","floor":10},{"not_picked":["Metallicize","Ghostly Armor"],"picked":"Reaper","floor":14},{"not_picked":["Fiend Fire","Dark Embrace"],"picked":"Feed","floor":16}],"player_experience":145784,"relics_obtained":[{"floor":6,"key":"Boot"},{"floor":9,"key":"War Paint"},{"floor":11,"key":"Dodecahedron"}],"event_choices":[{"damage_healed":0,"gold_gain":0,"player_choice":"Searched \u00271\u0027 times","damage_taken":0,"max_hp_gain":0,"max_hp_loss":0,"event_name":"Dead Adventurer","floor":11,"gold_loss":0},{"damage_healed":0,"gold_gain":75,"player_choice":"Gather Gold","damage_taken":11,"max_hp_gain":0,"max_hp_loss":0,"event_name":"World of Goop","floor":13,"gold_loss":0}],"is_beta":false,"boss_relics":[{"not_picked":["Empty Cage","Calling Bell"],"picked":"Pandora\u0027s Box"}],"items_purged_floors":[3],"is_endless":false,"potions_floor_spawned":[1,5,6,10,11],"killed_by":"2 Thieves","ascension_level":5}