{"path_per_floor":["M","M","M","M","?","R","?","?","T","R","T","E"],"character_chosen":"DEFECT","items_purchased":[],"gold_per_floor":[110,127,146,161,261,261,211,239,265,265,316,349,349],"floor_reached":13,"campfire_rested":0,"playtime":355,"item_purchase_floors":[],"current_hp_per_floor":[74,71,66,60,60,60,60,41,41,41,41,6,0],"items_purged":[],"gold":349,"score":91,"play_id":"974858aa-a454-42fc-a427-bbd265309d5a","local_time":"20180603223333","is_prod":false,"is_daily":false,"chose_seed":false,"is_ascension_mode":true,"campfire_upgraded":2,"win_rate":0,"timestamp":1528061613,"campfire_choices":[{"data":"Zap","floor":6,"key":"SMITH"},{"data":"Redo","floor":10,"key":"SMITH"}],"path_taken":["M","M","?","M","?","R","?","?","T","R","?","E","M"],"build_version":"2018-05-31","seed_source_timestamp":31273442215160,"purchased_purges":0,"victory":false,"master_deck":["Strike_B","Strike_B","Strike_B","Defend_B","Defend_B","Defend_B","Defend_B","Zap+1","Dualcast","Thunder Strike","Turbo","Hologram","Redo+1","Rebound","Self Repair"],"max_hp_per_floor":[75,75,75,75,75,75,75,75,75,75,75,75,75],"relics":["Cracked Core","Odd Mushroom","Omamori","DataDisk","Singing Bowl"],"card_choices":[{"not_picked":["Steam","Steam Power"],"picked":"Turbo","floor":1},{"not_picked":["Cold Snap","Force Field"],"picked":"Hologram","floor":2},{"not_picked":["Lockon","Hyperbeam"],"picked":"Redo","floor":3},{"not_picked":["Darkness","Gash","Double Energy"],"picked":"SKIP","floor":4},{"not_picked":["Force Field","Lockon"],"picked":"Rebound","floor":8},{"not_picked":["Reinforced Body","Compile Driver"],"picked":"Self Repair","floor":12}],"player_experience":624378,"potions_floor_usage":[8],"damage_taken":[{"damage":1,"enemies":"Cultist","floor":1,"turns":3},{"damage":3,"enemies":"2 Louse","floor":2,"turns":2},{"damage":5,"enemies":"Jaw Worm","floor":3,"turns":4},{"damage":6,"enemies":"Blue Slaver","floor":4,"turns":3},{"damage":19,"enemies":"The Mushroom Lair","floor":8,"turns":3},{"damage":35,"enemies":"Gremlin Nob","floor":12,"turns":4},{"damage":13,"enemies":"Large Slime","floor":13,"turns":1}],"relics_obtained":[{"floor":8,"key":"Odd Mushroom"},{"floor":9,"key":"Omamori"},{"floor":11,"key":"DataDisk"},{"floor":12,"key":"Singing Bowl"}],"event_choices":[{"event_name":"Golden Shrine","player_choice":"Pray","floor":5,"damage_taken":0},{"event_name":"The Cleric","player_choice":"Card Removal","floor":7,"damage_taken":0},{"event_name":"Mushrooms","player_choice":"Fought Mushrooms","floor":8,"damage_taken":0}],"boss_relics":[],"items_purged_floors":[],"potions_floor_spawned":[4,8,12],"seed_played":"-3917810223570378694","killed_by":"Large Slime","ascension_level":2,"potions_obtained":[{"floor":4,"key":"AttackPotion"},{"floor":8,"key":"Ancient Potion"},{"floor":12,"key":"EssenceOfSteel"}],"is_trial":false}