{"gold_per_floor":[119,119,138,154,170,198,198,214,214,28,53,53,53,68,68,163,163,176,101,25,40,59,89,89,89,89,44,69,69,69,88,88,88],"floor_reached":33,"playtime":2351,"items_purged":[],"score":362,"play_id":"4f2425c0-535c-4e5a-9b79-3cf7f5754dac","local_time":"20190613173041","is_ascension_mode":true,"campfire_choices":[{"floor":13,"key":"REST"},{"data":"Accuracy","floor":15,"key":"SMITH"},{"data":"Accuracy","floor":25,"key":"SMITH"},{"data":"Shame","floor":30,"key":"PURGE"},{"floor":32,"key":"REST"}],"neow_cost":"NONE","seed_source_timestamp":100337583811270,"circlet_count":0,"master_deck":["Survivor","Neutralize+1","Dagger Throw","Distraction","Malaise","Well Laid Plans","Terror","Grand Finale","Blade Dance","Masterful Stab+1","Bullet Time","A Thousand Cuts","Dodge and Roll","Flying Knee","Cloak And Dagger","Accuracy+1","Prepared","Night Terror","Panache","Blade Dance","Cloak And Dagger","After Image","Backflip+1","Well Laid Plans","Infinite Blades","Accuracy+1","Quick Slash","PiercingWail","Infinite Blades"],"relics":["Pandora\u0027s Box","Ninja Scroll","Peace Pipe","FossilizedHelix","Shuriken","Philosopher\u0027s Stone","Potion Belt","Matryoshka","Unceasing Top","Singing Bowl"],"potions_floor_usage":[16,21,23,31,33],"damage_taken":[{"damage":7,"enemies":"Small Slimes","floor":1,"turns":2},{"damage":0,"enemies":"Jaw Worm","floor":3,"turns":1},{"damage":9,"enemies":"2 Louse","floor":4,"turns":2},{"damage":1,"enemies":"Blue Slaver","floor":5,"turns":3},{"damage":6,"enemies":"Lagavulin","floor":6,"turns":5},{"damage":0,"enemies":"Large Slime","floor":8,"turns":4},{"damage":26,"enemies":"Gremlin Nob","floor":11,"turns":4},{"damage":0,"enemies":"2 Fungi Beasts","floor":14,"turns":3},{"damage":0,"enemies":"The Guardian","floor":16,"turns":7},{"damage":11,"enemies":"Spheric Guardian","floor":18,"turns":4},{"damage":0,"enemies":"Shell Parasite","floor":21,"turns":3},{"damage":6,"enemies":"3 Cultists","floor":22,"turns":4},{"damage":5,"enemies":"Book of Stabbing","floor":23,"turns":5},{"damage":34,"enemies":"Gremlin Leader","floor":28,"turns":5},{"damage":0,"enemies":"Snecko","floor":31,"turns":6},{"damage":40,"enemies":"Automaton","floor":33,"turns":4}],"seed_played":"6686679469511121855","potions_obtained":[{"floor":4,"key":"SpeedPotion"},{"floor":8,"key":"GamblersBrew"},{"floor":11,"key":"SpeedPotion"},{"floor":22,"key":"SkillPotion"},{"floor":31,"key":"FearPotion"}],"is_trial":false,"path_per_floor":["M","?","M","M","M","E","?","M","T","$","E","?","R","M","R","B",null,"M","?","$","M","M","E","?","R","T","$","E","?","R","M","R","B"],"character_chosen":"THE_SILENT","items_purchased":["Panache","Well Laid Plans","Quick Slash"],"campfire_rested":2,"item_purchase_floors":[10,20,27],"current_hp_per_floor":[63,49,49,40,39,33,30,30,30,30,4,21,42,42,42,42,70,59,59,59,59,53,48,48,48,48,48,14,14,14,14,34,0],"gold":88,"neow_bonus":"BOSS_RELIC","is_prod":false,"is_daily":false,"chose_seed":false,"campfire_upgraded":2,"win_rate":0,"timestamp":1560472241,"path_taken":["M","?","M","M","M","E","?","M","T","$","E","?","R","M","R","BOSS","M","?","$","M","M","E","?","R","T","?","E","?","R","M","R","BOSS"],"build_version":"2019-01-23","purchased_purges":0,"victory":false,"max_hp_per_floor":[70,70,70,70,70,70,70,70,70,70,70,70,70,70,70,70,70,70,67,67,67,67,67,67,67,67,67,67,67,67,67,67,67],"card_choices":[{"not_picked":["Dagger Throw","Bane"],"picked":"Dodge and Roll","floor":1},{"not_picked":["Outmaneuver","Underhanded Strike"],"picked":"Flying Knee","floor":3},{"not_picked":["Deadly Poison","Slice"],"picked":"Cloak And Dagger","floor":4},{"not_picked":["Cloak And Dagger","Dagger Throw"],"picked":"Accuracy","floor":5},{"not_picked":["Sucker Punch","Expertise"],"picked":"Prepared","floor":6},{"not_picked":["Prepared","Sucker Punch"],"picked":"Night Terror","floor":8},{"not_picked":["Tactician","Skewer"],"picked":"Blade Dance","floor":11},{"not_picked":["Poisoned Stab","Bouncing Flask"],"picked":"Cloak And Dagger","floor":14},{"not_picked":["Corpse Explosion","Glass Knife"],"picked":"After Image","floor":16},{"not_picked":["Cloak And Dagger","Blade Dance"],"picked":"Backflip+1","floor":18},{"not_picked":["Dodge and Roll","Distraction"],"picked":"Catalyst+1","floor":21},{"not_picked":["Prepared","Setup"],"picked":"Infinite Blades","floor":22},{"not_picked":["Expertise+1","Malaise"],"picked":"Accuracy","floor":23},{"not_picked":["Acrobatics","Flying Knee"],"picked":"PiercingWail","floor":28},{"not_picked":["Dagger Throw","PiercingWail"],"picked":"Infinite Blades","floor":31}],"player_experience":225604,"relics_obtained":[{"floor":6,"key":"Ninja Scroll"},{"floor":9,"key":"FossilizedHelix"},{"floor":11,"key":"Shuriken"},{"floor":23,"key":"Potion Belt"},{"floor":26,"key":"Matryoshka"},{"floor":28,"key":"Unceasing Top"}],"event_choices":[{"damage_healed":0,"gold_gain":0,"player_choice":"Entered Light","damage_taken":14,"max_hp_gain":0,"max_hp_loss":0,"event_name":"Shining Light","floor":2,"gold_loss":0,"cards_upgraded":["Masterful Stab","Neutralize"]},{"damage_healed":0,"gold_gain":0,"player_choice":"Success","damage_taken":3,"relics_obtained":["Peace Pipe"],"max_hp_gain":0,"max_hp_loss":0,"event_name":"Scrap Ooze","floor":7,"gold_loss":0},{"damage_healed":17,"gold_gain":0,"player_choice":"Healed and dodged fight","damage_taken":0,"max_hp_gain":0,"max_hp_loss":0,"event_name":"Mushrooms","floor":12,"gold_loss":0,"cards_obtained":["Parasite"]},{"cards_removed":["Parasite"],"damage_healed":0,"gold_gain":0,"player_choice":"Gave Gold","damage_taken":0,"max_hp_gain":0,"max_hp_loss":0,"event_name":"Beggar","floor":19,"gold_loss":75},{"cards_removed":["Catalyst"],"damage_healed":0,"gold_gain":0,"player_choice":"Elegance","damage_taken":0,"max_hp_gain":0,"max_hp_loss":0,"event_name":"Back to Basics","floor":24,"gold_loss":0},{"damage_healed":0,"gold_gain":0,"player_choice":"Stole Relic","damage_taken":0,"relics_obtained":["Singing Bowl"],"max_hp_gain":0,"max_hp_loss":0,"event_name":"Addict","floor":29,"gold_loss":0,"cards_obtained":["Shame"]}],"is_beta":false,"boss_relics":[{"not_picked":["HoveringKite","Orrery"],"picked":"Philosopher\u0027s Stone"}],"items_purged_floors":[],"is_endless":false,"potions_floor_spawned":[4,8,11,14,22,31],"killed_by":"Automaton","ascension_level":1}