{"path_per_floor":["M","?","M","M","M","E","M","R","T","E","$","?","R","M","R","B",null,"M","M","?","M","?","E","R","E","T","M","R","M","?","$","R","B",null,"M","?","M","$","?","R","M","E","T","R","M","R","M","E","R"],"character_chosen":"THE_SILENT","items_purchased":["Escape Plan","Backflip","Toxic Egg","Oddly Smooth Stone"],"gold_per_floor":[112,112,131,146,159,189,207,207,230,257,55,55,55,72,72,168,168,178,189,189,200,200,226,226,290,335,350,350,360,360,103,103,207,207,225,225,240,90,90,90,101,131,210,210,221,221,233,267,267],"floor_reached":50,"campfire_rested":0,"playtime":6278,"current_hp_per_floor":[69,62,62,62,54,20,20,20,20,16,16,39,39,39,39,30,70,57,57,49,40,40,46,46,49,49,49,49,49,49,49,49,49,49,49,49,49,49,39,39,49,47,47,47,48,48,59,59,59],"items_purged":["Strike_G","Defend_G"],"gold":267,"play_id":"51d65b61-88e9-4b8b-a593-7c15477f128a","is_prod":false,"is_daily":false,"campfire_rituals":0,"campfire_upgraded":10,"is_hardmode":false,"path_taken":["M","?","M","M","M","E","?","R","T","E","$","?","R","?","R","BOSS","M","M","?","M","?","E","R","E","T","M","R","M","?","$","R","BOSS","M","?","?","$","?","R","?","E","T","R","M","R","M","E","R","BOSS"],"build_version":"2018-01-11-PROD2","purchased_purges":3,"victory":false,"master_deck":["Defend_G","Defend_G","Defend_G","Defend_G","Survivor","Neutralize","Flying Knee","Quick Slash","Dash","Sucker Punch","Backflip","Prepared","Escape Plan","Backflip","Infinite Blades","Die Die Die","Underhanded Strike","Bite_G","Bite_G","Bite_G","Bite_G","Bite_G","Leg Sweep","Noxious Fumes","PiercingWail","Footwork","Adrenaline","Escape Plan","Dagger Throw","Madness","Madness","Predator"],"max_hp_per_floor":[70,70,70,70,70,70,70,70,70,70,70,70,70,70,70,70,70,70,70,49,49,49,49,49,49,49,49,49,49,49,49,49,49,49,49,49,49,49,49,49,49,59,59,59,59,59,59,59,59],"relics":["Ring of the Snake","Toolbox","Blue Candle","Lantern","Ornamental Fan","Velvet Choker","Thread and Needle","Tiny Chest","Whetstone","Toxic Egg","Sozu","Oddly Smooth Stone","Pear","Ninja Scroll","Omamori"],"campfire_meditates":0,"card_choices":[{"not_picked":["Underhanded Strike","Deadly Poison"],"picked":"Flying Knee"},{"not_picked":["Dagger Spray","Infinite Blades"],"picked":"Quick Slash"},{"not_picked":["Slice","Quick Slash"],"picked":"Dash"},{"not_picked":["Cloak And Dagger","Doppelganger"],"picked":"Sucker Punch"},{"not_picked":["Endless Agony","Accuracy"],"picked":"Backflip"},{"not_picked":["Slice","Outmaneuver"],"picked":"Prepared"},{"not_picked":["Deadly Poison","Dash"],"picked":"Infinite Blades"},{"not_picked":["Storm of Steel","Wraith Form"],"picked":"Die Die Die"},{"not_picked":["Prepared","Accuracy"],"picked":"Underhanded Strike"},{"not_picked":["Calculated Gamble","PiercingWail"],"picked":"Leg Sweep"},{"not_picked":["Slice","Storm of Steel"],"picked":"PiercingWail"},{"not_picked":["Calculated Gamble","Catalyst"],"picked":"Footwork"},{"not_picked":["Envenom","Die Die Die"],"picked":"Adrenaline"},{"not_picked":["Outmaneuver","Predator"],"picked":"Escape Plan"},{"not_picked":["Cloak And Dagger","Endless Agony"],"picked":"Dagger Throw"},{"not_picked":["PiercingWail","Sucker Punch"],"picked":"Predator"}],"player_experience":222318,"potions_floor_usage":[10,16,25,33,33],"damage_taken":[{"damage":1,"enemies":"Cultist","floor":1,"turns":5},{"damage":0,"enemies":"Jaw Worm","floor":3,"turns":4},{"damage":0,"enemies":"Small Slimes","floor":4,"turns":4},{"damage":8,"enemies":"Exordium Thugs","floor":5,"turns":4},{"damage":34,"enemies":"Lagavulin","floor":6,"turns":7},{"damage":0,"enemies":"Large Slime","floor":7,"turns":5},{"damage":4,"enemies":"3 Sentries","floor":10,"turns":7},{"damage":0,"enemies":"3 Louse","floor":14,"turns":2},{"damage":9,"enemies":"Slime Boss","floor":16,"turns":14},{"damage":13,"enemies":"Spheric Guardian","floor":18,"turns":4},{"damage":0,"enemies":"3 Byrds","floor":19,"turns":5},{"damage":11,"enemies":"Centurion and Healer","floor":21,"turns":6},{"damage":4,"enemies":"Book of Stabbing","floor":23,"turns":6},{"damage":3,"enemies":"Gremlin Leader","floor":25,"turns":11},{"damage":6,"enemies":"Chosen and Byrds","floor":27,"turns":6},{"damage":0,"enemies":"Snake Plant","floor":29,"turns":5},{"damage":6,"enemies":"Collector","floor":33,"turns":10},{"damage":3,"enemies":"Orb Walker","floor":35,"turns":3},{"damage":4,"enemies":"3 Darklings","floor":37,"turns":5},{"damage":5,"enemies":"Sphere and 2 Shapes","floor":41,"turns":7},{"damage":17,"enemies":"2 Orb Walkers","floor":42,"turns":6},{"damage":7,"enemies":"4 Shapes","floor":45,"turns":6},{"damage":0,"enemies":"3 Darklings","floor":47,"turns":5},{"damage":0,"enemies":"Nemesis","floor":48,"turns":10},{"damage":92,"enemies":"Time Eater","floor":50,"turns":13}],"event_choices":[{"event_name":"Scrap Ooze","player_choice":"success","floor":2,"damage_taken":7},{"event_name":"Big Fish","player_choice":"Banana","floor":12,"damage_taken":0},{"event_name":"Vampires","player_choice":"Became a vampire","floor":20,"damage_taken":0},{"event_name":"The Library","player_choice":"Read","floor":22,"damage_taken":0},{"event_name":"The Woman in Blue","player_choice":"Bought 0 Potions","floor":30,"damage_taken":0},{"event_name":"Tomb of Lord Red Mask","player_choice":"Ignored","floor":36,"damage_taken":0},{"event_name":"Winding Halls","player_choice":"Embrace Madness","floor":39,"damage_taken":0}],"boss_relics":[{"not_picked":["Black Star","White Beast Statue"],"picked":"Velvet Choker"},{"not_picked":["Eternal Feather","Snecko Eye"],"picked":"Sozu"}],"potions_floor_spawned":[3,4,5,14,18,23,25,29,33,35,37,41,47],"seed_played":"3556360694061012692","killed_by":"Time Eater","is_trial":false}