{"gold_per_floor":[113,130,130,23,38,73,137,137,160,275,348,398,441,457,457,556,556,574,624,688,266,279,279,300,300],"floor_reached":25,"playtime":1072,"items_purged":["Strike_R"],"score":415,"play_id":"984a647e-d8a8-45b5-8d31-dbaedfc8d847","local_time":"20190117014025","is_ascension_mode":true,"campfire_choices":[{"data":"Inflame","floor":8,"key":"SMITH"},{"data":"Disarm","floor":15,"key":"SMITH"},{"data":"Bash","floor":23,"key":"SMITH"}],"neow_cost":"TEN_PERCENT_HP_LOSS","seed_source_timestamp":53815782608096,"circlet_count":0,"master_deck":["AscendersBane","Strike_R","Strike_R","Strike_R","Defend_R","Defend_R","Defend_R","Bash+1","Iron Wave","Inflame+1","Clothesline","Sword Boomerang","Evolve","Disarm+1","Shrug It Off","Shrug It Off","Dropkick","Reaper","Inflame+1","Shrug It Off","Master of Strategy"],"relics":["Black Blood","SsserpentHead","Lantern","Strawberry","Bronze Scales","Oddly Smooth Stone","Golden Idol","Pen Nib","Juzu Bracelet"],"potions_floor_usage":[6,18,22,24,25],"damage_taken":[{"damage":4,"enemies":"2 Louse","floor":1,"turns":2},{"damage":1,"enemies":"Cultist","floor":2,"turns":3},{"damage":0,"enemies":"Small Slimes","floor":5,"turns":3},{"damage":30,"enemies":"3 Sentries","floor":6,"turns":8},{"damage":14,"enemies":"Exordium Wildlife","floor":7,"turns":4},{"damage":16,"enemies":"Lagavulin","floor":13,"turns":7},{"damage":5,"enemies":"3 Louse","floor":14,"turns":4},{"damage":14,"enemies":"The Guardian","floor":16,"turns":11},{"damage":19,"enemies":"2 Thieves","floor":18,"turns":4},{"damage":42,"enemies":"Spheric Guardian","floor":20,"turns":6},{"damage":17,"enemies":"Shelled Parasite and Fungi","floor":22,"turns":4},{"damage":31,"enemies":"Cultist and Chosen","floor":24,"turns":8},{"damage":39,"enemies":"Slavers","floor":25,"turns":3}],"seed_played":"-6274211575163832909","potions_obtained":[{"floor":1,"key":"BloodPotion"},{"floor":2,"key":"SpeedPotion"},{"floor":16,"key":"Fire Potion"},{"floor":20,"key":"Energy Potion"},{"floor":24,"key":"Strength Potion"}],"is_trial":false,"path_per_floor":["M","M","?","$","M","E","M","R","T","?","T","?","E","M","R","B",null,"M","?","M","$","M","R","M","E"],"character_chosen":"IRONCLAD","items_purchased":["Lantern","Juzu Bracelet","Master of Strategy"],"campfire_rested":0,"item_purchase_floors":[4,21,21],"current_hp_per_floor":[68,68,68,68,68,51,43,43,43,43,43,43,33,34,34,26,58,59,59,27,27,20,20,19,0],"gold":300,"neow_bonus":"TRANSFORM_TWO_CARDS","is_prod":false,"is_daily":false,"chose_seed":false,"campfire_upgraded":3,"win_rate":0,"timestamp":1547689225,"path_taken":["M","M","?","?","M","E","?","R","T","?","?","?","E","M","R","BOSS","M","?","?","$","M","R","M","E"],"build_version":"2019-01-10","purchased_purges":1,"victory":false,"max_hp_per_floor":[68,68,68,68,68,75,75,75,75,75,75,68,68,68,68,68,68,68,68,68,68,68,68,68,68],"card_choices":[{"not_picked":["Flame Barrier","Evolve"],"picked":"Clothesline","floor":1},{"not_picked":["Carnage","Warcry"],"picked":"Sword Boomerang","floor":2},{"not_picked":["Thunderclap","Wild Strike"],"picked":"Evolve","floor":5},{"not_picked":["Exhume","True Grit"],"picked":"Disarm","floor":6},{"not_picked":["Warcry","Uppercut"],"picked":"Shrug It Off","floor":7},{"not_picked":["Perfected Strike","Rampage"],"picked":"Shrug It Off","floor":13},{"not_picked":["Armaments","Whirlwind"],"picked":"Dropkick","floor":14},{"not_picked":["Exhume","Juggernaut"],"picked":"Reaper","floor":16},{"not_picked":["Sword Boomerang","Infernal Blade","Sever Soul"],"picked":"SKIP","floor":18},{"not_picked":["Sword Boomerang","Anger+1"],"picked":"Shrug It Off","floor":20},{"not_picked":["Wild Strike","Twin Strike","Dropkick"],"picked":"SKIP","floor":22},{"not_picked":["Wild Strike","Sword Boomerang","Shrug It Off"],"picked":"SKIP","floor":24}],"player_experience":1159391,"relics_obtained":[{"floor":6,"key":"Strawberry"},{"floor":9,"key":"Bronze Scales"},{"floor":11,"key":"Oddly Smooth Stone"},{"floor":13,"key":"Pen Nib"}],"event_choices":[{"damage_healed":0,"gold_gain":0,"player_choice":"Trade","damage_taken":0,"relics_obtained":["SsserpentHead"],"max_hp_gain":0,"max_hp_loss":0,"event_name":"FaceTrader","floor":3,"gold_loss":0},{"damage_healed":0,"gold_gain":65,"player_choice":"Gained Gold","damage_taken":0,"max_hp_gain":0,"max_hp_loss":0,"event_name":"Golden Wing","floor":10,"gold_loss":0},{"damage_healed":0,"gold_gain":0,"player_choice":"Lose Max HP","damage_taken":0,"relics_obtained":["Golden Idol"],"max_hp_gain":0,"max_hp_loss":7,"event_name":"Golden Idol","floor":12,"gold_loss":0},{"damage_healed":0,"gold_gain":0,"player_choice":"Copied","damage_taken":0,"max_hp_gain":0,"max_hp_loss":0,"event_name":"Duplicator","floor":19,"gold_loss":0,"cards_obtained":["Inflame"]}],"is_beta":false,"boss_relics":[{"not_picked":["Runic Cube","Orrery"],"picked":"Black Blood"}],"items_purged_floors":[21],"is_endless":false,"potions_floor_spawned":[1,2,16,20,24],"killed_by":"Slavers","ascension_level":19}