{"gold_per_floor":[113,38,57,72,89,60,94,114,114,114,133,158,170,170,170,170],"floor_reached":16,"playtime":588,"items_purged":["Defend_R"],"score":228,"play_id":"6809c59f-129c-4d69-9984-615a15592757","local_time":"20190620230705","is_ascension_mode":true,"campfire_choices":[{"floor":10,"key":"REST"},{"floor":15,"key":"REST"}],"neow_cost":"NONE","seed_source_timestamp":588195126794000,"circlet_count":0,"master_deck":["AscendersBane","Strike_R","Strike_R","Strike_R","Strike_R","Strike_R","Defend_R","Defend_R","Defend_R","Bash","Pummel","Inflame","Armaments","Disarm","Pommel Strike","Feed","Sword Boomerang","Thunderclap","Flex","Iron Wave","Rupture"],"relics":["Burning Blood","NeowsBlessing","Dream Catcher","Mummified Hand","Oddly Smooth Stone","Gambling Chip"],"potions_floor_usage":[5,12,16],"damage_taken":[{"damage":0,"enemies":"Cultist","floor":1,"turns":1},{"damage":0,"enemies":"Jaw Worm","floor":3,"turns":1},{"damage":0,"enemies":"2 Louse","floor":4,"turns":1},{"damage":36,"enemies":"Gremlin Gang","floor":5,"turns":6},{"damage":18,"enemies":"Lagavulin","floor":7,"turns":6},{"damage":18,"enemies":"Large Slime","floor":8,"turns":4},{"damage":7,"enemies":"Exordium Thugs","floor":11,"turns":3},{"damage":24,"enemies":"3 Sentries","floor":12,"turns":6},{"damage":14,"enemies":"Blue Slaver","floor":13,"turns":3},{"damage":54,"enemies":"Hexaghost","floor":16,"turns":9}],"seed_played":"2928792972431747797","potions_obtained":[{"floor":4,"key":"AttackPotion"},{"floor":8,"key":"Dexterity Potion"},{"floor":11,"key":"SpeedPotion"},{"floor":12,"key":"SteroidPotion"}],"is_trial":false,"path_per_floor":["M","$","M","M","M","$","E","M","T","R","M","E","M","?","R","B"],"character_chosen":"IRONCLAD","items_purchased":["Pommel Strike"],"campfire_rested":2,"item_purchase_floors":[6],"current_hp_per_floor":[74,74,75,75,45,45,33,25,25,48,51,36,28,28,53,0],"gold":170,"neow_bonus":"THREE_ENEMY_KILL","is_prod":false,"is_daily":false,"chose_seed":false,"campfire_upgraded":0,"win_rate":0,"timestamp":1561068425,"path_taken":["M","$","?","M","M","$","E","M","T","R","M","E","M","?","R","BOSS"],"build_version":"2019-01-23","purchased_purges":1,"victory":false,"max_hp_per_floor":[75,75,75,75,75,75,75,79,79,79,83,86,86,86,86,86],"card_choices":[{"not_picked":["Anger","Havoc"],"picked":"Pummel","floor":1},{"not_picked":["Ghostly Armor","Rupture"],"picked":"Inflame","floor":3},{"not_picked":["Havoc","Anger"],"picked":"Armaments","floor":4},{"not_picked":["Body Slam","Battle Trance"],"picked":"Disarm","floor":5},{"not_picked":["Havoc","Wild Strike"],"picked":"Feed","floor":7},{"not_picked":["Dual Wield","Flex"],"picked":"Sword Boomerang","floor":8},{"not_picked":["Pummel","Flex"],"picked":"Thunderclap","floor":10},{"not_picked":["Perfected Strike","True Grit"],"picked":"Flex","floor":11},{"not_picked":["Hemokinesis","Warcry"],"picked":"Iron Wave","floor":12},{"not_picked":["Sword Boomerang","Body Slam","Flex"],"picked":"SKIP","floor":13},{"not_picked":["Pommel Strike","True Grit"],"picked":"Rupture","floor":15}],"player_experience":1307086,"relics_obtained":[{"floor":7,"key":"Dream Catcher"},{"floor":9,"key":"Mummified Hand"},{"floor":12,"key":"Oddly Smooth Stone"}],"event_choices":[{"damage_healed":0,"gold_gain":0,"player_choice":"Gave Potion","damage_taken":0,"relics_obtained":["Gambling Chip"],"max_hp_gain":0,"max_hp_loss":0,"event_name":"WeMeetAgain","floor":14,"gold_loss":0}],"is_beta":false,"boss_relics":[],"items_purged_floors":[2],"is_endless":false,"potions_floor_spawned":[4,8,11,12],"killed_by":"Hexaghost","ascension_level":20}