{"gold_per_floor":[115,115,135,210,210,226,259,271,318,318,299,299,314,61,61,156,156,156,1,1,0,0,0,0,0,0,0,0,0,0,0,0,0],"floor_reached":33,"playtime":752,"items_purged":[],"score":269,"play_id":"c35b6eb6-b968-40e8-ab5a-f8b51456fca7","local_time":"20190609222910","is_ascension_mode":false,"campfire_choices":[{"data":"Demon Form","floor":10,"key":"SMITH"},{"data":"Bash","floor":12,"key":"SMITH"},{"data":"Pommel Strike","floor":15,"key":"SMITH"},{"data":"Heavy Blade","floor":23,"key":"SMITH"},{"floor":29,"key":"REST"},{"floor":32,"key":"REST"}],"neow_cost":"NONE","seed_source_timestamp":116299068675187,"circlet_count":0,"master_deck":["Strike_R","Strike_R","Strike_R","Strike_R","Strike_R","Defend_R","Defend_R","Defend_R","Bash+1","Clothesline","Headbutt","Metallicize","Demon Form+1","Heavy Blade+1","Pommel Strike+1","Impervious","Perfected Strike+1","Fiend Fire","Pain","Hemokinesis+1","Pommel Strike+1","Sword Boomerang"],"relics":["Burning Blood","Dodecahedron","Dream Catcher","Ancient Tea Set","Gremlin Horn","Ectoplasm","Bag of Preparation","Orichalcum","Pantograph","Tiny Chest","WarpedTongs"],"potions_floor_usage":[7],"damage_taken":[{"damage":11,"enemies":"Jaw Worm","floor":1,"turns":2},{"damage":4,"enemies":"Cultist","floor":3,"turns":3},{"damage":5,"enemies":"Small Slimes","floor":6,"turns":3},{"damage":6,"enemies":"Gremlin Nob","floor":7,"turns":3},{"damage":2,"enemies":"3 Louse","floor":8,"turns":4},{"damage":17,"enemies":"Exordium Thugs","floor":11,"turns":4},{"damage":10,"enemies":"Red Slaver","floor":13,"turns":3},{"damage":35,"enemies":"Slime Boss","floor":16,"turns":8},{"damage":7,"enemies":"3 Byrds","floor":18,"turns":7},{"damage":15,"enemies":"2 Thieves","floor":21,"turns":3},{"damage":0,"enemies":"Chosen and Byrds","floor":24,"turns":3},{"damage":23,"enemies":"Gremlin Leader","floor":25,"turns":4},{"damage":16,"enemies":"Snake Plant","floor":28,"turns":3},{"damage":17,"enemies":"Cultist and Chosen","floor":30,"turns":5},{"damage":11,"enemies":"Chosen and Byrds","floor":31,"turns":4},{"damage":86,"enemies":"Collector","floor":33,"turns":5}],"seed_played":"-8262219869067898550","potions_obtained":[{"floor":0,"key":"SmokeBomb"},{"floor":0,"key":"Weak Potion"},{"floor":0,"key":"SkillPotion"},{"floor":6,"key":"Fire Potion"},{"floor":8,"key":"Swift Potion"}],"is_trial":false,"path_per_floor":["M","?","M","?","?","M","E","M","T","R","M","R","M","$","R","B",null,"M","$","?","M","T","R","M","E","T","?","M","R","M","M","R","B"],"character_chosen":"IRONCLAD","items_purchased":["Gremlin Horn","Bag of Preparation"],"campfire_rested":2,"item_purchase_floors":[14,19],"current_hp_per_floor":[75,75,77,66,66,67,67,71,71,71,60,60,56,56,56,27,80,79,79,79,70,70,70,76,59,59,59,49,73,62,57,80,0],"gold":0,"neow_bonus":"THREE_SMALL_POTIONS","is_prod":false,"is_daily":false,"chose_seed":false,"campfire_upgraded":4,"win_rate":0,"timestamp":1560133750,"path_taken":["M","?","?","?","?","M","E","M","T","R","?","R","M","$","R","BOSS","M","$","?","?","?","R","M","E","T","?","M","R","M","M","R","BOSS"],"build_version":"2019-01-23","purchased_purges":0,"victory":false,"max_hp_per_floor":[80,80,80,80,80,80,80,80,80,80,80,80,80,80,80,80,80,80,80,80,80,80,80,80,80,80,80,80,80,80,80,80,80],"card_choices":[{"not_picked":["Shrug It Off","Disarm"],"picked":"Clothesline","floor":1},{"not_picked":["Warcry","Ghostly Armor"],"picked":"Headbutt","floor":3},{"not_picked":["Evolve","Clash"],"picked":"Metallicize","floor":6},{"not_picked":["Clothesline","Intimidate"],"picked":"Demon Form","floor":7},{"not_picked":["Iron Wave","Sword Boomerang"],"picked":"Heavy Blade","floor":8},{"not_picked":["Havoc","Sentinel"],"picked":"Pommel Strike","floor":11},{"not_picked":["Iron Wave","Dark Embrace","Havoc"],"picked":"SKIP","floor":13},{"not_picked":["Bludgeon","Berserk"],"picked":"Impervious","floor":16},{"not_picked":["Feel No Pain","Clash"],"picked":"Perfected Strike+1","floor":18},{"not_picked":["Body Slam+1","Hemokinesis","Infernal Blade"],"picked":"SKIP","floor":21},{"not_picked":["Sword Boomerang","Pommel Strike"],"picked":"Fiend Fire","floor":24},{"not_picked":["Armaments","Warcry+1","Iron Wave"],"picked":"SKIP","floor":25},{"not_picked":["Warcry+1","Second Wind"],"picked":"Hemokinesis+1","floor":28},{"not_picked":["Wild Strike","Clothesline"],"picked":"Pommel Strike+1","floor":30},{"not_picked":["Searing Blow","Anger+1"],"picked":"Sword Boomerang","floor":31}],"player_experience":410521,"relics_obtained":[{"floor":7,"key":"Dream Catcher"},{"floor":9,"key":"Ancient Tea Set"},{"floor":22,"key":"Orichalcum"},{"floor":25,"key":"Pantograph"},{"floor":26,"key":"Tiny Chest"}],"event_choices":[{"damage_healed":0,"gold_gain":0,"player_choice":"Gave Potion","damage_taken":0,"relics_obtained":["Dodecahedron"],"max_hp_gain":0,"max_hp_loss":0,"event_name":"WeMeetAgain","floor":2,"gold_loss":0},{"damage_healed":0,"gold_gain":75,"player_choice":"Gather Gold","damage_taken":11,"max_hp_gain":0,"max_hp_loss":0,"event_name":"World of Goop","floor":4,"gold_loss":0},{"damage_healed":0,"gold_gain":0,"player_choice":"Bought 0 Potions","damage_taken":0,"max_hp_gain":0,"max_hp_loss":0,"event_name":"The Woman in Blue","floor":5,"gold_loss":0},{"cards_removed":["Defend_R"],"damage_healed":0,"gold_gain":0,"player_choice":"Purged","damage_taken":0,"max_hp_gain":0,"max_hp_loss":0,"event_name":"Purifier","floor":20,"gold_loss":0},{"damage_healed":0,"gold_gain":0,"player_choice":"Rummage","damage_taken":0,"relics_obtained":["WarpedTongs"],"max_hp_gain":0,"max_hp_loss":0,"event_name":"Accursed Blacksmith","floor":27,"gold_loss":0,"cards_obtained":["Pain"]}],"is_beta":false,"boss_relics":[{"not_picked":["Mark of Pain","White Beast Statue"],"picked":"Ectoplasm"}],"items_purged_floors":[],"is_endless":false,"potions_floor_spawned":[6,8,11,18,24,28],"killed_by":"Collector","ascension_level":0}