{"gold_per_floor":[117,47,47,59,79,114,124,124,149,249,280,300,322,336,336,431,431,445,465,484,484,182,182,193,262,262,280,280,293,293,312,312,413,413,427,74,92,0,11,11,11,11,11,11,36,13,113,127,127,127,127,127,28,28],"floor_reached":54,"playtime":2543,"items_purged":["Strike_B","Strike_B","Strike_B"],"score":654,"play_id":"c4692231-2fe6-417d-8748-8b049e579a34","local_time":"20190704192137","is_ascension_mode":false,"campfire_choices":[{"data":"Ball Lightning","floor":8,"key":"SMITH"},{"floor":15,"key":"REST"},{"floor":23,"key":"REST"},{"data":"Buffer","floor":28,"key":"SMITH"},{"floor":30,"key":"RECALL"},{"floor":32,"key":"REST"},{"floor":40,"key":"REST"},{"floor":42,"key":"REST"},{"floor":44,"key":"REST"},{"floor":49,"key":"REST"},{"floor":52,"key":"REST"}],"neow_cost":"TEN_PERCENT_HP_LOSS","seed_source_timestamp":1119833456131979,"circlet_count":0,"master_deck":["Strike_B","Defend_B","Defend_B","Defend_B","Defend_B","Zap","Dualcast","Sunder+1","Ball Lightning+1","Conserve Battery","Double Energy","Genetic Algorithm","Cold Snap","Static Discharge","Melter","Hologram","Buffer+1","Biased Cognition","Leap","Genetic Algorithm","Compile Driver+1","Reinforced Body","Leap","Barrage+1","Seek","Stack+1","Undo+1","Loop+1","Steam","Darkness+1"],"relics":["Cracked Core","FossilizedHelix","Centennial Puzzle","Vajra","Bag of Marbles","Odd Mushroom","Inserter","Bronze Scales","Frozen Egg 2","Fusion Hammer","Pantograph","Red Mask","Bottled Lightning","Smiling Mask","Gambling Chip"],"potions_floor_usage":[13,16,24,27,33,33,45,45,54],"damage_taken":[{"damage":0,"enemies":"Jaw Worm","floor":1,"turns":2},{"damage":0,"enemies":"Cultist","floor":4,"turns":2},{"damage":0,"enemies":"2 Louse","floor":5,"turns":2},{"damage":18,"enemies":"Lagavulin","floor":6,"turns":7},{"damage":0,"enemies":"Exordium Wildlife","floor":7,"turns":2},{"damage":19,"enemies":"Gremlin Nob","floor":11,"turns":4},{"damage":0,"enemies":"Blue Slaver","floor":12,"turns":2},{"damage":0,"enemies":"The Mushroom Lair","floor":13,"turns":3},{"damage":0,"enemies":"Looter","floor":14,"turns":2},{"damage":23,"enemies":"Hexaghost","floor":16,"turns":9},{"damage":3,"enemies":"Shell Parasite","floor":18,"turns":5},{"damage":0,"enemies":"Spheric Guardian","floor":19,"turns":3},{"damage":23,"enemies":"Centurion and Healer","floor":20,"turns":7},{"damage":7,"enemies":"Snake Plant","floor":24,"turns":4},{"damage":0,"enemies":"3 Cultists","floor":27,"turns":6},{"damage":0,"enemies":"Centurion and Healer","floor":29,"turns":7},{"damage":0,"enemies":"Snake Plant","floor":31,"turns":4},{"damage":55,"enemies":"Collector","floor":33,"turns":14},{"damage":0,"enemies":"Orb Walker","floor":35,"turns":3},{"damage":0,"enemies":"3 Shapes","floor":37,"turns":5},{"damage":0,"enemies":"Sphere and 2 Shapes","floor":39,"turns":3},{"damage":12,"enemies":"Nemesis","floor":45,"turns":10},{"damage":0,"enemies":"Mind Bloom Boss Battle","floor":47,"turns":8},{"damage":0,"enemies":"Maw","floor":48,"turns":8},{"damage":45,"enemies":"Time Eater","floor":50,"turns":12},{"damage":51,"enemies":"Shield and Spear","floor":54,"turns":7}],"seed_played":"-7543031352800817975","potions_obtained":[{"floor":5,"key":"Dexterity Potion"},{"floor":7,"key":"Dexterity Potion"},{"floor":11,"key":"Explosive Potion"},{"floor":18,"key":"Swift Potion"},{"floor":20,"key":"Poison Potion"},{"floor":24,"key":"Fire Potion"},{"floor":29,"key":"EssenceOfSteel"},{"floor":33,"key":"EssenceOfSteel"},{"floor":35,"key":"GamblersBrew"},{"floor":48,"key":"Fire Potion"}],"is_trial":false,"path_per_floor":["M","$","?","M","M","E","M","R","T","?","E","M","?","M","R","B",null,"M","M","M","?","$","R","M","T","T","M","R","M","R","M","R","B",null,"M","$","M","?","M","R","?","R","T","R","E","$","?","M","R","B",null,"R","$","E"],"character_chosen":"DEFECT","items_purchased":["Ball Lightning","Conserve Battery","Bronze Scales","Reinforced Body","Pantograph","Steam","Weak Potion"],"campfire_rested":8,"item_purchase_floors":[2,2,22,22,36,46,53],"current_hp_per_floor":[68,68,68,68,68,50,50,50,50,50,31,31,31,31,51,28,68,65,65,42,30,30,51,44,44,44,44,44,44,44,44,65,10,73,73,73,73,73,73,73,73,73,73,73,61,61,73,73,73,28,73,73,73,22],"gold":28,"neow_bonus":"ONE_RARE_RELIC","is_prod":false,"is_daily":false,"chose_seed":false,"campfire_upgraded":2,"win_rate":0,"timestamp":1562293297,"path_taken":["M","$","?","?","M","E","M","R","T","?","E","?","?","M","R","BOSS","M","M","M","?","$","R","M","?","T","M","R","M","R","M","R","BOSS","M","$","M","?","M","R","?","R","T","R","E","?","?","M","R","BOSS","R","$","E"],"build_version":"2019-07-01","purchased_purges":3,"victory":false,"max_hp_per_floor":[68,68,68,68,68,68,68,68,68,68,68,68,68,68,68,68,68,68,68,68,73,73,73,73,73,73,73,73,73,73,73,73,73,73,73,73,73,73,73,73,73,73,73,73,73,73,73,73,73,73,73,73,73,73],"card_choices":[{"not_picked":["Stack","Hologram"],"picked":"Sunder","floor":1},{"not_picked":["Compile Driver","Sweeping Beam"],"picked":"Double Energy","floor":4},{"not_picked":["Melter","Turbo"],"picked":"Genetic Algorithm","floor":5},{"not_picked":["Fusion","Coolheaded"],"picked":"Cold Snap","floor":6},{"not_picked":["Coolheaded","Stack"],"picked":"Static Discharge","floor":7},{"not_picked":["Rip and Tear","Ball Lightning"],"picked":"Melter","floor":11},{"not_picked":["Storm","Hello World"],"picked":"Hologram","floor":12},{"not_picked":["FTL","Leap"],"picked":"Buffer","floor":13},{"not_picked":["Redo","Stack"],"picked":"Coolheaded","floor":14},{"not_picked":["All For One","Hyperbeam"],"picked":"Biased Cognition","floor":16},{"not_picked":["Chaos+1","Melter"],"picked":"Leap","floor":18},{"not_picked":["Conserve Battery+1","Sweeping Beam"],"picked":"Genetic Algorithm","floor":19},{"not_picked":["Tempest","Aggregate"],"picked":"Compile Driver+1","floor":20},{"not_picked":["Turbo+1","Double Energy+1"],"picked":"Leap","floor":24},{"not_picked":["Ball Lightning+1","Sweeping Beam","Go for the Eyes+1"],"picked":"SKIP","floor":27},{"not_picked":["Hello World+1","Beam Cell+1"],"picked":"Barrage+1","floor":29},{"not_picked":["Steam","Aggregate+1","Stack"],"picked":"SKIP","floor":31},{"not_picked":["Multi-Cast","Machine Learning+1"],"picked":"Seek","floor":33},{"not_picked":["Skim","Beam Cell"],"picked":"Stack+1","floor":35},{"not_picked":["Beam Cell","Chaos","Rip and Tear"],"picked":"SKIP","floor":37},{"not_picked":["Steam","Rip and Tear"],"picked":"Undo+1","floor":39},{"not_picked":["Sweeping Beam+1","Scrape+1"],"picked":"Loop+1","floor":45},{"not_picked":["Lockon","Conserve Battery"],"picked":"Darkness+1","floor":47},{"not_picked":["Stack+1","Streamline","Ball Lightning"],"picked":"SKIP","floor":48}],"player_experience":635284,"relics_obtained":[{"floor":6,"key":"Centennial Puzzle"},{"floor":9,"key":"Vajra"},{"floor":11,"key":"Bag of Marbles"},{"floor":13,"key":"Odd Mushroom"},{"floor":25,"key":"Frozen Egg 2"},{"floor":43,"key":"Bottled Lightning"},{"floor":45,"key":"Smiling Mask"},{"floor":47,"key":"Gambling Chip"}],"event_choices":[{"damage_healed":0,"gold_gain":0,"player_choice":"Upgraded","damage_taken":0,"max_hp_gain":0,"max_hp_loss":0,"event_name":"Upgrade Shrine","floor":3,"gold_loss":0,"cards_upgraded":["Sunder"]},{"damage_healed":0,"gold_gain":100,"player_choice":"Pray","damage_taken":0,"max_hp_gain":0,"max_hp_loss":0,"event_name":"Golden Shrine","floor":10,"gold_loss":0},{"damage_healed":0,"gold_gain":0,"player_choice":"Fought Mushrooms","damage_taken":0,"max_hp_gain":0,"max_hp_loss":0,"event_name":"Mushrooms","floor":13,"gold_loss":0},{"damage_healed":0,"gold_gain":0,"player_choice":"Shed Blood","damage_taken":17,"max_hp_gain":5,"max_hp_loss":0,"event_name":"Forgotten Altar","floor":21,"gold_loss":0},{"damage_healed":0,"gold_gain":0,"player_choice":"Paid","damage_taken":0,"relics_obtained":["Red Mask"],"max_hp_gain":0,"max_hp_loss":0,"event_name":"Tomb of Lord Red Mask","floor":38,"gold_loss":92},{"cards_removed":["Coolheaded"],"damage_healed":0,"gold_gain":0,"player_choice":"Removed Skill","damage_taken":0,"max_hp_gain":0,"max_hp_loss":0,"event_name":"Falling","floor":41,"gold_loss":0},{"damage_healed":0,"gold_gain":0,"player_choice":"Fight","damage_taken":0,"max_hp_gain":0,"max_hp_loss":0,"event_name":"MindBloom","floor":47,"gold_loss":0}],"is_beta":false,"boss_relics":[{"not_picked":["Philosopher\u0027s Stone","Eternal Feather"],"picked":"Inserter"},{"not_picked":["Coffee Dripper","Empty Cage"],"picked":"Fusion Hammer"}],"items_purged_floors":[22,36,53],"is_endless":false,"potions_floor_spawned":[5,7,11,12,18,20,24,29,33,35,37,48],"killed_by":"Shield and Spear","ascension_level":0}