{"gold_per_floor":[116,132,142,62,78,111,111,111,137,137,168,168,343,343,343,441,441,441,285,285,285,285,285,285,285,285,285,285,285,285,210,210,210],"floor_reached":33,"playtime":1315,"items_purged":[],"score":416,"play_id":"15c01c41-a188-406f-9aca-a019145e219a","local_time":"20190618210831","is_ascension_mode":true,"campfire_choices":[{"data":"Fission","floor":7,"key":"SMITH"},{"floor":10,"key":"REST"},{"data":"Rip and Tear","floor":12,"key":"SMITH"},{"data":"Dualcast","floor":15,"key":"SMITH"},{"floor":23,"key":"REST"},{"floor":25,"key":"REST"},{"floor":27,"key":"REST"},{"data":"Zap","floor":32,"key":"SMITH"}],"neow_cost":"CURSE","seed_source_timestamp":592359379229139,"circlet_count":0,"master_deck":["Strike_B","Strike_B","Strike_B","Defend_B","Defend_B","Defend_B+1","Defend_B","Zap+1","Dualcast+1","Compile Driver+1","Leap+1","Sweeping Beam+1","Sunder","Rip and Tear+1","Fission+1","Ball Lightning","Meteor Strike","Conserve Battery","Electrodynamics","Melter+1","Rebound+1","Multi-Cast","Conserve Battery+1","Undo","Redo+1"],"relics":["Cracked Core","Gremlin Horn","Regal Pillow","War Paint","Ectoplasm","Whetstone","Symbiotic Virus","Bottled Flame"],"potions_floor_usage":[5,8,24,29],"damage_taken":[{"damage":1,"enemies":"Cultist","floor":1,"turns":3},{"damage":0,"enemies":"Small Slimes","floor":2,"turns":3},{"damage":0,"enemies":"Jaw Worm","floor":3,"turns":3},{"damage":8,"enemies":"Large Slime","floor":5,"turns":4},{"damage":26,"enemies":"Lagavulin","floor":6,"turns":6},{"damage":0,"enemies":"Exordium Thugs","floor":8,"turns":1},{"damage":36,"enemies":"Gremlin Nob","floor":11,"turns":5},{"damage":18,"enemies":"Slime Boss","floor":16,"turns":8},{"damage":8,"enemies":"Shell Parasite","floor":18,"turns":4},{"damage":0,"enemies":"Chosen","floor":20,"turns":3},{"damage":0,"enemies":"Snecko","floor":21,"turns":3},{"damage":13,"enemies":"Centurion and Healer","floor":22,"turns":4},{"damage":61,"enemies":"Book of Stabbing","floor":24,"turns":6},{"damage":0,"enemies":"Chosen and Byrds","floor":28,"turns":4},{"damage":20,"enemies":"Slavers","floor":29,"turns":4},{"damage":0,"enemies":"Sentry and Sphere","floor":30,"turns":2},{"damage":66,"enemies":"Champ","floor":33,"turns":7}],"seed_played":"2980342070880973778","potions_obtained":[{"floor":1,"key":"AttackPotion"},{"floor":5,"key":"SmokeBomb"},{"floor":16,"key":"Energy Potion"},{"floor":18,"key":"FocusPotion"},{"floor":20,"key":"Poison Potion"},{"floor":29,"key":"FocusPotion"},{"floor":30,"key":"SteroidPotion"}],"is_trial":false,"path_per_floor":["M","M","M","$","M","E","R","M","T","R","E","R","?","?","R","B",null,"M","$","M","M","M","R","E","R","T","R","M","E","M","?","R","B"],"character_chosen":"DEFECT","items_purchased":["Sunder","Electrodynamics"],"campfire_rested":4,"item_purchase_floors":[4,19],"current_hp_per_floor":[81,81,81,81,73,47,47,47,47,88,52,52,52,52,52,34,73,65,65,65,65,52,86,25,65,65,86,86,66,66,66,66,0],"gold":210,"neow_bonus":"TWENTY_PERCENT_HP_BONUS","is_prod":false,"is_daily":false,"chose_seed":false,"campfire_upgraded":4,"win_rate":0,"timestamp":1560906511,"path_taken":["M","?","M","$","M","E","R","M","T","R","E","R","?","?","R","BOSS","M","$","?","M","M","R","E","R","T","R","M","E","M","?","R","BOSS"],"build_version":"2019-01-23","purchased_purges":0,"victory":false,"max_hp_per_floor":[89,89,89,89,89,89,89,89,89,89,89,89,89,86,86,86,86,86,86,86,86,86,86,86,86,86,86,86,86,86,86,86,86],"card_choices":[{"not_picked":["Steam","Turbo"],"picked":"Compile Driver","floor":1},{"not_picked":["Fusion","Skim"],"picked":"Leap","floor":2},{"not_picked":["Cold Snap","Melter"],"picked":"Sweeping Beam","floor":3},{"not_picked":["Leap","Conserve Battery"],"picked":"Rip and Tear","floor":5},{"not_picked":["Lockon","Ball Lightning"],"picked":"Fission","floor":6},{"not_picked":["Leap","Barrage"],"picked":"Ball Lightning","floor":11},{"not_picked":["Amplify","Thunder Strike"],"picked":"Meteor Strike","floor":16},{"not_picked":["Beam Cell","Sweeping Beam"],"picked":"Conserve Battery","floor":18},{"not_picked":["Thunder Strike","Beam Cell"],"picked":"Melter+1","floor":20},{"not_picked":["Coolheaded","White Noise","Rebound"],"picked":"SKIP","floor":21},{"not_picked":["Go for the Eyes","Steam"],"picked":"Rebound+1","floor":22},{"not_picked":["Streamline","Leap"],"picked":"Multi-Cast","floor":24},{"not_picked":["Beam Cell","Cold Snap"],"picked":"Conserve Battery+1","floor":28},{"not_picked":["Sunder+1","Scrape+1"],"picked":"Undo","floor":29},{"not_picked":["Beam Cell","Leap"],"picked":"Redo+1","floor":30}],"player_experience":423680,"relics_obtained":[{"floor":6,"key":"Gremlin Horn"},{"floor":9,"key":"Regal Pillow"},{"floor":11,"key":"War Paint"},{"floor":24,"key":"Whetstone"},{"floor":26,"key":"Symbiotic Virus"},{"floor":29,"key":"Bottled Flame"}],"event_choices":[{"damage_healed":0,"gold_gain":175,"player_choice":"AGREE","damage_taken":0,"max_hp_gain":0,"max_hp_loss":0,"event_name":"Liars Game","floor":13,"gold_loss":0,"cards_obtained":["Doubt"]},{"cards_removed":["Doubt","Parasite"],"damage_healed":0,"gold_gain":0,"player_choice":"Removed Curses","damage_taken":0,"max_hp_gain":0,"max_hp_loss":0,"event_name":"Fountain of Cleansing","floor":14,"gold_loss":0},{"cards_removed":["Strike_B"],"damage_healed":0,"gold_gain":0,"player_choice":"Gave Gold","damage_taken":0,"max_hp_gain":0,"max_hp_loss":0,"event_name":"Beggar","floor":31,"gold_loss":75}],"is_beta":false,"boss_relics":[{"not_picked":["Runic Pyramid","Lizard Tail"],"picked":"Ectoplasm"}],"items_purged_floors":[],"is_endless":false,"potions_floor_spawned":[1,5,8,16,18,20,21,29,30],"killed_by":"Champ","ascension_level":8}