{"gold_per_floor":[113,113,124,124,141,141,174,174,174,174,189,222,222,235,235,235],"floor_reached":16,"playtime":796,"items_purged":[],"score":215,"play_id":"cbda147f-dc50-48e4-b40d-329259052613","local_time":"20190119234409","is_ascension_mode":true,"campfire_choices":[{"data":"Sucker Punch","floor":6,"key":"SMITH"},{"floor":10,"key":"REST"},{"data":"Malaise","floor":13,"key":"SMITH"},{"floor":15,"key":"REST"}],"neow_cost":"NONE","seed_source_timestamp":306315732032458,"circlet_count":0,"master_deck":["AscendersBane","Defend_G","Defend_G","Defend_G","Defend_G","Defend_G","Strike_G","Strike_G","Strike_G","Strike_G","Strike_G","Survivor","Neutralize+1","Leg Sweep","Sucker Punch+1","Poisoned Stab","Terror","Malaise+1"],"relics":["Ring of the Snake","Bottled Lightning","NlothsMask","Vajra"],"potions_floor_usage":[5,7,7,12],"damage_taken":[{"damage":1,"enemies":"Small Slimes","floor":1,"turns":5},{"damage":11,"enemies":"Jaw Worm","floor":3,"turns":7},{"damage":3,"enemies":"Cultist","floor":5,"turns":4},{"damage":34,"enemies":"3 Sentries","floor":7,"turns":20},{"damage":0,"enemies":"Blue Slaver","floor":11,"turns":4},{"damage":28,"enemies":"Gremlin Nob","floor":12,"turns":5},{"damage":1,"enemies":"Looter","floor":14,"turns":4},{"damage":36,"enemies":"Slime Boss","floor":16,"turns":9}],"seed_played":"6608687859516430885","potions_obtained":[{"floor":1,"key":"EssenceOfSteel"},{"floor":3,"key":"Poison Potion"},{"floor":5,"key":"GamblersBrew"},{"floor":11,"key":"Block Potion"}],"is_trial":false,"path_per_floor":["M","?","M","?","M","R","E","?","T","R","M","E","R","M","R","B"],"character_chosen":"THE_SILENT","items_purchased":[],"campfire_rested":2,"item_purchase_floors":[],"current_hp_per_floor":[64,69,58,58,55,55,21,21,21,44,44,16,16,15,38,2],"gold":235,"neow_bonus":"TEN_PERCENT_HP_BONUS","is_prod":false,"is_daily":false,"chose_seed":false,"campfire_upgraded":2,"win_rate":0,"timestamp":1547941449,"path_taken":["M","?","M","?","M","R","E","?","T","R","M","E","R","M","R","BOSS"],"build_version":"2019-01-17v2","purchased_purges":0,"victory":false,"max_hp_per_floor":[72,77,77,77,77,77,77,77,77,77,77,77,77,77,77,77],"card_choices":[{"not_picked":["Distraction","Prepared"],"picked":"Leg Sweep","floor":1},{"not_picked":["Underhanded Strike","Reflex","Finisher"],"picked":"SKIP","floor":3},{"not_picked":["Cloak And Dagger","Quick Slash"],"picked":"Sucker Punch","floor":5},{"not_picked":["Terror","Underhanded Strike"],"picked":"Poisoned Stab","floor":7},{"not_picked":["Flying Knee","Dagger Spray"],"picked":"Terror","floor":11},{"not_picked":["Bullet Time","Expertise"],"picked":"Malaise","floor":12},{"not_picked":["Caltrops","Reflex","Distraction"],"picked":"SKIP","floor":14}],"player_experience":1199426,"relics_obtained":[{"floor":7,"key":"Bottled Lightning"},{"floor":12,"key":"Vajra"}],"event_choices":[{"damage_healed":0,"gold_gain":0,"player_choice":"Donut","damage_taken":0,"max_hp_gain":5,"max_hp_loss":0,"event_name":"Big Fish","floor":2,"gold_loss":0},{"damage_healed":0,"gold_gain":0,"player_choice":"Grow","damage_taken":0,"max_hp_gain":0,"max_hp_loss":0,"event_name":"Living Wall","floor":4,"gold_loss":0,"cards_upgraded":["Neutralize"]},{"damage_healed":0,"gold_gain":0,"player_choice":"Trade","damage_taken":0,"relics_obtained":["NlothsMask"],"max_hp_gain":0,"max_hp_loss":0,"event_name":"FaceTrader","floor":8,"gold_loss":0}],"is_beta":false,"boss_relics":[],"items_purged_floors":[],"is_endless":false,"potions_floor_spawned":[1,3,5,11],"killed_by":"Slime Boss","ascension_level":19}