{"gold_per_floor":[111,111,33,51,51,82,82,102,102,136,64,44],"floor_reached":12,"playtime":352,"items_purged":[],"score":172,"play_id":"7cddffd3-5e26-4f05-a864-0751109e9acd","local_time":"20190127163603","is_ascension_mode":true,"campfire_choices":[{"floor":7,"key":"REST"}],"neow_cost":"NONE","seed_source_timestamp":303346794292300,"circlet_count":0,"master_deck":["AscendersBane","Defend_G","Defend_G","Defend_G","Defend_G+1","Defend_G+1","Strike_G","Strike_G","Strike_G","Strike_G","Strike_G","Survivor","Neutralize","Sucker Punch","Writhe","Noxious Fumes","Bane","Leg Sweep","Distraction","Parasite","Dodge and Roll"],"relics":["Cursed Key","Matryoshka","Pear","War Paint","Mummified Hand","Molten Egg 2"],"potions_floor_usage":[],"damage_taken":[{"damage":1,"enemies":"Cultist","floor":1,"turns":4},{"damage":4,"enemies":"2 Louse","floor":4,"turns":4},{"damage":47,"enemies":"3 Sentries","floor":6,"turns":9},{"damage":0,"enemies":"Jaw Worm","floor":8,"turns":4},{"damage":37,"enemies":"Lagavulin","floor":10,"turns":9},{"damage":11,"enemies":"Looter","floor":12,"turns":1}],"seed_played":"6048070117628615786","potions_obtained":[{"floor":4,"key":"Weak Potion"}],"is_trial":false,"path_per_floor":["M","T","$","M","?","E","R","M","T","E","?","M"],"character_chosen":"THE_SILENT","items_purchased":["Noxious Fumes"],"campfire_rested":1,"item_purchase_floors":[3],"current_hp_per_floor":[58,58,58,54,54,17,39,39,39,2,2,0],"gold":44,"neow_bonus":"BOSS_RELIC","is_prod":false,"is_daily":false,"chose_seed":false,"campfire_upgraded":0,"win_rate":0,"timestamp":1548606963,"path_taken":["M","?","$","?","?","E","R","M","T","E","?","M"],"build_version":"2019-01-23","purchased_purges":0,"victory":false,"max_hp_per_floor":[66,66,66,66,66,76,76,76,76,76,76,76],"card_choices":[{"not_picked":["Quick Slash","Prepared"],"picked":"Sucker Punch","floor":1},{"not_picked":["Setup","Sucker Punch"],"picked":"Bane","floor":4},{"not_picked":["Deflect","Sucker Punch"],"picked":"Leg Sweep","floor":6},{"not_picked":["Tactician","Concentrate"],"picked":"Distraction","floor":8},{"not_picked":["Expertise","Sucker Punch"],"picked":"Dodge and Roll","floor":10}],"player_experience":1227055,"relics_obtained":[{"floor":2,"key":"Matryoshka"},{"floor":6,"key":"Pear"},{"floor":9,"key":"War Paint"},{"floor":9,"key":"Mummified Hand"},{"floor":10,"key":"Molten Egg 2"}],"event_choices":[{"damage_healed":0,"gold_gain":0,"player_choice":"Leave","damage_taken":0,"max_hp_gain":0,"max_hp_loss":0,"event_name":"The Cleric","floor":5,"gold_loss":0},{"damage_healed":0,"gold_gain":0,"player_choice":"Left Gold","damage_taken":0,"max_hp_gain":0,"max_hp_loss":0,"event_name":"World of Goop","floor":11,"gold_loss":72}],"is_beta":false,"boss_relics":[],"items_purged_floors":[],"is_endless":false,"potions_floor_spawned":[4],"killed_by":"Looter","ascension_level":20}