{"gold_per_floor":[113,123,133,46,121,121,131,145,193,193,225,225,290,290,290,390,390,410,410,421,270,286,344,344,186,186,186,204,204,204,220,220,220],"floor_reached":33,"playtime":1789,"items_purged":[],"score":278,"play_id":"18cb0426-a092-49e7-b9ed-87d32bdc60d1","local_time":"20190612043358","is_ascension_mode":true,"campfire_choices":[{"data":"Reflex","floor":6,"key":"SMITH"},{"data":"Prepared","floor":10,"key":"SMITH"},{"data":"Dash","floor":12,"key":"SMITH"},{"data":"Deadly Poison","floor":15,"key":"SMITH"},{"floor":24,"key":"REST"},{"data":"Phantasmal Killer","floor":30,"key":"SMITH"},{"floor":32,"key":"REST"}],"neow_cost":"NONE","seed_source_timestamp":103588438670451,"circlet_count":0,"master_deck":["Defend_G","Defend_G","Defend_G","Defend_G","Defend_G","Strike_G","Strike_G","Strike_G","Strike_G","Strike_G","Survivor","Neutralize","Dash+1","PiercingWail","Deadly Poison+1","Reflex+1","Deadly Poison","Prepared+1","Outmaneuver","Crippling Poison","After Image","Footwork","Reflex","Outmaneuver","Phantasmal Killer+1","Quick Slash+1","Backstab"],"relics":["Ring of the Snake","NeowsBlessing","Art of War","Bottled Lightning","Gremlin Horn","Eternal Feather","Lantern","Tiny Chest","Mummified Hand","Matryoshka"],"potions_floor_usage":[11,11,18,20,22,23,33,33],"damage_taken":[{"damage":0,"enemies":"Cultist","floor":1,"turns":1},{"damage":0,"enemies":"Jaw Worm","floor":2,"turns":1},{"damage":0,"enemies":"2 Louse","floor":3,"turns":1},{"damage":1,"enemies":"Blue Slaver","floor":7,"turns":3},{"damage":0,"enemies":"2 Fungi Beasts","floor":8,"turns":4},{"damage":12,"enemies":"Gremlin Nob","floor":11,"turns":4},{"damage":17,"enemies":"The Guardian","floor":16,"turns":10},{"damage":18,"enemies":"3 Byrds","floor":18,"turns":5},{"damage":3,"enemies":"Shell Parasite","floor":20,"turns":5},{"damage":9,"enemies":"Sentry and Sphere","floor":22,"turns":7},{"damage":28,"enemies":"Slavers","floor":23,"turns":8},{"damage":0,"enemies":"Snecko","floor":28,"turns":6},{"damage":43,"enemies":"Snake Plant","floor":31,"turns":6},{"damage":65,"enemies":"Collector","floor":33,"turns":6}],"seed_played":"-6599225520123091504","potions_obtained":[{"floor":2,"key":"Explosive Potion"},{"floor":8,"key":"SkillPotion"},{"floor":16,"key":"Explosive Potion"},{"floor":18,"key":"EssenceOfSteel"},{"floor":19,"key":"AttackPotion"},{"floor":19,"key":"Poison Potion"},{"floor":22,"key":"SteroidPotion"},{"floor":28,"key":"Strength Potion"}],"is_trial":false,"path_per_floor":["M","M","M","$","?","R","M","M","T","R","E","R","?","T","R","B",null,"M","?","M","$","M","E","R","$","T","$","M","T","R","M","R","B"],"character_chosen":"THE_SILENT","items_purchased":["Reflex","Deadly Poison","Lantern","Phantasmal Killer"],"campfire_rested":2,"item_purchase_floors":[4,4,21,25],"current_hp_per_floor":[70,70,70,70,59,59,58,58,58,58,46,46,46,46,46,29,70,52,52,49,49,40,12,45,45,45,45,45,45,60,17,53,0],"gold":220,"neow_bonus":"THREE_ENEMY_KILL","is_prod":false,"is_daily":false,"chose_seed":false,"campfire_upgraded":5,"win_rate":0,"timestamp":1560339238,"path_taken":["M","?","M","$","?","R","M","M","T","R","E","R","?","?","R","BOSS","M","?","?","$","M","E","R","$","T","?","M","?","R","M","R","BOSS"],"build_version":"2019-01-23","purchased_purges":0,"victory":false,"max_hp_per_floor":[70,70,70,70,70,70,70,70,70,70,70,70,70,70,70,70,70,70,70,70,70,70,70,70,70,70,70,70,70,70,70,70,70],"card_choices":[{"not_picked":["Quick Slash","Dagger Throw"],"picked":"Dash","floor":1},{"not_picked":["Skewer","Dagger Spray"],"picked":"PiercingWail","floor":2},{"not_picked":["Flechettes","Acrobatics"],"picked":"Deadly Poison","floor":3},{"not_picked":["Blade Dance","Bouncing Flask"],"picked":"Prepared","floor":7},{"not_picked":["Quick Slash","Flying Knee"],"picked":"Outmaneuver","floor":8},{"not_picked":["Flechettes","Blade Dance"],"picked":"Crippling Poison","floor":11},{"not_picked":["Glass Knife","Unload"],"picked":"After Image","floor":16},{"not_picked":["Predator","Slice","Blade Dance"],"picked":"SKIP","floor":18},{"not_picked":["Underhanded Strike","Dagger Throw"],"picked":"Footwork","floor":20},{"not_picked":["Noxious Fumes","Bane"],"picked":"Reflex","floor":22},{"not_picked":["Concentrate","Predator"],"picked":"Outmaneuver","floor":23},{"not_picked":["Setup","Flying Knee+1"],"picked":"Quick Slash+1","floor":28},{"not_picked":["Dagger Throw","Slice"],"picked":"Backstab","floor":31}],"player_experience":182518,"relics_obtained":[{"floor":9,"key":"Art of War"},{"floor":11,"key":"Bottled Lightning"},{"floor":14,"key":"Gremlin Horn"},{"floor":23,"key":"Tiny Chest"},{"floor":26,"key":"Mummified Hand"},{"floor":29,"key":"Matryoshka"}],"event_choices":[{"damage_healed":0,"gold_gain":75,"player_choice":"Gather Gold","damage_taken":11,"max_hp_gain":0,"max_hp_loss":0,"event_name":"World of Goop","floor":5,"gold_loss":0},{"damage_healed":0,"gold_gain":65,"player_choice":"Gained Gold","damage_taken":0,"max_hp_gain":0,"max_hp_loss":0,"event_name":"Golden Wing","floor":13,"gold_loss":0},{"damage_healed":0,"gold_gain":0,"player_choice":"Got Potions","damage_taken":0,"max_hp_gain":0,"max_hp_loss":0,"event_name":"Lab","floor":19,"gold_loss":0}],"is_beta":false,"boss_relics":[{"not_picked":["Orrery","Runic Pyramid"],"picked":"Eternal Feather"}],"items_purged_floors":[],"is_endless":false,"potions_floor_spawned":[2,8,16,18,22,28],"killed_by":"Collector","ascension_level":1}