{"path_per_floor":["M","?","?","M","M","R","E","R","T","M","$","E","$","M","R","B",null,"M","?","?","?","?","R","M","M","T","R","E","?","R","E","R"],"character_chosen":"THE_SILENT","items_purchased":["Noxious Fumes","Oddly Smooth Stone","Poisoned Stab"],"gold_per_floor":[118,118,218,238,249,249,278,278,302,312,24,57,6,16,16,117,117,128,128,128,128,28,28,41,59,59,59,85,85,85,112,112],"floor_reached":33,"campfire_rested":2,"playtime":3008,"current_hp_per_floor":[67,53,53,53,52,52,35,35,35,32,32,13,13,13,34,30,70,53,53,53,53,53,53,53,41,41,41,22,6,28,39,39],"items_purged":["Strike_G"],"gold":112,"play_id":"f4891022-5953-4b22-8204-4931d71713a1","is_prod":false,"is_daily":false,"campfire_rituals":0,"campfire_upgraded":5,"is_hardmode":false,"path_taken":["M","?","?","M","M","R","E","R","T","M","?","E","$","M","R","BOSS","M","?","?","?","?","R","M","M","T","R","E","?","R","E","R","BOSS"],"build_version":"2018-01-18-PROD3","purchased_purges":1,"victory":false,"master_deck":["Defend_G","Defend_G","Defend_G","Defend_G","Defend_G","Strike_G","Strike_G","Strike_G","Strike_G","Survivor","Neutralize","Blur","Escape Plan","Quick Slash","Catalyst","Noxious Fumes","Leg Sweep","Poisoned Stab","PiercingWail","Bullet Time","Backflip","J.A.X.","Backflip"],"max_hp_per_floor":[70,70,70,70,70,70,70,70,70,70,70,70,70,70,70,70,70,70,70,70,70,70,70,72,74,74,74,76,76,76,76,76],"relics":["Ring of the Snake","Juzu Bracelet","Singing Bowl","Oddly Smooth Stone","Bottled Lightning","Philosopher\u0027s Stone","Peace Pipe","Gambling Chip","Nilry\u0027s Codex","Dodecahedron"],"campfire_meditates":0,"card_choices":[{"not_picked":["Dodge and Roll","Caltrops"],"picked":"Blur"},{"not_picked":["Quick Slash","Flechettes"],"picked":"Escape Plan"},{"not_picked":["PiercingWail","Crippling Poison"],"picked":"Quick Slash"},{"not_picked":["Dodge and Roll","Infinite Blades"],"picked":"Catalyst"},{"not_picked":["Acrobatics","Prepared"],"picked":"Leg Sweep"},{"not_picked":["Blade Dance","Crippling Poison"],"picked":"PiercingWail"},{"not_picked":["Phantasmal Killer","Venomology"],"picked":"Bullet Time"},{"not_picked":["Quick Slash","Setup"],"picked":"Backflip"},{"not_picked":["Deflect","Poisoned Stab"],"picked":"Backflip"}],"player_experience":236747,"potions_floor_usage":[12,28,31,31,33],"damage_taken":[{"damage":3,"enemies":"2 Louse","floor":1,"turns":3},{"damage":0,"enemies":"Cultist","floor":4,"turns":4},{"damage":1,"enemies":"Jaw Worm","floor":5,"turns":6},{"damage":17,"enemies":"3 Sentries","floor":7,"turns":13},{"damage":3,"enemies":"Lots of Slimes","floor":10,"turns":6},{"damage":31,"enemies":"Gremlin Nob","floor":12,"turns":5},{"damage":0,"enemies":"Exordium Wildlife","floor":14,"turns":5},{"damage":4,"enemies":"Hexaghost","floor":16,"turns":12},{"damage":17,"enemies":"Spheric Guardian","floor":18,"turns":7},{"damage":2,"enemies":"Shell Parasite","floor":24,"turns":6},{"damage":14,"enemies":"Chosen and Byrds","floor":25,"turns":8},{"damage":36,"enemies":"Gremlin Leader","floor":28,"turns":11},{"damage":4,"enemies":"Slavers","floor":31,"turns":7},{"damage":42,"enemies":"Champ","floor":33,"turns":11}],"event_choices":[{"event_name":"Shining Light","player_choice":"Entered Light","floor":2,"damage_taken":0},{"event_name":"Golden Shrine","player_choice":"Pray","floor":3,"damage_taken":0},{"event_name":"The Lab","player_choice":"Got Potions","floor":19,"damage_taken":0},{"event_name":"The Woman in Blue","player_choice":"Bought 0 Potions","floor":20,"damage_taken":0},{"event_name":"Back to Basics","player_choice":"Simplicity","floor":21,"damage_taken":0},{"event_name":"Drug Dealer","player_choice":"Got JAXXED","floor":22,"damage_taken":0},{"event_name":"Cursed Tome","player_choice":"Obtained Book","floor":29,"damage_taken":0}],"boss_relics":[{"not_picked":["Eternal Feather","Pandora\u0027s Box"],"picked":"Philosopher\u0027s Stone"}],"potions_floor_spawned":[1,7,12,16,24,28],"seed_played":"8321695372530598302","killed_by":"Champ","is_trial":false}