{"gold_per_floor":[118,218,231,245,257,257,290,303,303,303],"floor_reached":10,"playtime":293,"items_purged":[],"score":140,"play_id":"d4779272-ab86-4754-8f2f-240042704452","local_time":"20190127164108","is_ascension_mode":true,"campfire_choices":[{"data":"Neutralize","floor":6,"key":"SMITH"}],"neow_cost":"NONE","seed_source_timestamp":303711362005000,"circlet_count":0,"master_deck":["AscendersBane","Defend_G","Defend_G","Defend_G","Defend_G","Defend_G","Strike_G","Strike_G","Strike_G","Strike_G","Strike_G","Survivor","Neutralize+1","Bouncing Flask","Backstab","Backflip","Dagger Spray","Noxious Fumes"],"relics":["Ring of the Snake","NeowsBlessing","Regal Pillow","The Specimen"],"potions_floor_usage":[5,7,7,7,7],"damage_taken":[{"damage":0,"enemies":"Small Slimes","floor":1,"turns":1},{"damage":0,"enemies":"Cultist","floor":3,"turns":1},{"damage":0,"enemies":"Jaw Worm","floor":4,"turns":1},{"damage":14,"enemies":"Exordium Thugs","floor":5,"turns":5},{"damage":18,"enemies":"Lagavulin","floor":7,"turns":6},{"damage":1,"enemies":"Large Slime","floor":8,"turns":4},{"damage":45,"enemies":"Gremlin Nob","floor":10,"turns":4}],"seed_played":"-1016134941516209205","potions_obtained":[{"floor":1,"key":"Poison Potion"},{"floor":4,"key":"EntropicBrew"},{"floor":5,"key":"Weak Potion"}],"is_trial":false,"path_per_floor":["M","?","M","M","M","R","E","M","T","E"],"character_chosen":"THE_SILENT","items_purchased":[],"campfire_rested":0,"item_purchase_floors":[],"current_hp_per_floor":[59,59,59,59,45,45,27,26,26,0],"gold":303,"neow_bonus":"THREE_ENEMY_KILL","is_prod":false,"is_daily":false,"chose_seed":false,"campfire_upgraded":1,"win_rate":0,"timestamp":1548607268,"path_taken":["M","?","?","?","M","R","E","M","T","E"],"build_version":"2019-01-23","purchased_purges":0,"victory":false,"max_hp_per_floor":[66,66,66,66,66,66,66,66,66,66],"card_choices":[{"not_picked":["Finisher","Quick Slash"],"picked":"Bouncing Flask","floor":1},{"not_picked":["Eviscerate","Crippling Poison"],"picked":"Backstab","floor":3},{"not_picked":["Dodge and Roll","Outmaneuver"],"picked":"Backflip","floor":4},{"not_picked":["Outmaneuver","Prepared","Blade Dance"],"picked":"SKIP","floor":5},{"not_picked":["Bane","Setup"],"picked":"Dagger Spray","floor":7},{"not_picked":["Eviscerate","Deadly Poison"],"picked":"Noxious Fumes","floor":8}],"player_experience":1227407,"relics_obtained":[{"floor":7,"key":"Regal Pillow"},{"floor":9,"key":"The Specimen"}],"event_choices":[{"damage_healed":0,"gold_gain":100,"player_choice":"Gold","damage_taken":0,"max_hp_gain":0,"max_hp_loss":0,"event_name":"Wheel of Change","floor":2,"gold_loss":0}],"is_beta":false,"boss_relics":[],"items_purged_floors":[],"is_endless":false,"potions_floor_spawned":[1,4,5,8],"killed_by":"Gremlin Nob","ascension_level":20}