{"gold_per_floor":[119,119,84,100,117,117,145,172,172,89,89,109,121,92,92,92],"floor_reached":16,"playtime":498,"items_purged":[],"score":195,"play_id":"bfdb9fb6-6f1b-4a8d-a19f-13314d32679c","local_time":"20190116162217","is_ascension_mode":true,"campfire_choices":[{"data":"Bash","floor":6,"key":"SMITH"},{"floor":11,"key":"REST"},{"floor":15,"key":"REST"}],"neow_cost":"NONE","seed_source_timestamp":20902136812327,"circlet_count":0,"master_deck":["AscendersBane","Strike_R","Strike_R","Strike_R","Strike_R","Strike_R","Defend_R","Defend_R","Defend_R","Defend_R","Bash+1","Cleave","Clash","Feel No Pain+1","Heavy Blade","Pommel Strike","Warcry"],"relics":["Burning Blood","Mercury Hourglass","Frozen Egg 2","Odd Mushroom","Self Forming Clay"],"potions_floor_usage":[7,8,16,16],"damage_taken":[{"damage":10,"enemies":"2 Louse","floor":1,"turns":2},{"damage":7,"enemies":"Small Slimes","floor":4,"turns":3},{"damage":1,"enemies":"Cultist","floor":5,"turns":4},{"damage":28,"enemies":"Lagavulin","floor":7,"turns":5},{"damage":27,"enemies":"The Mushroom Lair","floor":8,"turns":3},{"damage":11,"enemies":"Looter","floor":12,"turns":3},{"damage":28,"enemies":"Exordium Thugs","floor":13,"turns":4},{"damage":52,"enemies":"Hexaghost","floor":16,"turns":9}],"seed_played":"2115421775380369482","potions_obtained":[{"floor":1,"key":"EssenceOfSteel"},{"floor":7,"key":"PowerPotion"},{"floor":12,"key":"SteroidPotion"},{"floor":13,"key":"Energy Potion"}],"is_trial":false,"path_per_floor":["M","?","?","M","M","R","E","?","T","$","R","M","M","$","R","B"],"character_chosen":"IRONCLAD","items_purchased":["Feel No Pain+1","Warcry"],"campfire_rested":2,"item_purchase_floors":[10,14],"current_hp_per_floor":[71,53,73,72,77,77,55,34,34,34,58,53,31,31,55,3],"gold":92,"neow_bonus":"TEN_PERCENT_HP_BONUS","is_prod":false,"is_daily":false,"chose_seed":false,"campfire_upgraded":1,"win_rate":0,"timestamp":1547655737,"path_taken":["M","?","?","M","M","R","E","?","T","$","R","M","M","?","R","BOSS"],"build_version":"2019-01-10","purchased_purges":0,"victory":false,"max_hp_per_floor":[82,82,82,82,82,82,82,82,82,82,82,82,82,82,82,82],"card_choices":[{"not_picked":["Second Wind","Corruption","Wild Strike"],"picked":"SKIP","floor":1},{"not_picked":["Thunderclap","Intimidate"],"picked":"Cleave","floor":4},{"not_picked":["Sentinel","Cleave","Offering"],"picked":"SKIP","floor":5},{"not_picked":["Thunderclap","Uppercut","Clothesline"],"picked":"SKIP","floor":7},{"not_picked":["Wild Strike","Body Slam"],"picked":"Clash","floor":8},{"not_picked":["Thunderclap","Warcry"],"picked":"Heavy Blade","floor":12},{"not_picked":["Battle Trance","Seeing Red"],"picked":"Pommel Strike","floor":13}],"player_experience":1157084,"relics_obtained":[{"floor":7,"key":"Frozen Egg 2"},{"floor":8,"key":"Odd Mushroom"},{"floor":9,"key":"Self Forming Clay"}],"event_choices":[{"damage_healed":0,"gold_gain":0,"player_choice":"Success","damage_taken":18,"relics_obtained":["Mercury Hourglass"],"max_hp_gain":0,"max_hp_loss":0,"event_name":"Scrap Ooze","floor":2,"gold_loss":0},{"damage_healed":20,"gold_gain":0,"player_choice":"Healed","damage_taken":0,"max_hp_gain":0,"max_hp_loss":0,"event_name":"The Cleric","floor":3,"gold_loss":35},{"damage_healed":0,"gold_gain":0,"player_choice":"Fought Mushrooms","damage_taken":0,"max_hp_gain":0,"max_hp_loss":0,"event_name":"Mushrooms","floor":8,"gold_loss":0}],"is_beta":false,"boss_relics":[],"items_purged_floors":[],"is_endless":false,"potions_floor_spawned":[1,7,12,13],"killed_by":"Hexaghost","ascension_level":19}