{"gold_per_floor":[114,127,127,142,157,483,483,513,513,547,547,576,166,185,185,259,259,272,288,288,301,8,8,27,27,27,27,27,37,37,48,48,121,121,138,158,158,113,133,133,133,53,53,53,63,63,63,77,77,77],"floor_reached":51,"playtime":3686,"items_purged":["Strike_G","Strike_G"],"score":1236,"play_id":"71a5f5ec-4c48-43bc-b190-176683f8bd23","local_time":"20190706190226","is_ascension_mode":true,"campfire_choices":[{"data":"Dash","floor":7,"key":"SMITH"},{"floor":11,"key":"REST"},{"data":"Footwork","floor":15,"key":"SMITH"},{"data":"Phantasmal Killer","floor":23,"key":"SMITH"},{"data":"Noxious Fumes","floor":25,"key":"SMITH"},{"data":"Dash","floor":27,"key":"SMITH"},{"floor":32,"key":"REST"},{"data":"Catalyst","floor":40,"key":"SMITH"},{"data":"Leg Sweep","floor":41,"key":"SMITH"},{"data":"Bouncing Flask","floor":44,"key":"SMITH"},{"floor":46,"key":"REST"},{"data":"After Image","floor":49,"key":"SMITH"}],"neow_cost":"NONE","seed_source_timestamp":673703713265747,"circlet_count":0,"master_deck":["AscendersBane","Defend_G+1","Defend_G+1","Defend_G+1","Defend_G+1","Defend_G+1","Survivor","Neutralize","Footwork+1","Cloak And Dagger","Dash+1","Flying Knee","Noxious Fumes+1","Phantasmal Killer+1","Dash+1","PiercingWail","Deadly Poison+1","Leg Sweep+1","Storm of Steel","Dash","Underhanded Strike","Catalyst+1","Bouncing Flask+1","After Image+1","Quick Slash"],"relics":["Runic Pyramid","Meat on the Bone","Old Coin","Dead Branch","Calipers","WingedGreaves","Happy Flower","Tough Bandages","Empty Cage","OrangePellets","Snake Skull","HoveringKite","Paper Crane"],"potions_floor_usage":[8,19],"damage_taken":[{"damage":0,"enemies":"2 Louse","floor":1,"turns":4},{"damage":4,"enemies":"Jaw Worm","floor":2,"turns":5},{"damage":1,"enemies":"Cultist","floor":4,"turns":4},{"damage":9,"enemies":"3 Louse","floor":5,"turns":5},{"damage":15,"enemies":"3 Sentries","floor":6,"turns":10},{"damage":1,"enemies":"Lagavulin","floor":8,"turns":9},{"damage":23,"enemies":"Gremlin Nob","floor":10,"turns":5},{"damage":0,"enemies":"Lagavulin","floor":12,"turns":7},{"damage":0,"enemies":"Blue Slaver","floor":14,"turns":4},{"damage":0,"enemies":"Hexaghost","floor":16,"turns":10},{"damage":12,"enemies":"Chosen","floor":18,"turns":6},{"damage":18,"enemies":"3 Byrds","floor":19,"turns":5},{"damage":1,"enemies":"Sentry and Sphere","floor":21,"turns":6},{"damage":13,"enemies":"Snake Plant","floor":24,"turns":6},{"damage":13,"enemies":"Colosseum Slavers","floor":28,"turns":4},{"damage":16,"enemies":"Chosen and Byrds","floor":29,"turns":8},{"damage":0,"enemies":"Snecko","floor":31,"turns":6},{"damage":34,"enemies":"Champ","floor":33,"turns":15},{"damage":0,"enemies":"Orb Walker","floor":35,"turns":5},{"damage":0,"enemies":"3 Shapes","floor":36,"turns":4},{"damage":0,"enemies":"Writhing Mass","floor":39,"turns":10},{"damage":19,"enemies":"Jaw Worm Horde","floor":45,"turns":8},{"damage":0,"enemies":"Maw","floor":48,"turns":8},{"damage":25,"enemies":"Time Eater","floor":50,"turns":18}],"seed_played":"-3797459779060241916","potions_obtained":[{"floor":2,"key":"SneckoOil"},{"floor":5,"key":"Weak Potion"},{"floor":6,"key":"LiquidBronze"},{"floor":16,"key":"Weak Potion"},{"floor":18,"key":"GhostInAJar"},{"floor":20,"key":"LiquidBronze"},{"floor":31,"key":"SpeedPotion"},{"floor":36,"key":"GhostInAJar"}],"is_trial":false,"path_per_floor":["M","M","?","M","M","E","R","E","T","E","R","E","$","M","R","B",null,"M","M","?","M","$","R","M","R","T","R","?","M","?","M","R","B",null,"M","M","?","$","M","R","R","$","T","R","M","R","?","M","R","B",null],"character_chosen":"THE_SILENT","items_purchased":["Noxious Fumes","Tough Bandages","OrangePellets","Underhanded Strike","Bouncing Flask"],"campfire_rested":3,"item_purchase_floors":[13,13,22,38,42],"current_hp_per_floor":[59,55,43,42,45,42,42,41,41,30,49,49,49,49,49,49,62,50,44,44,43,43,43,42,42,42,42,41,37,37,37,56,34,58,58,58,58,58,58,58,58,58,58,58,39,58,58,58,58,45],"gold":77,"neow_bonus":"BOSS_RELIC","is_prod":false,"is_daily":false,"chose_seed":false,"campfire_upgraded":9,"win_rate":0,"timestamp":1562410946,"path_taken":["M","M","?","M","M","E","R","E","T","E","R","E","$","M","R","BOSS","M","M","?","M","$","R","?","R","T","R","?","M","?","M","R","BOSS","M","M","?","$","M","R","R","?","T","R","M","R","?","?","R","BOSS"],"build_version":"2019-07-05","purchased_purges":2,"victory":true,"max_hp_per_floor":[66,66,66,66,66,66,66,66,66,66,66,66,66,66,66,66,66,66,66,66,66,66,66,66,66,66,66,66,66,66,66,66,66,66,66,66,66,66,66,66,66,66,66,66,66,66,66,66,66,66],"card_choices":[{"not_picked":["Acrobatics","Dagger Throw","Choke"],"picked":"SKIP","floor":1},{"not_picked":["Slice","Dagger Throw"],"picked":"Dagger Spray","floor":2},{"not_picked":["Predator","Dodge and Roll"],"picked":"Footwork","floor":4},{"not_picked":["Underhanded Strike","Deadly Poison"],"picked":"Cloak And Dagger","floor":5},{"not_picked":["Quick Slash","Reflex"],"picked":"Dash","floor":6},{"not_picked":["Acrobatics","Prepared"],"picked":"Flying Knee","floor":8},{"not_picked":["Masterful Stab","Slice","Wraith Form v2"],"picked":"SKIP","floor":10},{"not_picked":["Flying Knee","Footwork","Dagger Spray"],"picked":"SKIP","floor":12},{"not_picked":["Flying Knee","Sucker Punch","Cloak And Dagger"],"picked":"SKIP","floor":14},{"not_picked":["Burst","Adrenaline"],"picked":"Phantasmal Killer","floor":16},{"not_picked":["Quick Slash+1","Distraction"],"picked":"Dash","floor":18},{"not_picked":["Sucker Punch","Flying Knee","Deflect"],"picked":"SKIP","floor":19},{"not_picked":["Sucker Punch","Cloak And Dagger"],"picked":"PiercingWail","floor":21},{"not_picked":["Sucker Punch","Flying Knee","Infinite Blades"],"picked":"SKIP","floor":24},{"not_picked":["Skewer","Blade Dance"],"picked":"Deadly Poison+1","floor":29},{"not_picked":["Crippling Poison","Burst"],"picked":"Leg Sweep","floor":31},{"not_picked":["Unload","Glass Knife"],"picked":"Storm of Steel","floor":33},{"not_picked":["Well Laid Plans","Quick Slash","Expertise"],"picked":"SKIP","floor":35},{"not_picked":["Slice","Expertise"],"picked":"Dash","floor":36},{"not_picked":["Bane","Blade Dance"],"picked":"Catalyst","floor":39},{"not_picked":["Footwork","Distraction","Dagger Spray"],"picked":"SKIP","floor":45},{"not_picked":["Underhanded Strike","Expertise"],"picked":"Quick Slash","floor":48}],"player_experience":828022,"relics_obtained":[{"floor":6,"key":"Old Coin"},{"floor":8,"key":"Dead Branch"},{"floor":9,"key":"Calipers"},{"floor":10,"key":"WingedGreaves"},{"floor":12,"key":"Happy Flower"},{"floor":26,"key":"Snake Skull"},{"floor":43,"key":"Paper Crane"}],"event_choices":[{"damage_healed":0,"gold_gain":0,"player_choice":"Success","damage_taken":12,"relics_obtained":["Meat on the Bone"],"max_hp_gain":0,"max_hp_loss":0,"event_name":"Scrap Ooze","floor":3,"gold_loss":0},{"damage_healed":0,"gold_gain":0,"player_choice":"Got Potions","damage_taken":0,"max_hp_gain":0,"max_hp_loss":0,"event_name":"Lab","floor":20,"gold_loss":0},{"damage_healed":0,"gold_gain":0,"player_choice":"Fight","damage_taken":0,"max_hp_gain":0,"max_hp_loss":0,"event_name":"Colosseum","floor":28,"gold_loss":0},{"damage_healed":0,"gold_gain":0,"player_choice":"Fled From Nobs","damage_taken":0,"max_hp_gain":0,"max_hp_loss":0,"event_name":"Colosseum","floor":28,"gold_loss":0},{"damage_healed":0,"gold_gain":0,"player_choice":"Simplicity","damage_taken":0,"max_hp_gain":0,"max_hp_loss":0,"event_name":"Back to Basics","floor":30,"gold_loss":0,"cards_upgraded":["Strike_G","Defend_G","Defend_G","Defend_G","Defend_G","Defend_G"]},{"cards_removed":["Strike_G"],"damage_healed":0,"gold_gain":0,"player_choice":"Removed Attack","damage_taken":0,"max_hp_gain":0,"max_hp_loss":0,"event_name":"Falling","floor":37,"gold_loss":0},{"damage_healed":0,"gold_gain":0,"cards_transformed":["Dagger Spray"],"player_choice":"Transformed","damage_taken":0,"max_hp_gain":0,"max_hp_loss":0,"event_name":"Transmorgrifier","floor":47,"gold_loss":0,"cards_obtained":["After Image"]}],"is_beta":false,"boss_relics":[{"not_picked":["White Beast Statue","Calling Bell"],"picked":"Empty Cage"},{"not_picked":["Black Star","Orrery"],"picked":"HoveringKite"}],"items_purged_floors":[13,22],"is_endless":false,"potions_floor_spawned":[2,5,6,16,18,28,29,31,36,39,48],"ascension_level":14}