{"path_per_floor":["M","M","?","?","M","E","T","R","T","R","M","?","R","E","R","B",null,"M","$","M","M","M","E","M","M","T","M","R","?","?","M","R","B",null,"M","?","M","M","?","E","R","$","T"],"character_chosen":"THE_SILENT","items_purchased":["Matryoshka","Prayer Wheel","Apotheosis"],"gold_per_floor":[117,136,136,136,147,176,176,176,176,176,190,490,490,519,519,617,617,617,0,0,0,0,0,0,0,0,0,0,0,0,0,0,0,0,0,0,0,0,0,0,0,0,0],"floor_reached":44,"campfire_rested":4,"playtime":4132,"current_hp_per_floor":[70,70,56,56,55,39,39,39,39,39,43,31,52,52,52,22,70,68,68,68,66,58,28,25,25,25,13,34,34,34,21,42,17,70,62,70,42,42,42,12,33,33,33],"items_purged":[],"gold":0,"play_id":"7d5be092-eadb-4a7d-8240-39679fe43d41","is_prod":false,"is_daily":false,"campfire_rituals":0,"campfire_upgraded":3,"is_hardmode":false,"path_taken":["M","?","?","?","M","E","?","R","T","R","M","?","R","E","R","BOSS","M","$","M","M","M","E","M","M","T","M","R","?","?","M","R","BOSS","M","?","M","M","?","E","R","?","T","E"],"build_version":"2018-01-04-PROD1","purchased_purges":0,"victory":false,"master_deck":["Defend_G","Defend_G","Defend_G","Defend_G","Strike_G","Strike_G","Strike_G","Strike_G","Strike_G","Survivor","Neutralize","Flying Knee","Bullet Time","Quick Slash","Calculated Gamble","Deadly Poison","Dash","Die Die Die","Quick Slash","Apotheosis","Noxious Fumes","Dagger Throw","Footwork","Deflect","Deadly Poison","Dagger Throw","Backflip","Noxious Fumes","Endless Agony","Flying Knee","Tools of the Trade","Footwork","Writhe","Skewer","Predator","Flying Knee","PiercingWail"],"max_hp_per_floor":[70,70,70,70,70,70,70,70,70,70,70,70,70,70,70,70,70,70,70,70,70,70,70,70,70,70,70,70,70,70,70,70,70,70,70,70,70,70,70,70,70,70,70],"relics":["Ring of the Snake","Anchor","Happy Flower","Vajra","Old Coin","Juzu Bracelet","Ectoplasm","Matryoshka","Prayer Wheel","Pen Nib","Toxic Egg","The Specimen","Red Mask","Toolbox","Orichalcum","Bag of Preparation"],"campfire_meditates":0,"card_choices":[{"not_picked":["Prepared","Deadly Poison"],"picked":"Flying Knee"},{"not_picked":["Dodge and Roll","Eviscerate"],"picked":"Bullet Time"},{"not_picked":["Deflect","Prepared"],"picked":"Quick Slash"},{"not_picked":["Deflect","Night Terror"],"picked":"Calculated Gamble"},{"not_picked":["Sucker Punch","Endless Agony"],"picked":"Deadly Poison"},{"not_picked":["Poisoned Stab","Dagger Spray"],"picked":"Dash"},{"not_picked":["Doppelganger","Glass Knife"],"picked":"Die Die Die"},{"not_picked":["Dagger Spray","Sucker Punch"],"picked":"Quick Slash"},{"not_picked":["Quick Slash","Sucker Punch"],"picked":"Noxious Fumes"},{"not_picked":["Bullet Time","Well Laid Plans"],"picked":"Dagger Throw"},{"not_picked":["Blur","Noxious Fumes"],"picked":"Footwork"},{"not_picked":["Slice","Caltrops"],"picked":"Deflect"},{"not_picked":["Quick Slash","Endless Agony"],"picked":"Deadly Poison"},{"not_picked":["Flechettes","Prepared"],"picked":"Dagger Throw"},{"not_picked":["Blur","Deadly Poison"],"picked":"Backflip"},{"not_picked":["Deflect","Prepared"],"picked":"Flying Knee"},{"not_picked":["Venomology","Burst"],"picked":"Tools of the Trade"},{"not_picked":["Well Laid Plans","Endless Agony"],"picked":"Footwork"},{"not_picked":["Dagger Throw","Infinite Blades"],"picked":"Skewer"},{"not_picked":["Backflip","Masterful Stab"],"picked":"Predator"},{"not_picked":["Dagger Spray","Masterful Stab"],"picked":"Flying Knee"},{"not_picked":["Backstab","Masterful Stab"],"picked":"PiercingWail"}],"player_experience":72378,"potions_floor_usage":[11,14,16,20,33,37,37,38,40],"damage_taken":[{"damage":0,"enemies":"Blue Slaver","floor":1,"turns":8},{"damage":0,"enemies":"2 Louse","floor":2,"turns":4},{"damage":1,"enemies":"Jaw Worm","floor":5,"turns":3},{"damage":16,"enemies":"Gremlin Nob","floor":6,"turns":5},{"damage":2,"enemies":"Looter","floor":11,"turns":3},{"damage":0,"enemies":"Lagavulin","floor":14,"turns":5},{"damage":30,"enemies":"Hexaghost","floor":16,"turns":12},{"damage":2,"enemies":"3 Byrds","floor":18,"turns":6},{"damage":0,"enemies":"Spheric Guardian","floor":20,"turns":3},{"damage":2,"enemies":"Centurion and Healer","floor":21,"turns":5},{"damage":8,"enemies":"Snecko","floor":22,"turns":5},{"damage":30,"enemies":"Book of Stabbing","floor":23,"turns":7},{"damage":3,"enemies":"Snake Plant","floor":24,"turns":3},{"damage":0,"enemies":"Slaver and Parasite","floor":25,"turns":6},{"damage":12,"enemies":"Centurion and Healer","floor":27,"turns":4},{"damage":13,"enemies":"Snake Plant","floor":31,"turns":3},{"damage":25,"enemies":"Automaton","floor":33,"turns":9},{"damage":8,"enemies":"Orb Walker","floor":35,"turns":4},{"damage":28,"enemies":"3 Darklings","floor":37,"turns":5},{"damage":9,"enemies":"4 Shapes","floor":38,"turns":4},{"damage":30,"enemies":"2 Orb Walkers","floor":40,"turns":5},{"damage":45,"enemies":"Nemesis","floor":44,"turns":6}],"event_choices":[{"event_name":"Shining Light","player_choice":"Entered Light","floor":3,"damage_taken":0},{"event_name":"The Lab","player_choice":"Got Potions","floor":4,"damage_taken":0},{"event_name":"Scrap Ooze","player_choice":"success","floor":12,"damage_taken":12},{"event_name":"Duplicator","player_choice":"One dupe","floor":29,"damage_taken":0},{"event_name":"Transmorgrifier","player_choice":"Transform","floor":30,"damage_taken":0},{"event_name":"Winding Halls","player_choice":"Writhe","floor":36,"damage_taken":0},{"event_name":"Tomb of Lord Red Mask","player_choice":"Paid","floor":39,"damage_taken":0}],"boss_relics":[{"not_picked":["Tiny House","Velvet Choker"],"picked":"Ectoplasm"},{"not_picked":["Astrolabe","Snecko Eye"],"picked":"The Specimen"}],"potions_floor_spawned":[1,6,11,18,20,25,33,35,38],"seed_played":"5337371523854460764","killed_by":"Nemesis","is_trial":false}