{"gold_per_floor":[117,83,83,258,258,298,298,336,362,405,80,116,134,155,155,284,284,308,329,347,361,361,361],"floor_reached":23,"playtime":2608,"items_purged":["Doubt"],"score":296,"play_id":"137f1b57-628a-4be4-8dff-1e67adb48a62","local_time":"20190619070143","is_ascension_mode":true,"campfire_choices":[{"data":"Noxious Fumes","floor":7,"key":"SMITH"},{"data":"Well Laid Plans","floor":15,"key":"SMITH"}],"neow_cost":"NONE","seed_source_timestamp":580751731214965,"circlet_count":0,"master_deck":["Defend_G","Defend_G","Defend_G","Defend_G","Defend_G","Strike_G","Strike_G","Strike_G","Strike_G","Strike_G","Survivor","Neutralize","Blur","Noxious Fumes+1","Terror","All Out Attack","PiercingWail","Backflip","Well Laid Plans+1","Catalyst","Infinite Blades","Dodge and Roll","Die Die Die","Bouncing Flask","PiercingWail","Bane+1","Accuracy"],"relics":["NeowsBlessing","Golden Idol","Orichalcum","Lantern","Ancient Tea Set","Meat on the Bone","Bag of Preparation","Mummified Hand","Black Star","Nloth\u0027s Gift"],"potions_floor_usage":[10,18,21,23],"damage_taken":[{"damage":0,"enemies":"Small Slimes","floor":1,"turns":1},{"damage":0,"enemies":"Gremlin Nob","floor":6,"turns":1},{"damage":0,"enemies":"3 Sentries","floor":8,"turns":2},{"damage":12,"enemies":"Gremlin Nob","floor":10,"turns":5},{"damage":4,"enemies":"3 Sentries","floor":12,"turns":6},{"damage":1,"enemies":"Jaw Worm","floor":13,"turns":4},{"damage":0,"enemies":"2 Louse","floor":14,"turns":3},{"damage":9,"enemies":"The Guardian","floor":16,"turns":9},{"damage":18,"enemies":"3 Byrds","floor":18,"turns":4},{"damage":25,"enemies":"2 Thieves","floor":19,"turns":4},{"damage":15,"enemies":"Shelled Parasite and Fungi","floor":20,"turns":6},{"damage":5,"enemies":"Centurion and Healer","floor":21,"turns":7},{"damage":51,"enemies":"Slavers","floor":23,"turns":4}],"seed_played":"-7227563000837486201","potions_obtained":[{"floor":1,"key":"FearPotion"},{"floor":12,"key":"Dexterity Potion"},{"floor":16,"key":"Explosive Potion"},{"floor":21,"key":"EssenceOfSteel"}],"is_trial":false,"path_per_floor":["M","$","?","?","?","E","R","E","T","E","$","E","M","M","R","B",null,"M","M","M","M","?","E"],"character_chosen":"THE_SILENT","items_purchased":["Noxious Fumes","Bag of Preparation","Backflip","Well Laid Plans"],"campfire_rested":0,"item_purchase_floors":[2,11,11,11],"current_hp_per_floor":[70,70,70,70,53,53,53,53,53,41,41,37,36,36,36,39,70,52,39,36,43,43,0],"gold":361,"neow_bonus":"THREE_ENEMY_KILL","is_prod":false,"is_daily":false,"chose_seed":false,"campfire_upgraded":2,"win_rate":0,"timestamp":1560952903,"path_taken":["M","$","?","?","?","E","R","E","T","E","$","E","M","M","R","BOSS","M","M","M","M","?","E"],"build_version":"2019-01-23","purchased_purges":1,"victory":false,"max_hp_per_floor":[70,70,70,70,70,70,70,70,70,70,70,70,70,70,70,70,70,70,70,70,70,70,70],"card_choices":[{"not_picked":["Deadly Poison","Backflip"],"picked":"Blur","floor":1},{"not_picked":["Slice","Masterful Stab"],"picked":"Terror","floor":6},{"not_picked":["Riddle With Holes","Outmaneuver"],"picked":"All Out Attack","floor":8},{"not_picked":["Storm of Steel","Crippling Poison"],"picked":"PiercingWail","floor":10},{"not_picked":["Poisoned Stab","Deadly Poison"],"picked":"Catalyst","floor":12},{"not_picked":["Choke","Blade Dance"],"picked":"Infinite Blades","floor":13},{"not_picked":["Tactician","Underhanded Strike"],"picked":"Dodge and Roll","floor":14},{"not_picked":["Venomology","Corpse Explosion"],"picked":"Die Die Die","floor":16},{"not_picked":["Masterful Stab","Predator+1"],"picked":"Bouncing Flask","floor":18},{"not_picked":["Acrobatics","Dagger Throw"],"picked":"PiercingWail","floor":19},{"not_picked":["Blade Dance","Heel Hook+1"],"picked":"Bane+1","floor":20},{"not_picked":["Dash","Reflex"],"picked":"Accuracy","floor":21}],"player_experience":323023,"relics_obtained":[{"floor":6,"key":"Orichalcum"},{"floor":8,"key":"Lantern"},{"floor":9,"key":"Ancient Tea Set"},{"floor":10,"key":"Meat on the Bone"},{"floor":12,"key":"Mummified Hand"}],"event_choices":[{"damage_healed":0,"gold_gain":0,"player_choice":"Leave","damage_taken":0,"max_hp_gain":0,"max_hp_loss":0,"event_name":"The Cleric","floor":3,"gold_loss":0},{"damage_healed":0,"gold_gain":175,"player_choice":"AGREE","damage_taken":0,"max_hp_gain":0,"max_hp_loss":0,"event_name":"Liars Game","floor":4,"gold_loss":0,"cards_obtained":["Doubt"]},{"damage_healed":0,"gold_gain":0,"player_choice":"Take Damage","damage_taken":17,"relics_obtained":["Golden Idol"],"max_hp_gain":0,"max_hp_loss":0,"event_name":"Golden Idol","floor":5,"gold_loss":0},{"damage_healed":0,"gold_gain":0,"player_choice":"Traded Relic","damage_taken":0,"relics_obtained":["Nloth\u0027s Gift"],"max_hp_gain":0,"max_hp_loss":0,"event_name":"N\u0027loth","floor":22,"relics_lost":["Ring of the Snake"],"gold_loss":0}],"is_beta":false,"boss_relics":[{"not_picked":["Lizard Tail","WristBlade"],"picked":"Black Star"}],"items_purged_floors":[11],"is_endless":false,"potions_floor_spawned":[1,12,16,21],"killed_by":"Slavers","ascension_level":2}