{"path_per_floor":["M","M","M","M","?","E","R","M","T","?","?","E","R","M","R"],"character_chosen":"THE_SILENT","items_purchased":[],"gold_per_floor":[18,28,44,62,62,96,96,106,106,281,281,322,322,336,336],"floor_reached":16,"campfire_rested":2,"playtime":1650,"current_hp_per_floor":[70,70,70,57,57,11,32,27,27,27,27,4,23,18,18],"items_purged":[],"gold":336,"play_id":"e7cd091c-64b7-4ef5-b74e-8e229971d412","is_prod":false,"is_daily":false,"campfire_rituals":0,"campfire_upgraded":1,"is_hardmode":false,"path_taken":["M","M","M","M","?","E","R","?","T","?","?","E","R","M","R","BOSS"],"build_version":"2018-01-11-PROD2","purchased_purges":0,"victory":false,"master_deck":["Defend_G","Defend_G","Defend_G","Strike_G","Strike_G","Strike_G","Strike_G","Survivor","Neutralize","Outmaneuver","Blur","Dagger Throw","Backflip","Prepared","Acrobatics","Doubt","Blade Dance","Escape Plan"],"max_hp_per_floor":[70,70,70,70,70,70,70,70,70,70,65,65,65,65,65],"relics":["Ring of the Snake","Matryoshka","Vajra","Ginger","Golden Idol","Juzu Bracelet"],"campfire_meditates":0,"card_choices":[{"not_picked":["Underhanded Strike","Deadly Poison"],"picked":"Outmaneuver"},{"not_picked":["Cloak And Dagger","Prepared"],"picked":"Blur"},{"not_picked":["Poisoned Stab","Crippling Poison"],"picked":"Dagger Throw"},{"not_picked":["Dodge and Roll","Calculated Gamble"],"picked":"Backflip"},{"not_picked":["Dodge and Roll","Endless Agony"],"picked":"Prepared"},{"not_picked":["Deflect","Prepared"],"picked":"Acrobatics"},{"not_picked":["Bane","Catalyst"],"picked":"Blade Dance"},{"not_picked":["Dagger Spray","Outmaneuver"],"picked":"Escape Plan"}],"player_experience":220437,"potions_floor_usage":[12,16,16,16],"damage_taken":[{"damage":0,"enemies":"Cultist","floor":1,"turns":5},{"damage":0,"enemies":"2 Louse","floor":2,"turns":3},{"damage":0,"enemies":"Blue Slaver","floor":3,"turns":7},{"damage":13,"enemies":"Large Slime","floor":4,"turns":6},{"damage":46,"enemies":"3 Sentries","floor":6,"turns":14},{"damage":5,"enemies":"Exordium Thugs","floor":8,"turns":8},{"damage":23,"enemies":"Gremlin Nob","floor":12,"turns":5},{"damage":5,"enemies":"3 Louse","floor":14,"turns":3},{"damage":19,"enemies":"Hexaghost","floor":16,"turns":15}],"event_choices":[{"event_name":"Bonfire Elementals","player_choice":"BASIC","floor":5,"damage_taken":0},{"event_name":"Liars Game","player_choice":"agreed","floor":10,"damage_taken":0},{"event_name":"Golden Idol","player_choice":"Lose Max HP","floor":11,"damage_taken":0}],"boss_relics":[],"potions_floor_spawned":[4,6,12,14],"seed_played":"-3495606650350107455","killed_by":"Hexaghost","is_trial":false}