{"path_per_floor":["M","M","M","M","M","R","E","R","T","R","E","R","?","M","R","B",null,"M","M","M","$","?","E","R","M","T","M","M","M","E","M","R","B",null,"M","$","?","M","?","R","E","T","T","R","$","M","?","M","R"],"character_chosen":"DEFECT","items_purchased":["Whetstone","Consume+1","Capacitor","Bottled Tornado","Pear"],"gold_per_floor":[109,128,141,152,171,171,201,201,201,201,231,231,231,256,256,382,382,402,415,430,77,77,121,121,136,160,175,193,211,247,262,262,381,381,394,52,0,20,353,353,386,409,434,434,57,67,67,83,83,83],"floor_reached":50,"campfire_rested":2,"playtime":4252,"item_purchase_floors":[],"current_hp_per_floor":[74,72,72,61,58,58,39,39,39,39,38,38,38,38,38,38,69,64,45,29,29,29,50,50,48,48,38,38,45,11,5,25,21,69,54,54,54,47,47,47,42,42,42,42,52,49,49,29,52,0],"items_purged":["Defend_B","Writhe","Doubt"],"gold":83,"score":651,"play_id":"9bb47c54-65d6-4041-a531-dcc595f76f4b","local_time":"20180601234907","is_prod":false,"is_daily":false,"chose_seed":false,"is_ascension_mode":false,"campfire_upgraded":8,"win_rate":0.0,"timestamp":1527893347,"campfire_choices":[{"data":"Redo","floor":6.0,"key":"SMITH"},{"data":"Dualcast","floor":8.0,"key":"SMITH"},{"data":"Zap","floor":10.0,"key":"SMITH"},{"data":"Sweeping Beam","floor":12.0,"key":"SMITH"},{"data":"Melter","floor":15.0,"key":"SMITH"},{"data":"Heatsinks","floor":24.0,"key":"SMITH"},{"floor":32,"key":"REST"},{"data":"Loop","floor":40,"key":"SMITH"},{"data":"Chill","floor":44,"key":"SMITH"},{"floor":49,"key":"REST"}],"path_taken":["M","M","M","M","M","R","E","R","T","R","E","R","?","M","R","BOSS","M","M","M","$","?","E","R","?","T","M","M","M","E","M","R","BOSS","M","$","?","M","?","R","E","?","T","R","?","M","?","M","R","BOSS"],"build_version":"2018-05-31","seed_source_timestamp":0,"purchased_purges":3,"victory":false,"master_deck":["Strike_B+1","Strike_B","Strike_B","Strike_B+1","Defend_B","Defend_B","Defend_B","Zap+1","Dualcast+1","Redo+1","Chill+1","Lockon","Sweeping Beam+1","Conserve Battery","Melter+1","Darkness+1","Skim+1","Fission+1","White Noise+1","Heatsinks+1","Coolheaded+1","Consume+1","Capacitor+1","Writhe","Chaos+1","Fusion+1","Redo+1","Loop+1","Tempest+1","Seek+1","Multi-Cast+1","Defragment+1","Cold Snap+1","Pain","Barrage+1"],"max_hp_per_floor":[75,75,75,75,75,75,75,75,75,75,75,75,69,69,69,69,69,69,69,69,69,69,69,69,69,69,69,69,69,69,69,69,69,69,69,69,69,69,69,69,69,69,69,69,79,79,79,79,79,79],"relics":["Cracked Core","Calipers","Thread and Needle","Toxic Egg 2","Cursed Key","Whetstone","Sundial","Lantern","Juzu Bracelet","Anchor","Inserter","Bottled Tornado","Red Mask","Pantograph","Bag of Preparation","Pen Nib","Pear"],"card_choices":[{"not_picked":["Conserve Battery","Consume"],"picked":"Redo","floor":1.0},{"not_picked":["Gash","Steam Power"],"picked":"Chill","floor":2.0},{"not_picked":["Streamline","Storm"],"picked":"Lockon","floor":3.0},{"not_picked":["Machine Learning","Beam Cell"],"picked":"Sweeping Beam","floor":4.0},{"not_picked":["Glacier","Heatsinks"],"picked":"Conserve Battery","floor":5.0},{"not_picked":["Beam Cell","Go for the Eyes"],"picked":"Melter","floor":7.0},{"not_picked":["Compile Driver","Aggregate"],"picked":"Darkness","floor":11.0},{"not_picked":["Steam+1","Stack+1"],"picked":"Skim+1","floor":14.0},{"not_picked":["Buffer","All For One"],"picked":"Fission+1","floor":16.0},{"not_picked":["FTL","Stack+1"],"picked":"White Noise+1","floor":18.0},{"not_picked":["Compile Driver","Conserve Battery+1"],"picked":"Heatsinks","floor":19.0},{"not_picked":["Redo+1","Blizzard+1"],"picked":"Coolheaded+1","floor":20.0},{"not_picked":["Leap+1","Steam Power+1"],"picked":"Chaos+1","floor":23.0},{"not_picked":["Coolheaded+1","Compile Driver"],"picked":"Fusion+1","floor":25.0},{"not_picked":["Capacitor+1","Compile Driver"],"picked":"Redo+1","floor":27},{"not_picked":["Auto Shields+1","Scrape"],"picked":"Loop","floor":28},{"not_picked":["Reboot+1","Genetic Algorithm+1"],"picked":"Tempest+1","floor":29},{"not_picked":["Barrage+1","Conserve Battery+1"],"picked":"Seek+1","floor":30},{"not_picked":["Loop","Barrage","Sweeping Beam"],"picked":"SKIP","floor":31},{"not_picked":["Seek+1","Buffer"],"picked":"Multi-Cast+1","floor":33},{"not_picked":["Gash+1","Redo+1"],"picked":"Defragment+1","floor":35},{"not_picked":["Leap+1","Melter+1","Conserve Battery+1"],"picked":"SKIP","floor":38},{"not_picked":["Sweeping Beam+1","Melter+1"],"picked":"Cold Snap+1","floor":41},{"not_picked":["Coolheaded+1","Gash","Sweeping Beam+1"],"picked":"SKIP","floor":46},{"not_picked":["Genetic Algorithm+1","Sweeping Beam+1"],"picked":"Barrage+1","floor":48}],"player_experience":584136,"potions_floor_usage":[30,31,31,41,41],"damage_taken":[{"damage":1.0,"enemies":"Jaw Worm","floor":1.0,"turns":4.0},{"damage":2.0,"enemies":"Small Slimes","floor":2.0,"turns":4.0},{"damage":0.0,"enemies":"Cultist","floor":3.0,"turns":4.0},{"damage":11.0,"enemies":"Large Slime","floor":4.0,"turns":7.0},{"damage":3.0,"enemies":"Looter","floor":5.0,"turns":3.0},{"damage":19.0,"enemies":"Gremlin Nob","floor":7.0,"turns":4.0},{"damage":1.0,"enemies":"Lagavulin","floor":11.0,"turns":6.0},{"damage":0.0,"enemies":"Exordium Wildlife","floor":14.0,"turns":2.0},{"damage":0.0,"enemies":"Slime Boss","floor":16.0,"turns":4.0},{"damage":5.0,"enemies":"3 Byrds","floor":18.0,"turns":5.0},{"damage":19.0,"enemies":"Chosen","floor":19.0,"turns":6.0},{"damage":16.0,"enemies":"Centurion and Healer","floor":20.0,"turns":5.0},{"damage":0.0,"enemies":"Gremlin Leader","floor":23.0,"turns":6.0},{"damage":2.0,"enemies":"3 Cultists","floor":25.0,"turns":6.0},{"damage":10,"enemies":"Snake Plant","floor":27,"turns":4},{"damage":0,"enemies":"Centurion and Healer","floor":28,"turns":5},{"damage":0,"enemies":"Sentry and Sphere","floor":29,"turns":3},{"damage":34,"enemies":"Slavers","floor":30,"turns":5},{"damage":6,"enemies":"Snake Plant","floor":31,"turns":4},{"damage":4,"enemies":"Automaton","floor":33,"turns":11},{"damage":15,"enemies":"3 Darklings","floor":35,"turns":5},{"damage":7,"enemies":"3 Shapes","floor":38,"turns":4},{"damage":5,"enemies":"Nemesis","floor":41,"turns":5},{"damage":3,"enemies":"Sphere and 2 Shapes","floor":46,"turns":4},{"damage":27,"enemies":"4 Shapes","floor":48,"turns":5},{"damage":78,"enemies":"Time Eater","floor":50,"turns":8}],"relics_obtained":[{"floor":7.0,"key":"Calipers"},{"floor":9.0,"key":"Thread and Needle"},{"floor":11.0,"key":"Toxic Egg 2"},{"floor":23.0,"key":"Lantern"},{"floor":26,"key":"Juzu Bracelet"},{"floor":30,"key":"Anchor"},{"floor":41,"key":"Pantograph"},{"floor":42,"key":"Bag of Preparation"},{"floor":43,"key":"Pen Nib"}],"event_choices":[{"event_name":"Golden Idol","player_choice":"Lose Max HP","floor":13.0,"damage_taken":0.0},{"event_name":"The Mausoleum","player_choice":"Yes","floor":22.0,"damage_taken":0.0},{"event_name":"Tomb of Lord Red Mask","player_choice":"Paid","floor":37,"damage_taken":0},{"event_name":"The Moai Head","player_choice":"Gave Idol","floor":39,"damage_taken":0},{"event_name":"Upgrade Shrine","player_choice":"Upgraded","floor":47,"damage_taken":0}],"boss_relics":[{"not_picked":["Astrolabe","Calling Bell"],"picked":"Inserter"}],"items_purged_floors":[],"potions_floor_spawned":[5,7,11,14,18,19,20,27,29,33,35,38,46],"seed_played":"-2480662031477040518","killed_by":"Time Eater","ascension_level":0,"potions_obtained":[{"floor":5.0,"key":"Regen Potion"},{"floor":7.0,"key":"SkillPotion"},{"floor":11.0,"key":"AttackPotion"},{"floor":14.0,"key":"SneckoOil"},{"floor":18.0,"key":"AttackPotion"},{"floor":19.0,"key":"SpeedPotion"},{"floor":20.0,"key":"SteroidPotion"},{"floor":27,"key":"Weak Potion"},{"floor":33,"key":"FocusPotion"},{"floor":35,"key":"SteroidPotion"},{"floor":38,"key":"Block Potion"},{"floor":46,"key":"Poison Potion"}],"is_trial":false}