{"gold_per_floor":[111,123,137,137,154,179,190,190,260,47,59,84,84,110,110,205,205,218,237,255,255,269,269,599,599,648,648,662,662],"floor_reached":29,"playtime":4328,"items_purged":["Decay"],"score":332,"play_id":"b93449d0-8a9a-4f1c-9342-d7f74c57adae","local_time":"20181221031400","is_ascension_mode":true,"campfire_choices":[{"data":"BootSequence","floor":8.0,"key":"SMITH"},{"data":"Consume","floor":13.0,"key":"SMITH"},{"data":"Go for the Eyes","floor":15.0,"key":"SMITH"},{"floor":23,"key":"REST"},{"data":"Capacitor","floor":25,"key":"SMITH"}],"neow_cost":"NONE","seed_source_timestamp":0,"circlet_count":0,"master_deck":["Strike_B","Strike_B","Strike_B","Strike_B","Defend_B","Defend_B","Defend_B","Defend_B","Dualcast","Go for the Eyes+1","Capacitor+1","Undo","Self Repair","Cold Snap","BootSequence+1","Rebound","Consume+1","Cold Snap","Turbo","Undo","Glacier","Machine Learning","Turbo+1","Parasite","Genetic Algorithm+1","Consume","Barrage+1","Melter","Redo","Steam","Rebound","Chill","Barrage+1","Redo","Clumsy","Glacier","Chill"],"special_seed":0,"relics":["Cursed Key","Juzu Bracelet","Prayer Wheel","Ornamental Fan","Kunai","Smiling Mask","Astrolabe","MutagenicStrength","Old Coin","Bag of Marbles","PreservedInsect"],"potions_floor_usage":[28],"damage_taken":[{"damage":0.0,"enemies":"Cultist","floor":1.0,"turns":3.0},{"damage":0.0,"enemies":"Jaw Worm","floor":2.0,"turns":3.0},{"damage":0.0,"enemies":"2 Louse","floor":3.0,"turns":3.0},{"damage":7.0,"enemies":"Red Slaver","floor":5.0,"turns":4.0},{"damage":48.0,"enemies":"3 Sentries","floor":6.0,"turns":11.0},{"damage":0.0,"enemies":"Lots of Slimes","floor":7.0,"turns":6.0},{"damage":0.0,"enemies":"2 Fungi Beasts","floor":11.0,"turns":5.0},{"damage":0.0,"enemies":"Lagavulin","floor":12.0,"turns":9.0},{"damage":4.0,"enemies":"3 Sentries","floor":14.0,"turns":10.0},{"damage":7.0,"enemies":"Slime Boss","floor":16.0,"turns":25.0},{"damage":0.0,"enemies":"3 Byrds","floor":18.0,"turns":12.0},{"damage":0.0,"enemies":"Shell Parasite","floor":19.0,"turns":11.0},{"damage":30.0,"enemies":"Cultist and Chosen","floor":20.0,"turns":13.0},{"damage":12.0,"enemies":"Snake Plant","floor":22.0,"turns":7.0},{"damage":28,"enemies":"Slavers","floor":24,"turns":12},{"damage":7,"enemies":"Centurion and Healer","floor":28,"turns":17},{"damage":62,"enemies":"Cultist and Chosen","floor":29,"turns":8}],"seed_played":"8160544523641481234","potions_obtained":[{"floor":3.0,"key":"AttackPotion"},{"floor":6.0,"key":"EntropicBrew"},{"floor":12.0,"key":"AttackPotion"},{"floor":14.0,"key":"Regen Potion"},{"floor":24,"key":"Poison Potion"}],"is_trial":false,"path_per_floor":["M","M","M","T","M","E","M","R","T","$","M","E","R","E","R","B",null,"M","M","M","?","M","R","E","R","T","?","M","M"],"character_chosen":"DEFECT","items_purchased":["Consume","Self Repair"],"campfire_rested":1,"item_purchase_floors":[10,10],"current_hp_per_floor":[75,75,75,75,68,27,34,34,34,34,41,55,55,65,65,72,75,75,75,52,52,47,69,48,48,48,48,60,0],"gold":662,"neow_bonus":"BOSS_RELIC","is_prod":false,"is_daily":false,"chose_seed":false,"campfire_upgraded":4,"win_rate":0,"timestamp":1545390840,"path_taken":["M","M","M","?","M","E","M","R","T","$","M","E","R","E","R","BOSS","M","M","M","?","M","R","E","R","T","?","M","M"],"build_version":"2018-12-20","purchased_purges":1,"victory":false,"max_hp_per_floor":[75,75,75,75,75,75,75,75,75,75,75,75,75,75,75,75,75,75,75,75,75,75,75,75,75,75,75,75,75],"card_choices":[{"not_picked":["Beam Cell","Turbo"],"picked":"Go for the Eyes","floor":1.0},{"not_picked":["Reprogram","Sweeping Beam"],"picked":"Capacitor","floor":2.0},{"not_picked":["Streamline","Barrage"],"picked":"Undo","floor":3.0},{"not_picked":["Rebound","Thunder Strike"],"picked":"Self Repair","floor":5.0},{"not_picked":["Streamline","Conserve Battery"],"picked":"Cold Snap","floor":6.0},{"not_picked":["Reinforced Body","Rebound"],"picked":"BootSequence","floor":7.0},{"not_picked":["Rip and Tear","Gash"],"picked":"Rebound","floor":7.0},{"not_picked":["Ball Lightning","Turbo"],"picked":"Cold Snap","floor":11.0},{"not_picked":["Beam Cell","Thunder Strike"],"picked":"Turbo","floor":11.0},{"not_picked":["Heatsinks","Self Repair"],"picked":"Undo","floor":12.0},{"not_picked":["Skim","Genetic Algorithm"],"picked":"Glacier","floor":14.0},{"not_picked":["Multi-Cast","Hyperbeam"],"picked":"Machine Learning","floor":16.0},{"not_picked":["BootSequence","Darkness"],"picked":"Consume","floor":18.0},{"not_picked":["Beam Cell","Tempest+1"],"picked":"Barrage+1","floor":18.0},{"not_picked":["Coolheaded","Redo"],"picked":"Melter","floor":19.0},{"not_picked":["Turbo","Rip and Tear"],"picked":"Redo","floor":19.0},{"not_picked":["Tempest","Doom and Gloom+1"],"picked":"Steam","floor":20.0},{"not_picked":["Chaos+1","Leap+1"],"picked":"Rebound","floor":20.0},{"not_picked":["Turbo","Rebound"],"picked":"Chill","floor":22.0},{"not_picked":["BootSequence+1","Redo+1"],"picked":"Barrage+1","floor":22.0},{"not_picked":["Recycle+1","Barrage"],"picked":"Redo","floor":24},{"not_picked":["Recycle","Hologram"],"picked":"Glacier","floor":28},{"not_picked":["Leap","Melter"],"picked":"Chill","floor":28}],"player_experience":76164,"relics_obtained":[{"floor":4.0,"key":"Juzu Bracelet"},{"floor":6.0,"key":"Prayer Wheel"},{"floor":9.0,"key":"Ornamental Fan"},{"floor":12.0,"key":"Kunai"},{"floor":14.0,"key":"Smiling Mask"},{"floor":24,"key":"Old Coin"},{"floor":26,"key":"Bag of Marbles"}],"event_choices":[{"damage_healed":0.0,"max_hp_gain":0.0,"max_hp_loss":0.0,"gold_gain":0.0,"event_name":"Drug Dealer","player_choice":"Inject Mutagens","floor":21.0,"gold_loss":0.0,"damage_taken":0.0,"relics_obtained":["MutagenicStrength"]},{"damage_healed":0,"gold_gain":0,"player_choice":"Gave Potion","damage_taken":0,"relics_obtained":["PreservedInsect"],"max_hp_gain":0,"max_hp_loss":0,"event_name":"WeMeetAgain","floor":27,"gold_loss":0}],"is_beta":false,"boss_relics":[{"not_picked":["Fusion Hammer","Runic Dome"],"picked":"Astrolabe"}],"items_purged_floors":[10],"is_endless":false,"potions_floor_spawned":[3,6,12,14,16,18,24],"killed_by":"Cultist and Chosen","ascension_level":1}