{"gold_per_floor":[12,24,24,24,24,50,50,80,131,143,155,132,171,194,206,297,309,336,363,166,166,183,183,211,228,228,245,245,92,92,92,92,92],"floor_reached":33,"playtime":1515,"items_purged":["Strike_R"],"score":548,"play_id":"f11e33c9-62c1-4a38-8c0f-701775715582","local_time":"20190414203543","is_ascension_mode":true,"campfire_choices":[{"floor":7.0,"key":"REST"},{"floor":11.0,"key":"REST"},{"data":"Bash","floor":15.0,"key":"SMITH"},{"data":"Immolate","floor":23.0,"key":"SMITH"},{"floor":30,"key":"REST"},{"floor":32,"key":"REST"}],"neow_cost":"NO_GOLD","seed_source_timestamp":154993677208493,"circlet_count":0,"master_deck":["AscendersBane","Strike_R","Strike_R","Defend_R","Defend_R","Defend_R","Bash+1","Anger","True Grit","Anger","Ghostly Armor","Twin Strike","Disarm","Immolate+1","Carnage+1","Intimidate+1","Sever Soul+1","Armaments+1","Shrug It Off","Pommel Strike","Offering","Power Through"],"special_seed":0,"relics":["Burning Blood","Gambling Chip","Orichalcum","Kunai","Blood Vial","MawBank","Incense Burner","Astrolabe","Medical Kit","Singing Bowl","Ornamental Fan","Sundial"],"potions_floor_usage":[33],"damage_taken":[{"damage":2.0,"enemies":"Cultist","floor":1.0,"turns":4.0},{"damage":7.0,"enemies":"2 Louse","floor":2.0,"turns":3.0},{"damage":49.0,"enemies":"Lagavulin","floor":6.0,"turns":7.0},{"damage":16.0,"enemies":"3 Sentries","floor":8.0,"turns":7.0},{"damage":43.0,"enemies":"Lagavulin","floor":13.0,"turns":7.0},{"damage":2.0,"enemies":"Jaw Worm","floor":14.0,"turns":2.0},{"damage":14.0,"enemies":"The Guardian","floor":16.0,"turns":13.0},{"damage":19.0,"enemies":"2 Thieves","floor":18.0,"turns":4.0},{"damage":16.0,"enemies":"3 Byrds","floor":19.0,"turns":5.0},{"damage":8.0,"enemies":"Centurion and Healer","floor":22.0,"turns":6.0},{"damage":15.0,"enemies":"Gremlin Leader","floor":24.0,"turns":7.0},{"damage":4.0,"enemies":"3 Cultists","floor":25.0,"turns":4.0},{"damage":28.0,"enemies":"Cultist and Chosen","floor":27.0,"turns":6.0},{"damage":6,"enemies":"Colosseum Slavers","floor":31,"turns":4},{"damage":119,"enemies":"Champ","floor":33,"turns":23}],"seed_played":"-546206311074526784","potions_obtained":[{"floor":6.0,"key":"Explosive Potion"},{"floor":8.0,"key":"PowerPotion"},{"floor":18.0,"key":"FairyPotion"},{"floor":24.0,"key":"BloodPotion"}],"is_trial":false,"path_per_floor":["M","M","$","?","$","E","R","E","T","?","R","?","E","M","R","B",null,"M","M","$","?","M","R","E","M","T","M","T","$","R","?","R","B"],"character_chosen":"IRONCLAD","items_purchased":["Medical Kit","Power Through"],"campfire_rested":4,"item_purchase_floors":[20,29],"current_hp_per_floor":[72,71,71,71,71,28,50,40,40,33,55,73,38,44,44,38,66,55,47,47,47,47,47,42,48,48,28,28,28,51,53,76,0],"gold":92,"neow_bonus":"ONE_RARE_RELIC","is_prod":false,"is_daily":false,"chose_seed":false,"campfire_upgraded":2,"win_rate":0,"timestamp":1555288543,"path_taken":["M","M","$","?","$","E","R","E","T","?","R","?","E","M","R","BOSS","M","M","$","?","M","R","E","M","T","M","?","?","R","?","R","BOSS"],"build_version":"2019-01-23","purchased_purges":1,"victory":false,"max_hp_per_floor":[75,75,75,75,75,75,75,75,75,75,75,75,75,75,75,75,75,75,75,75,75,75,75,77,79,79,79,79,79,79,79,79,79],"card_choices":[{"not_picked":["Cleave","Flex"],"picked":"Anger","floor":1.0},{"not_picked":["Warcry","Burning Pact"],"picked":"True Grit","floor":2.0},{"not_picked":["True Grit","Dropkick"],"picked":"Anger","floor":6.0},{"not_picked":["Clash","Infernal Blade"],"picked":"Ghostly Armor","floor":8.0},{"not_picked":["Warcry","Perfected Strike"],"picked":"Twin Strike","floor":13.0},{"not_picked":["Barricade","Sentinel"],"picked":"Disarm","floor":14.0},{"not_picked":["Brutality","Reaper"],"picked":"Immolate","floor":16.0},{"not_picked":["Warcry","Havoc+1"],"picked":"Armaments+1","floor":18.0},{"not_picked":["Twin Strike","Wild Strike","Body Slam"],"picked":"SKIP","floor":19.0},{"not_picked":["Body Slam","Sword Boomerang"],"picked":"Pommel Strike","floor":22.0},{"not_picked":["Heavy Blade","Warcry","Pommel Strike"],"picked":"Singing Bowl","floor":24.0},{"not_picked":["Wild Strike+1","Thunderclap","Rupture"],"picked":"Singing Bowl","floor":25.0},{"not_picked":["Thunderclap","Pommel Strike"],"picked":"Offering","floor":27.0}],"player_experience":365378,"relics_obtained":[{"floor":6.0,"key":"Kunai"},{"floor":8.0,"key":"Blood Vial"},{"floor":9.0,"key":"MawBank"},{"floor":13.0,"key":"Incense Burner"},{"floor":24.0,"key":"Singing Bowl"},{"floor":26.0,"key":"Ornamental Fan"},{"floor":28.0,"key":"Sundial"}],"event_choices":[{"damage_healed":0.0,"max_hp_gain":0.0,"max_hp_loss":0.0,"gold_gain":0.0,"event_name":"Big Fish","player_choice":"Box","floor":4.0,"gold_loss":0.0,"damage_taken":0.0,"relics_obtained":["Orichalcum"],"cards_obtained":["Regret"]},{"cards_removed":["Regret"],"damage_healed":0.0,"max_hp_gain":0.0,"max_hp_loss":0.0,"gold_gain":0.0,"event_name":"Golden Wing","player_choice":"Card Removal","floor":10.0,"gold_loss":0.0,"damage_taken":7.0},{"damage_healed":18.0,"max_hp_gain":0.0,"max_hp_loss":0.0,"gold_gain":0.0,"event_name":"The Cleric","player_choice":"Healed","floor":12.0,"gold_loss":35.0,"damage_taken":0.0},{"damage_healed":0.0,"max_hp_gain":0.0,"max_hp_loss":0.0,"gold_gain":0.0,"event_name":"The Library","player_choice":"Read","floor":21.0,"gold_loss":0.0,"damage_taken":0.0,"cards_obtained":["Shrug It Off"]},{"damage_healed":0,"gold_gain":0,"player_choice":"Fight","damage_taken":0,"max_hp_gain":0,"max_hp_loss":0,"event_name":"Colosseum","floor":31,"gold_loss":0},{"damage_healed":0,"gold_gain":0,"player_choice":"Fled From Nobs","damage_taken":0,"max_hp_gain":0,"max_hp_loss":0,"event_name":"Colosseum","floor":31,"gold_loss":0}],"is_beta":false,"boss_relics":[{"not_picked":["Orrery","Lizard Tail"],"picked":"Astrolabe"}],"items_purged_floors":[29],"is_endless":false,"potions_floor_spawned":[6,8,18,19,24],"killed_by":"Champ","ascension_level":19}