{"gold_per_floor":[113,133,133,133,147,147,173,173,173,173,184,214,214,214,214,286,286,301,319,319,44,44,44,77,77,158,158,158,174,194,205,205,205],"floor_reached":33,"playtime":1108,"items_purged":["Parasite"],"score":546,"play_id":"366e1bed-696a-4dc0-91d2-3f8c569c5cd2","local_time":"20190608234015","is_ascension_mode":true,"campfire_choices":[{"data":"Rebound","floor":6,"key":"SMITH"},{"data":"Dualcast","floor":8,"key":"SMITH"},{"data":"Cold Snap","floor":13,"key":"SMITH"},{"data":"Ball Lightning","floor":15,"key":"SMITH"},{"data":"Writhe","floor":23,"key":"PURGE"},{"floor":25,"key":"REST"},{"floor":32,"key":"REST"}],"neow_cost":"NONE","seed_source_timestamp":127141291147200,"circlet_count":0,"master_deck":["AscendersBane","Strike_B","Strike_B","Strike_B","Strike_B","Defend_B","Defend_B","Defend_B","Defend_B","Zap+1","Dualcast+1","Cold Snap+1","Rebound+1","Glacier","Compile Driver","Ball Lightning+1","FTL","Electrodynamics","Leap","Loop","BootSequence","Skim+1"],"relics":["Cracked Core","Pocketwatch","Shuriken","Emotion Chip","Ginger","Fusion Hammer","Peace Pipe","Bag of Preparation","Smiling Mask","Darkstone Periapt"],"potions_floor_usage":[7,29,33],"damage_taken":[{"damage":6,"enemies":"Cultist","floor":1,"turns":3},{"damage":5,"enemies":"Jaw Worm","floor":2,"turns":3},{"damage":0,"enemies":"Small Slimes","floor":5,"turns":2},{"damage":4,"enemies":"Lagavulin","floor":7,"turns":6},{"damage":1,"enemies":"2 Fungi Beasts","floor":11,"turns":3},{"damage":6,"enemies":"Gremlin Nob","floor":12,"turns":3},{"damage":19,"enemies":"Hexaghost","floor":16,"turns":7},{"damage":19,"enemies":"3 Byrds","floor":18,"turns":3},{"damage":0,"enemies":"Chosen","floor":19,"turns":3},{"damage":8,"enemies":"Gremlin Leader","floor":24,"turns":4},{"damage":0,"enemies":"Snecko","floor":29,"turns":3},{"damage":0,"enemies":"3 Cultists","floor":30,"turns":2},{"damage":23,"enemies":"Snake Plant","floor":31,"turns":3},{"damage":53,"enemies":"Collector","floor":33,"turns":5}],"seed_played":"4956924480095378052","potions_obtained":[{"floor":1,"key":"Strength Potion"},{"floor":2,"key":"Ancient Potion"},{"floor":11,"key":"Fire Potion"},{"floor":30,"key":"GamblersBrew"},{"floor":31,"key":"AttackPotion"}],"is_trial":false,"path_per_floor":["M","M","$","?","M","R","E","R","T","?","M","E","R","?","R","B",null,"M","M","?","$","?","R","E","R","T","?","$","M","M","M","R","B"],"character_chosen":"DEFECT","items_purchased":["Bag of Preparation","Loop"],"campfire_rested":2,"item_purchase_floors":[21,21],"current_hp_per_floor":[58,53,53,48,48,48,44,44,44,61,60,54,54,54,54,35,62,43,43,43,43,43,43,35,55,55,55,55,55,55,32,52,0],"gold":205,"neow_bonus":"UPGRADE_CARD","is_prod":false,"is_daily":false,"chose_seed":false,"campfire_upgraded":4,"win_rate":0,"timestamp":1560033615,"path_taken":["M","?","$","?","M","R","E","R","T","?","M","E","R","?","R","BOSS","M","M","?","$","?","R","E","R","T","?","$","M","M","?","R","BOSS"],"build_version":"2019-01-23","purchased_purges":1,"victory":false,"max_hp_per_floor":[71,71,71,71,71,71,71,71,71,71,71,71,71,71,71,71,71,71,71,71,68,68,68,68,68,68,68,68,68,68,68,68,68],"card_choices":[{"not_picked":["Rip and Tear","Stack"],"picked":"Cold Snap","floor":1},{"not_picked":["Storm","Barrage"],"picked":"Rebound","floor":2},{"not_picked":["Sweeping Beam","Conserve Battery"],"picked":"Glacier","floor":5},{"not_picked":["Steam","Turbo"],"picked":"Compile Driver","floor":7},{"not_picked":["Stack","White Noise"],"picked":"Ball Lightning","floor":11},{"not_picked":["Buffer","Tempest"],"picked":"FTL","floor":12},{"not_picked":["Buffer","Multi-Cast"],"picked":"Electrodynamics","floor":16},{"not_picked":["Stack","Compile Driver"],"picked":"Leap","floor":18},{"not_picked":["Barrage","Rip and Tear","Recycle"],"picked":"SKIP","floor":19},{"not_picked":["Doom and Gloom","Loop"],"picked":"BootSequence","floor":24},{"not_picked":["Hello World","Tempest","Hologram"],"picked":"SKIP","floor":29},{"not_picked":["Self Repair","Lockon"],"picked":"Skim+1","floor":30},{"not_picked":["Ball Lightning","Conserve Battery","Barrage+1"],"picked":"SKIP","floor":31}],"player_experience":1288115,"relics_obtained":[{"floor":7,"key":"Shuriken"},{"floor":9,"key":"Emotion Chip"},{"floor":12,"key":"Ginger"},{"floor":24,"key":"Smiling Mask"},{"floor":26,"key":"Darkstone Periapt"}],"event_choices":[{"damage_healed":0,"gold_gain":0,"player_choice":"Success","damage_taken":5,"relics_obtained":["Pocketwatch"],"max_hp_gain":0,"max_hp_loss":0,"event_name":"Scrap Ooze","floor":4,"gold_loss":0},{"damage_healed":17,"gold_gain":0,"player_choice":"Healed and dodged fight","damage_taken":0,"max_hp_gain":0,"max_hp_loss":0,"event_name":"Mushrooms","floor":10,"gold_loss":0,"cards_obtained":["Parasite"]},{"damage_healed":0,"gold_gain":0,"player_choice":"Ignored","damage_taken":0,"max_hp_gain":0,"max_hp_loss":0,"event_name":"Liars Game","floor":14,"gold_loss":0},{"damage_healed":0,"gold_gain":0,"player_choice":"Opened","damage_taken":0,"relics_obtained":["Peace Pipe"],"max_hp_gain":0,"max_hp_loss":0,"event_name":"The Mausoleum","floor":20,"gold_loss":0,"cards_obtained":["Writhe"]},{"damage_healed":0,"gold_gain":0,"player_choice":"Ignored","damage_taken":0,"max_hp_gain":0,"max_hp_loss":0,"event_name":"Ghosts","floor":22,"gold_loss":0},{"damage_healed":0,"gold_gain":0,"player_choice":"Got Potions","damage_taken":0,"max_hp_gain":0,"max_hp_loss":0,"event_name":"Lab","floor":27,"gold_loss":0}],"is_beta":false,"boss_relics":[{"not_picked":["Pandora\u0027s Box","Black Star"],"picked":"Fusion Hammer"}],"items_purged_floors":[21],"is_endless":false,"potions_floor_spawned":[1,2,11,12,24,30,31],"killed_by":"Collector","ascension_level":20}