{"gold_per_floor":[116,1,13,13,27,55,68,68,68,68,68,68,31,31,31,128,128,143,143,161,178,178,178,178,197,197,197,9,41,141,154,154,154],"floor_reached":33,"playtime":2562,"items_purged":[],"score":270,"play_id":"65c5b473-45b6-44a4-a15a-e7fbc1c29908","local_time":"20190703191834","is_ascension_mode":false,"campfire_choices":[{"data":"Combust","floor":8,"key":"SMITH"},{"data":"Perfected Strike","floor":11,"key":"SMITH"},{"data":"Armaments","floor":12,"key":"SMITH"},{"data":"Searing Blow+1","floor":15,"key":"SMITH"},{"data":"Infernal Blade","floor":23,"key":"SMITH"},{"data":"Ghostly","floor":32,"key":"SMITH"}],"neow_cost":"NONE","seed_source_timestamp":350607924736325,"circlet_count":0,"master_deck":["Strike_R","Strike_R","Strike_R","Strike_R","Strike_R","Defend_R","Defend_R","Defend_R","Defend_R","Bash","Perfected Strike+1","Bandage Up","Cleave","Searing Blow+2","Combust+1","Bloodletting","Armaments+1","Infernal Blade+1","Bludgeon","Flex","Metallicize","Whirlwind+1","Ghostly+1","Ghostly","Ghostly","Ghostly","Ghostly","Anger+1","HandOfGreed","Brutality","Rage"],"relics":["Burning Blood","Gremlin Horn","WingedGreaves","Coffee Dripper","Enchiridion","Pen Nib","Dodecahedron"],"potions_floor_usage":[20,33,33,33],"damage_taken":[{"damage":13,"enemies":"Cultist","floor":1,"turns":5},{"damage":6,"enemies":"Jaw Worm","floor":3,"turns":3},{"damage":0,"enemies":"2 Louse","floor":5,"turns":2},{"damage":16,"enemies":"3 Sentries","floor":6,"turns":4},{"damage":10,"enemies":"Looter","floor":7,"turns":3},{"damage":69,"enemies":"The Guardian","floor":16,"turns":9},{"damage":30,"enemies":"3 Byrds","floor":18,"turns":4},{"damage":9,"enemies":"2 Thieves","floor":20,"turns":3},{"damage":43,"enemies":"Shelled Parasite and Fungi","floor":21,"turns":5},{"damage":21,"enemies":"Snake Plant","floor":25,"turns":3},{"damage":11,"enemies":"Chosen and Byrds","floor":29,"turns":5},{"damage":3,"enemies":"3 Cultists","floor":31,"turns":3},{"damage":44,"enemies":"Champ","floor":33,"turns":9}],"seed_played":"-9024075405985935885","potions_obtained":[{"floor":6,"key":"FearPotion"},{"floor":7,"key":"Block Potion"},{"floor":16,"key":"Fire Potion"},{"floor":25,"key":"EssenceOfSteel"},{"floor":29,"key":"Dexterity Potion"}],"is_trial":false,"path_per_floor":["M","$","M","?","M","E","M","R","T","?","R","R","$","$","R","B",null,"M","?","M","M","?","R","?","M","T","T","$","M","?","M","R","B"],"character_chosen":"IRONCLAD","items_purchased":["Bandage Up","Cleave","Infernal Blade","HandOfGreed"],"campfire_rested":0,"item_purchase_floors":[2,2,13,28],"current_hp_per_floor":[81,81,85,85,88,82,82,82,82,74,74,74,74,74,74,15,88,70,54,55,22,51,51,44,32,32,32,32,31,31,38,38,0],"gold":154,"neow_bonus":"TEN_PERCENT_HP_BONUS","is_prod":false,"is_daily":false,"chose_seed":false,"campfire_upgraded":6,"win_rate":0.0,"timestamp":1562149114,"path_taken":["M","?","M","?","?","E","M","R","T","?","R","R","?","$","R","BOSS","M","?","M","M","?","R","?","M","T","?","$","?","?","M","R","BOSS"],"build_version":"2019-07-01","purchased_purges":0,"victory":false,"max_hp_per_floor":[88,88,88,88,88,88,88,88,88,88,88,88,88,88,88,88,88,88,88,88,88,88,88,44,44,44,44,44,44,44,44,44,44],"card_choices":[{"not_picked":["True Grit","Clash"],"picked":"Perfected Strike","floor":1},{"not_picked":["Iron Wave","Intimidate"],"picked":"Searing Blow","floor":3},{"not_picked":["Iron Wave","Clothesline"],"picked":"Combust","floor":5},{"not_picked":["Body Slam","Twin Strike"],"picked":"Bloodletting","floor":6},{"not_picked":["Clothesline","Burning Pact"],"picked":"Armaments","floor":7},{"not_picked":["Fiend Fire","Feed"],"picked":"Bludgeon","floor":16},{"not_picked":["Shrug It Off","Pommel Strike"],"picked":"Flex","floor":18},{"not_picked":["Combust","True Grit"],"picked":"Metallicize","floor":20},{"not_picked":["Shrug It Off+1","Uppercut+1"],"picked":"Whirlwind+1","floor":21},{"not_picked":["Clash","Iron Wave+1"],"picked":"Anger+1","floor":25},{"not_picked":["Twin Strike","Body Slam"],"picked":"Brutality","floor":29},{"not_picked":["Cleave","Intimidate"],"picked":"Rage","floor":31}],"player_experience":541,"relics_obtained":[{"floor":6,"key":"Gremlin Horn"},{"floor":9,"key":"WingedGreaves"},{"floor":19,"key":"Enchiridion"},{"floor":26,"key":"Pen Nib"},{"floor":27,"key":"Dodecahedron"}],"event_choices":[{"damage_healed":0,"gold_gain":0,"player_choice":"Forge","damage_taken":0,"max_hp_gain":0,"max_hp_loss":0,"event_name":"Accursed Blacksmith","floor":4,"gold_loss":0,"cards_upgraded":["Searing Blow"]},{"damage_healed":0,"gold_gain":0,"player_choice":"Damaged","damage_taken":8,"max_hp_gain":0,"max_hp_loss":0,"event_name":"Wheel of Change","floor":10,"gold_loss":0},{"damage_healed":0,"gold_gain":0,"player_choice":"Obtained Book","damage_taken":16,"max_hp_gain":0,"max_hp_loss":0,"event_name":"Cursed Tome","floor":19,"gold_loss":0},{"damage_healed":29,"gold_gain":0,"player_choice":"Heal","damage_taken":0,"max_hp_gain":0,"max_hp_loss":0,"event_name":"The Library","floor":22,"gold_loss":0},{"damage_healed":0,"gold_gain":0,"player_choice":"Became a Ghost","damage_taken":0,"max_hp_gain":0,"max_hp_loss":44,"event_name":"Ghosts","floor":24,"gold_loss":0,"cards_obtained":["Ghostly","Ghostly","Ghostly","Ghostly","Ghostly"]},{"damage_healed":0,"gold_gain":100,"player_choice":"Pray","damage_taken":0,"max_hp_gain":0,"max_hp_loss":0,"event_name":"Golden Shrine","floor":30,"gold_loss":0}],"is_beta":false,"boss_relics":[{"not_picked":["Runic Dome","Tiny House"],"picked":"Coffee Dripper"}],"items_purged_floors":[],"is_endless":false,"potions_floor_spawned":[6,7,16,18,25,29],"killed_by":"Champ","ascension_level":0}