{"gold_per_floor":[11,11,23,33,33,66,66,66,66,66,35,70,70,70,70,167,167,177,195,124,143,157,157,157],"floor_reached":24,"playtime":761,"items_purged":[],"score":245,"play_id":"860b1fb0-56aa-40c6-a041-5d1e79056108","local_time":"20190509190510","is_ascension_mode":true,"campfire_choices":[{"floor":8,"key":"REST"},{"data":"Zap","floor":10,"key":"SMITH"},{"floor":13,"key":"REST"},{"data":"Dualcast","floor":15,"key":"SMITH"},{"floor":23,"key":"REST"}],"neow_cost":"NO_GOLD","seed_source_timestamp":2310354876640000,"circlet_count":0,"master_deck":["Strike_B","Strike_B","Strike_B","Strike_B","Defend_B","Defend_B","Defend_B","Defend_B","Zap+1","Dualcast+1","Ball Lightning","Doom and Gloom","Darkness+1","Fusion+1","Ball Lightning","Rainbow+1","Leap+1","Chaos+1","Consume+1","Redo+1"],"relics":["Cracked Core","Unceasing Top","Toxic Egg 2","Mummified Hand","Lantern","Bag of Marbles","Inserter"],"potions_floor_usage":[19,21,24,24],"damage_taken":[{"damage":1,"enemies":"Cultist","floor":1,"turns":3},{"damage":2,"enemies":"Small Slimes","floor":3,"turns":2},{"damage":16,"enemies":"Jaw Worm","floor":4,"turns":3},{"damage":23,"enemies":"Lagavulin","floor":6,"turns":6},{"damage":18,"enemies":"Gremlin Nob","floor":12,"turns":3},{"damage":28,"enemies":"Slime Boss","floor":16,"turns":6},{"damage":30,"enemies":"Shell Parasite","floor":18,"turns":5},{"damage":2,"enemies":"Chosen","floor":19,"turns":3},{"damage":25,"enemies":"Shelled Parasite and Fungi","floor":21,"turns":5},{"damage":30,"enemies":"3 Cultists","floor":22,"turns":5},{"damage":27,"enemies":"Gremlin Leader","floor":24,"turns":5}],"seed_played":"3582799655465960981","potions_obtained":[{"floor":6,"key":"Energy Potion"},{"floor":12,"key":"Weak Potion"},{"floor":18,"key":"FearPotion"},{"floor":19,"key":"Regen Potion"}],"is_trial":false,"path_per_floor":["M","?","M","M","$","E","?","R","T","R","?","E","R","$","R","B",null,"M","M","$","M","M","R","E"],"character_chosen":"DEFECT","items_purchased":["Consume+1"],"campfire_rested":3,"item_purchase_floors":[20],"current_hp_per_floor":[74,74,72,56,56,33,26,48,48,48,48,30,52,52,52,24,75,45,43,43,32,2,24,0],"gold":157,"neow_bonus":"ONE_RARE_RELIC","is_prod":false,"is_daily":false,"chose_seed":false,"campfire_upgraded":2,"win_rate":0,"timestamp":1557443110,"path_taken":["M","?","M","M","$","E","?","R","T","R","?","E","R","?","R","BOSS","M","M","$","M","M","R","E"],"build_version":"2019-01-23","purchased_purges":0,"victory":false,"max_hp_per_floor":[75,75,75,75,75,75,75,75,75,75,75,75,75,75,75,75,75,75,75,75,75,75,75,75],"card_choices":[{"not_picked":["Rebound","Hello World"],"picked":"Ball Lightning","floor":1},{"not_picked":["Compile Driver","BootSequence+1"],"picked":"Doom and Gloom","floor":3},{"not_picked":["Steam Power+1","Blizzard"],"picked":"Darkness+1","floor":4},{"not_picked":["Barrage","Stack+1"],"picked":"Fusion+1","floor":6},{"not_picked":["Streamline","Cold Snap"],"picked":"Ball Lightning","floor":12},{"not_picked":["Seek+1","Hyperbeam"],"picked":"Rainbow+1","floor":16},{"not_picked":["Ball Lightning+1","Aggregate+1"],"picked":"Leap+1","floor":18},{"not_picked":["Leap+1","Beam Cell"],"picked":"Chaos+1","floor":19},{"not_picked":["Sweeping Beam","Beam Cell","Streamline"],"picked":"SKIP","floor":21},{"not_picked":["Darkness+1","Steam+1"],"picked":"Redo+1","floor":22}],"player_experience":381476,"relics_obtained":[{"floor":6,"key":"Mummified Hand"},{"floor":9,"key":"Lantern"},{"floor":12,"key":"Bag of Marbles"}],"event_choices":[{"damage_healed":0,"gold_gain":0,"player_choice":"Box","damage_taken":0,"relics_obtained":["Toxic Egg 2"],"max_hp_gain":0,"max_hp_loss":0,"event_name":"Big Fish","floor":2,"gold_loss":0,"cards_obtained":["Regret"]},{"cards_removed":["Regret"],"damage_healed":0,"gold_gain":0,"player_choice":"Card Removal","damage_taken":7,"max_hp_gain":0,"max_hp_loss":0,"event_name":"Golden Wing","floor":7,"gold_loss":0},{"damage_healed":0,"gold_gain":0,"player_choice":"Left Gold","damage_taken":0,"max_hp_gain":0,"max_hp_loss":0,"event_name":"World of Goop","floor":11,"gold_loss":31}],"is_beta":false,"boss_relics":[{"not_picked":["White Beast Statue","FrozenCore"],"picked":"Inserter"}],"items_purged_floors":[],"is_endless":false,"potions_floor_spawned":[6,12,18,19],"killed_by":"Gremlin Leader","ascension_level":4}