{"gold_per_floor":[112,187,36,46,46,81,100,100,100,100,100,100,100,112,112,112],"floor_reached":16,"playtime":415,"items_purged":["Doubt"],"score":221,"play_id":"490cee55-4d30-49d0-a400-cbe630631128","local_time":"20190127214323","is_ascension_mode":true,"campfire_choices":[{"floor":8,"key":"REST"},{"floor":13,"key":"REST"},{"floor":15,"key":"REST"}],"neow_cost":"CURSE","seed_source_timestamp":321724483442500,"circlet_count":0,"master_deck":["AscendersBane","Strike_B","Strike_B","Strike_B","Strike_B","Defend_B","Defend_B","Defend_B","Defend_B","Zap","Dualcast","BootSequence","Cold Snap","Leap","White Noise"],"relics":["Cracked Core","Dodecahedron","Pear"],"potions_floor_usage":[6,6,14,16,16],"damage_taken":[{"damage":1,"enemies":"2 Louse","floor":1,"turns":3},{"damage":2,"enemies":"Cultist","floor":4,"turns":4},{"damage":52,"enemies":"Gremlin Nob","floor":6,"turns":5},{"damage":4,"enemies":"Small Slimes","floor":7,"turns":4},{"damage":35,"enemies":"Exordium Thugs","floor":14,"turns":8},{"damage":64,"enemies":"Slime Boss","floor":16,"turns":9}],"seed_played":"9138979638267530599","potions_obtained":[{"floor":4,"key":"AttackPotion"},{"floor":5,"key":"EssenceOfSteel"},{"floor":6,"key":"Energy Potion"},{"floor":7,"key":"FocusPotion"},{"floor":14,"key":"LiquidBronze"}],"is_trial":false,"path_per_floor":["M","?","$","M","?","E","M","R","T","$","?","$","R","M","R","B"],"character_chosen":"DEFECT","items_purchased":["BootSequence"],"campfire_rested":3,"item_purchase_floors":[3],"current_hp_per_floor":[77,66,66,64,64,12,8,33,43,43,43,43,71,36,64,0],"gold":112,"neow_bonus":"TWENTY_PERCENT_HP_BONUS","is_prod":false,"is_daily":false,"chose_seed":false,"campfire_upgraded":0,"win_rate":0,"timestamp":1548625403,"path_taken":["M","?","$","M","?","E","?","R","T","$","?","$","R","M","R","BOSS"],"build_version":"2019-01-23","purchased_purges":1,"victory":false,"max_hp_per_floor":[85,85,85,85,85,85,85,85,95,95,95,95,95,95,95,95],"card_choices":[{"not_picked":["Compile Driver","Heatsinks","Streamline"],"picked":"SKIP","floor":1},{"not_picked":["Loop","Turbo"],"picked":"Cold Snap","floor":4},{"not_picked":["Thunder Strike","Conserve Battery"],"picked":"Leap","floor":6},{"not_picked":["BootSequence","Hello World","Compile Driver"],"picked":"SKIP","floor":7},{"not_picked":["Cold Snap","Barrage"],"picked":"White Noise","floor":14}],"player_experience":1244112,"relics_obtained":[{"floor":6,"key":"Dodecahedron"},{"floor":9,"key":"Pear"}],"event_choices":[{"damage_healed":0,"gold_gain":75,"player_choice":"Gather Gold","damage_taken":11,"max_hp_gain":0,"max_hp_loss":0,"event_name":"World of Goop","floor":2,"gold_loss":0},{"damage_healed":0,"gold_gain":0,"player_choice":"Got Potions","damage_taken":0,"max_hp_gain":0,"max_hp_loss":0,"event_name":"Lab","floor":5,"gold_loss":0},{"damage_healed":0,"gold_gain":0,"player_choice":"Ignored","damage_taken":0,"max_hp_gain":0,"max_hp_loss":0,"event_name":"Golden Wing","floor":11,"gold_loss":0}],"is_beta":false,"boss_relics":[],"items_purged_floors":[3],"is_endless":false,"potions_floor_spawned":[4,6,7,14],"killed_by":"Slime Boss","ascension_level":20}