{"gold_per_floor":[217,62,62,76,76,76,91,91,91,91,91,10,10,30,30,156,156,170,124,124,39,39,70,70,70,70,70,88,88,109,129,129,129],"floor_reached":33,"playtime":574,"items_purged":[],"score":251,"play_id":"7df3678f-b6a3-4850-80dd-ab61f3e94bf6","local_time":"20190608150457","is_ascension_mode":false,"campfire_choices":[{"data":"Wild Strike","floor":6,"key":"SMITH"},{"data":"Feed","floor":11,"key":"SMITH"},{"data":"Hemokinesis","floor":13,"key":"SMITH"},{"data":"Bash","floor":15,"key":"SMITH"},{"data":"RitualDagger","floor":24,"key":"SMITH"},{"floor":32,"key":"REST"}],"neow_cost":"NONE","seed_source_timestamp":3421324040819,"circlet_count":0,"master_deck":["Strike_R+1","Strike_R+1","Strike_R+1","Strike_R+1","Strike_R+1","Defend_R+1","Defend_R+1","Defend_R+1","Defend_R+1","Bash+1","Wild Strike+1","Feed+1","Wild Strike+1","Hemokinesis+1","Anger","Impervious","Shrug It Off","RitualDagger+1","Sever Soul+1","Hemokinesis","True Grit"],"relics":["Burning Blood","Orichalcum","NlothsMask","Golden Idol","Happy Flower","Runic Dome","Anchor","Self Forming Clay","Blood Vial","Potion Belt"],"potions_floor_usage":[],"damage_taken":[{"damage":7,"enemies":"Small Slimes","floor":1,"turns":4},{"damage":4,"enemies":"Cultist","floor":4,"turns":4},{"damage":0,"enemies":"2 Louse","floor":7,"turns":2},{"damage":7,"enemies":"Blue Slaver","floor":14,"turns":2},{"damage":21,"enemies":"Slime Boss","floor":16,"turns":9},{"damage":14,"enemies":"Shell Parasite","floor":18,"turns":4},{"damage":13,"enemies":"Gremlin Leader","floor":23,"turns":3},{"damage":2,"enemies":"Chosen","floor":28,"turns":3},{"damage":2,"enemies":"Snecko","floor":30,"turns":3},{"damage":20,"enemies":"Snake Plant","floor":31,"turns":3},{"damage":124,"enemies":"Automaton","floor":33,"turns":12}],"seed_played":"-34842972933955816","potions_obtained":[{"floor":4,"key":"Regen Potion"},{"floor":7,"key":"Swift Potion"},{"floor":16,"key":"GamblersBrew"}],"is_trial":false,"path_per_floor":["M","$","?","M","?","R","M","T","T","?","R","$","R","M","R","B",null,"M","$","?","?","?","E","R","?","T","$","M","?","M","M","R","B"],"character_chosen":"IRONCLAD","items_purchased":["Orichalcum","Hemokinesis","Shrug It Off"],"campfire_rested":1,"item_purchase_floors":[2,12,19],"current_hp_per_floor":[79,79,79,80,74,74,74,74,74,74,74,74,74,73,73,62,78,70,70,70,70,64,57,57,57,57,57,67,67,77,65,86,0],"gold":129,"neow_bonus":"HUNDRED_GOLD","is_prod":false,"is_daily":false,"chose_seed":false,"campfire_upgraded":5,"win_rate":0,"timestamp":1560020697,"path_taken":["M","$","?","?","?","R","M","?","T","?","R","?","R","M","R","BOSS","M","$","?","?","?","E","R","?","T","$","M","?","M","M","R","BOSS"],"build_version":"2019-01-23","purchased_purges":0,"victory":false,"max_hp_per_floor":[80,80,80,80,74,74,74,74,74,74,74,74,74,74,74,78,78,78,78,78,78,78,78,78,78,78,78,82,82,86,86,86,86],"card_choices":[{"not_picked":["Havoc","Sword Boomerang"],"picked":"Wild Strike","floor":1},{"not_picked":["Pommel Strike","Wild Strike"],"picked":"Feed","floor":4},{"not_picked":["True Grit","Headbutt"],"picked":"Wild Strike","floor":7},{"not_picked":["Reckless Charge","Headbutt"],"picked":"Anger","floor":14},{"not_picked":["Reaper","Bludgeon"],"picked":"Impervious","floor":16},{"not_picked":["Pummel","Warcry+1","Flex"],"picked":"SKIP","floor":18},{"not_picked":["Armaments","Feel No Pain","Havoc"],"picked":"SKIP","floor":23},{"not_picked":["Evolve","Warcry"],"picked":"Sever Soul+1","floor":28},{"not_picked":["Bludgeon","Entrench"],"picked":"Hemokinesis","floor":30},{"not_picked":["Wild Strike","Rage"],"picked":"True Grit","floor":31}],"player_experience":404886,"relics_obtained":[{"floor":9,"key":"Happy Flower"},{"floor":23,"key":"Self Forming Clay"},{"floor":26,"key":"Blood Vial"}],"event_choices":[{"damage_healed":0,"gold_gain":0,"player_choice":"Trade","damage_taken":0,"relics_obtained":["NlothsMask"],"max_hp_gain":0,"max_hp_loss":0,"event_name":"FaceTrader","floor":3,"gold_loss":0},{"damage_healed":0,"gold_gain":0,"player_choice":"Lose Max HP","damage_taken":0,"relics_obtained":["Golden Idol"],"max_hp_gain":0,"max_hp_loss":6,"event_name":"Golden Idol","floor":5,"gold_loss":0},{"damage_healed":0,"gold_gain":0,"player_choice":"Grow","damage_taken":0,"max_hp_gain":0,"max_hp_loss":0,"event_name":"Living Wall","floor":10,"gold_loss":0,"cards_upgraded":["Wild Strike"]},{"damage_healed":0,"gold_gain":0,"player_choice":"Ignored","damage_taken":0,"max_hp_gain":0,"max_hp_loss":0,"event_name":"Beggar","floor":20,"gold_loss":0},{"damage_healed":0,"gold_gain":0,"player_choice":"Obtained Relic","damage_taken":0,"relics_obtained":["Anchor"],"max_hp_gain":0,"max_hp_loss":0,"event_name":"Addict","floor":21,"gold_loss":85},{"damage_healed":0,"gold_gain":0,"player_choice":"Joined the Cult","damage_taken":6,"max_hp_gain":0,"max_hp_loss":0,"event_name":"Nest","floor":22,"gold_loss":0,"cards_obtained":["RitualDagger"]},{"damage_healed":0,"gold_gain":0,"player_choice":"Simplicity","damage_taken":0,"max_hp_gain":0,"max_hp_loss":0,"event_name":"Back to Basics","floor":25,"gold_loss":0,"cards_upgraded":["Strike_R","Strike_R","Strike_R","Strike_R","Strike_R","Defend_R","Defend_R","Defend_R","Defend_R"]},{"damage_healed":0,"gold_gain":0,"player_choice":"Opened","damage_taken":0,"relics_obtained":["Potion Belt"],"max_hp_gain":0,"max_hp_loss":0,"event_name":"The Mausoleum","floor":29,"gold_loss":0}],"is_beta":false,"boss_relics":[{"not_picked":["Philosopher\u0027s Stone","Calling Bell"],"picked":"Runic Dome"}],"items_purged_floors":[],"is_endless":false,"potions_floor_spawned":[4,7,16,28],"killed_by":"Automaton","ascension_level":0}