{"gold_per_floor":[116,116,45,58,78,111,122,122,168,168,197,211,211,229,229,324,324,335,353,373,472,35,35,60,11,36,50,50,79,92,110,110,212,212,226,246,262,272,272,272,287,321,344,344,363,363,43,55,55,55],"floor_reached":50,"playtime":3903,"items_purged":["Strike_B"],"score":530,"play_id":"bed9cbf0-db9c-4f55-8164-7a63cb15fc20","local_time":"20190702233611","is_ascension_mode":false,"campfire_choices":[{"floor":10,"key":"REST"},{"floor":13,"key":"REST"},{"data":"Genetic Algorithm","floor":15,"key":"SMITH"},{"data":"Echo Form","floor":23,"key":"SMITH"},{"data":"Double Energy","floor":28,"key":"SMITH"},{"floor":32,"key":"REST"},{"floor":40,"key":"REST"},{"floor":44,"key":"REST"},{"floor":46,"key":"RECALL"},{"floor":49,"key":"REST"}],"neow_cost":"NONE","seed_source_timestamp":960947231012005,"circlet_count":0,"master_deck":["Strike_B","Strike_B+1","Strike_B+1","Defend_B","Defend_B","Defend_B","Defend_B","Zap","Dualcast","Compile Driver","Amplify","Static Discharge","Genetic Algorithm","Go for the Eyes+1","Conserve Battery","Doom and Gloom+1","Conserve Battery","Genetic Algorithm+1","Echo Form+1","Sweeping Beam+1","Double Energy+1","Defragment","Rage","Leap","Chill","Footwork","Undo","Leap+1","Darkness+1","Redo+1","BootSequence","Leap","Steam"],"relics":["Cracked Core","Calipers","Molten Egg 2","Blood Vial","Omamori","Runic Pyramid","PrismaticShard","Bronze Scales","Dream Catcher","Whetstone","Bottled Lightning","Inserter","Boot","DataDisk"],"potions_floor_usage":[6,7,8,11,11,12,12,19,20,24,33,33,42,50,50],"damage_taken":[{"damage":2,"enemies":"Small Slimes","floor":1,"turns":3},{"damage":6,"enemies":"Jaw Worm","floor":4,"turns":2},{"damage":6,"enemies":"Cultist","floor":5,"turns":3},{"damage":38,"enemies":"3 Sentries","floor":6,"turns":5},{"damage":0,"enemies":"Blue Slaver","floor":7,"turns":4},{"damage":0,"enemies":"Red Slaver","floor":8,"turns":1},{"damage":5,"enemies":"Lagavulin","floor":11,"turns":7},{"damage":1,"enemies":"Large Slime","floor":12,"turns":6},{"damage":0,"enemies":"Looter","floor":14,"turns":3},{"damage":37,"enemies":"The Guardian","floor":16,"turns":10},{"damage":7,"enemies":"3 Byrds","floor":18,"turns":5},{"damage":0,"enemies":"Shell Parasite","floor":19,"turns":6},{"damage":15,"enemies":"Snake Plant","floor":20,"turns":5},{"damage":17,"enemies":"Gremlin Leader","floor":24,"turns":8},{"damage":3,"enemies":"3 Cultists","floor":27,"turns":4},{"damage":33,"enemies":"Slavers","floor":29,"turns":6},{"damage":6,"enemies":"Sentry and Sphere","floor":30,"turns":6},{"damage":0,"enemies":"Shelled Parasite and Fungi","floor":31,"turns":6},{"damage":19,"enemies":"Collector","floor":33,"turns":15},{"damage":8,"enemies":"3 Shapes","floor":35,"turns":5},{"damage":19,"enemies":"3 Darklings","floor":36,"turns":8},{"damage":0,"enemies":"Spire Growth","floor":37,"turns":8},{"damage":11,"enemies":"Writhing Mass","floor":38,"turns":9},{"damage":24,"enemies":"Maw","floor":41,"turns":9},{"damage":35,"enemies":"Giant Head","floor":42,"turns":13},{"damage":0,"enemies":"Jaw Worm Horde","floor":45,"turns":9},{"damage":2,"enemies":"3 Darklings","floor":48,"turns":5},{"damage":63,"enemies":"Awakened One","floor":50,"turns":13}],"seed_played":"5638845008543296103","potions_obtained":[{"floor":0,"key":"SmokeBomb"},{"floor":0,"key":"EssenceOfSteel"},{"floor":0,"key":"SkillPotion"},{"floor":6,"key":"Block Potion"},{"floor":7,"key":"SteroidPotion"},{"floor":11,"key":"EntropicBrew"},{"floor":12,"key":"GamblersBrew"},{"floor":18,"key":"Energy Potion"},{"floor":24,"key":"FearPotion"},{"floor":30,"key":"AttackPotion"},{"floor":31,"key":"SkillPotion"},{"floor":35,"key":"Dexterity Potion"},{"floor":37,"key":"Ancient Potion"},{"floor":42,"key":"Ancient Potion"},{"floor":48,"key":"Energy Potion"}],"is_trial":false,"path_per_floor":["M","?","$","M","M","E","M","M","T","R","E","M","R","M","R","B",null,"M","M","M","?","$","R","E","$","T","M","R","E","M","M","R","B",null,"M","M","M","M","?","R","M","E","T","R","M","R","$","M","R","B"],"character_chosen":"DEFECT","items_purchased":["Amplify","Defragment","PrismaticShard","Bronze Scales","Leap","DataDisk","Leap","Steam"],"campfire_rested":6,"item_purchase_floors":[3,22,22,22,25,47,47,47],"current_hp_per_floor":[73,61,61,55,49,11,11,11,11,33,30,31,53,55,55,20,75,68,70,57,57,57,57,42,42,42,41,41,10,6,8,30,13,75,67,50,52,43,43,65,43,10,10,32,34,34,34,34,56,0],"gold":55,"neow_bonus":"THREE_SMALL_POTIONS","is_prod":false,"is_daily":false,"chose_seed":false,"campfire_upgraded":3,"win_rate":0,"timestamp":1562135771,"path_taken":["M","?","$","M","M","E","M","M","T","R","E","M","R","M","R","BOSS","M","M","M","?","$","R","E","$","T","M","R","E","M","M","R","BOSS","M","M","M","M","?","R","M","E","T","R","M","R","?","M","R","BOSS"],"build_version":"2019-07-01","purchased_purges":1,"victory":false,"max_hp_per_floor":[75,75,75,75,75,75,75,75,75,75,75,75,75,75,75,75,75,75,75,75,75,75,75,75,75,75,75,75,75,75,75,75,75,75,75,75,75,75,75,75,75,75,75,75,75,75,75,75,75,75],"card_choices":[{"not_picked":["Redo","Lockon"],"picked":"Compile Driver","floor":1},{"not_picked":["Gash","Hologram"],"picked":"Static Discharge","floor":4},{"not_picked":["Go for the Eyes","Cold Snap"],"picked":"Genetic Algorithm","floor":5},{"not_picked":["All For One","Reprogram"],"picked":"Go for the Eyes","floor":6},{"not_picked":["Reprogram","Loop"],"picked":"Conserve Battery","floor":7},{"not_picked":["Turbo","Ball Lightning+1"],"picked":"Doom and Gloom+1","floor":11},{"not_picked":["Auto Shields","Barrage+1"],"picked":"Conserve Battery","floor":12},{"not_picked":["Compile Driver+1","Steam"],"picked":"Genetic Algorithm","floor":14},{"not_picked":["Biased Cognition","All For One+1"],"picked":"Echo Form","floor":16},{"not_picked":["Gash+1","Go for the Eyes+1"],"picked":"Sweeping Beam+1","floor":18},{"not_picked":["Cold Snap+1","Compile Driver+1"],"picked":"Double Energy","floor":19},{"not_picked":["Streamline+1","Beam Cell+1","Redo"],"picked":"SKIP","floor":20},{"not_picked":["Unload+1","Bane+1"],"picked":"Rage","floor":24},{"not_picked":["Heel Hook+1","Deadly Poison"],"picked":"Chill","floor":27},{"not_picked":["Beam Cell+1","Flying Knee+1"],"picked":"Footwork","floor":29},{"not_picked":["Warcry","Ball Lightning+1","Conserve Battery"],"picked":"SKIP","floor":30},{"not_picked":["Amplify","Bane+1","Rampage+1"],"picked":"SKIP","floor":31},{"not_picked":["Perfected Strike+1","Twin Strike+1"],"picked":"Undo","floor":32},{"not_picked":["Deadly Poison+1","Dagger Spray+1","Evolve"],"picked":"SKIP","floor":35},{"not_picked":["Prepared+1","Defragment"],"picked":"Leap+1","floor":36},{"not_picked":["Bane+1","Heavy Blade+1","Cleave+1"],"picked":"SKIP","floor":37},{"not_picked":["Combust","Deadly Poison+1"],"picked":"Darkness+1","floor":38},{"not_picked":["PanicButton","Dagger Spray+1"],"picked":"Redo+1","floor":40},{"not_picked":["Whirlwind+1","Rupture+1","Dagger Spray+1"],"picked":"SKIP","floor":41},{"not_picked":["HandOfGreed+1","Clothesline+1"],"picked":"BootSequence","floor":42},{"not_picked":["Cold Snap+1","Distraction","Capacitor"],"picked":"SKIP","floor":45},{"not_picked":["True Grit","Underhanded Strike+1","Havoc"],"picked":"SKIP","floor":48}],"player_experience":607550,"relics_obtained":[{"floor":6,"key":"Molten Egg 2"},{"floor":9,"key":"Blood Vial"},{"floor":11,"key":"Omamori"},{"floor":24,"key":"Dream Catcher"},{"floor":26,"key":"Whetstone"},{"floor":29,"key":"Bottled Lightning"},{"floor":42,"key":"Boot"}],"event_choices":[{"damage_healed":0,"gold_gain":0,"player_choice":"Success","damage_taken":12,"relics_obtained":["Calipers"],"max_hp_gain":0,"max_hp_loss":0,"event_name":"Scrap Ooze","floor":2,"gold_loss":0},{"damage_healed":0,"gold_gain":99,"player_choice":"Stole From Cult","damage_taken":0,"max_hp_gain":0,"max_hp_loss":0,"event_name":"Nest","floor":21,"gold_loss":0},{"damage_healed":0,"gold_gain":0,"player_choice":"Bought 0 Potions","damage_taken":0,"max_hp_gain":0,"max_hp_loss":0,"event_name":"The Woman in Blue","floor":39,"gold_loss":0}],"is_beta":false,"boss_relics":[{"not_picked":["Ectoplasm","Runic Dome"],"picked":"Runic Pyramid"},{"not_picked":["Empty Cage","Velvet Choker"],"picked":"Inserter"}],"items_purged_floors":[47],"is_endless":false,"potions_floor_spawned":[4,6,7,11,12,18,24,30,31,35,37,42,48],"killed_by":"Awakened One","ascension_level":0}