{"gold_per_floor":[115,62,82,52,64,64,93,93,116,148,148,148,113,113,113,213,213,181,228,101,121,138,138,155,155,155,155,175,203,203,203],"floor_reached":31,"playtime":1277,"items_purged":["Doubt"],"score":417,"play_id":"a791f337-1c52-4b87-9957-24a19a31724a","local_time":"20190623131447","is_ascension_mode":true,"campfire_choices":[{"data":"Zap","floor":6,"key":"SMITH"},{"floor":8,"key":"REST"},{"floor":12,"key":"REST"},{"floor":15,"key":"REST"},{"floor":23,"key":"REST"},{"floor":25,"key":"REST"},{"floor":27,"key":"REST"}],"neow_cost":"CURSE","seed_source_timestamp":1843158586469,"circlet_count":0,"master_deck":["AscendersBane","Defend_B","Defend_B","Defend_B","Defend_B","Zap+1","Dualcast","Streamline","Hologram","Loop","Rebound","Coolheaded","Coolheaded","Core Surge","Blizzard","Compile Driver","Conserve Battery+1","Conserve Battery","Bite","Bite","Bite","Bite","Bite"],"relics":["Cracked Core","Ginger","PreservedInsect","Blood Vial","Girya","Smiling Mask","NlothsMask","Sozu","Pear","Meat on the Bone"],"potions_floor_usage":[18,24,29],"damage_taken":[{"damage":6,"enemies":"2 Louse","floor":1,"turns":3},{"damage":1,"enemies":"Cultist","floor":3,"turns":3},{"damage":5,"enemies":"Small Slimes","floor":5,"turns":3},{"damage":30,"enemies":"Lagavulin","floor":7,"turns":6},{"damage":23,"enemies":"3 Sentries","floor":10,"turns":7},{"damage":58,"enemies":"Slime Boss","floor":16,"turns":17},{"damage":34,"enemies":"2 Thieves","floor":18,"turns":5},{"damage":10,"enemies":"Spheric Guardian","floor":21,"turns":4},{"damage":20,"enemies":"Centurion and Healer","floor":22,"turns":8},{"damage":19,"enemies":"Snake Plant","floor":24,"turns":5},{"damage":44,"enemies":"Shelled Parasite and Fungi","floor":28,"turns":8},{"damage":21,"enemies":"Gremlin Leader","floor":29,"turns":10},{"damage":7,"enemies":"Book of Stabbing","floor":31,"turns":1}],"seed_played":"-3721955550677874077","potions_obtained":[{"floor":3,"key":"Swift Potion"},{"floor":4,"key":"SkillPotion"},{"floor":4,"key":"SpeedPotion"}],"is_trial":false,"path_per_floor":["M","$","M","?","M","R","E","R","T","E","?","R","?","?","R","B",null,"M","T","$","M","M","R","M","R","T","R","M","E","?","E"],"character_chosen":"DEFECT","items_purchased":["Hologram","Blizzard"],"campfire_rested":6,"item_purchase_floors":[2,20],"current_hp_per_floor":[62,62,61,61,56,56,26,48,48,27,9,31,49,49,71,15,60,28,28,28,20,2,24,7,29,39,64,22,3,3,0],"gold":203,"neow_bonus":"ONE_RARE_RELIC","is_prod":false,"is_daily":false,"chose_seed":false,"campfire_upgraded":1,"win_rate":0,"timestamp":1561310087,"path_taken":["M","$","M","?","?","R","E","R","T","E","?","R","?","?","R","BOSS","M","?","$","?","M","R","M","R","T","R","?","E","?","E"],"build_version":"2019-01-23","purchased_purges":1,"victory":false,"max_hp_per_floor":[75,75,75,75,75,75,75,75,75,75,75,75,75,75,75,75,75,75,75,75,75,75,75,75,75,85,85,85,85,59,59],"card_choices":[{"not_picked":["Stack","Steam Power"],"picked":"Streamline","floor":1},{"not_picked":["Barrage","Go for the Eyes"],"picked":"Loop","floor":3},{"not_picked":["Stack","Darkness"],"picked":"Rebound","floor":5},{"not_picked":["Steam Power","Barrage"],"picked":"Coolheaded","floor":7},{"not_picked":["Buffer","Hologram"],"picked":"Coolheaded","floor":10},{"not_picked":["Thunder Strike","Echo Form"],"picked":"Core Surge","floor":16},{"not_picked":["Coolheaded","Stack","Steam Power"],"picked":"SKIP","floor":18},{"not_picked":["Gash","Go for the Eyes"],"picked":"Compile Driver","floor":21},{"not_picked":["Compile Driver+1","Sweeping Beam"],"picked":"Conserve Battery+1","floor":22},{"not_picked":["Beam Cell","Compile Driver","Gash"],"picked":"SKIP","floor":24},{"not_picked":["Force Field","Gash"],"picked":"Conserve Battery","floor":28},{"not_picked":["Sweeping Beam","Go for the Eyes+1","All For One"],"picked":"SKIP","floor":29}],"player_experience":436472,"relics_obtained":[{"floor":7,"key":"PreservedInsect"},{"floor":9,"key":"Blood Vial"},{"floor":10,"key":"Girya"},{"floor":26,"key":"Pear"},{"floor":29,"key":"Meat on the Bone"}],"event_choices":[{"damage_healed":0,"gold_gain":0,"player_choice":"Bought 2 Potions","damage_taken":0,"max_hp_gain":0,"max_hp_loss":0,"event_name":"The Woman in Blue","floor":4,"gold_loss":0},{"damage_healed":0,"gold_gain":0,"player_choice":"Success","damage_taken":18,"relics_obtained":["Smiling Mask"],"max_hp_gain":0,"max_hp_loss":0,"event_name":"Scrap Ooze","floor":11,"gold_loss":0},{"damage_healed":18,"gold_gain":0,"player_choice":"Healed","damage_taken":0,"max_hp_gain":0,"max_hp_loss":0,"event_name":"The Cleric","floor":13,"gold_loss":35},{"damage_healed":0,"gold_gain":0,"player_choice":"Trade","damage_taken":0,"relics_obtained":["NlothsMask"],"max_hp_gain":0,"max_hp_loss":0,"event_name":"FaceTrader","floor":14,"gold_loss":0},{"damage_healed":0,"gold_gain":0,"player_choice":"Became a vampire","damage_taken":0,"max_hp_gain":0,"max_hp_loss":26,"event_name":"Vampires","floor":30,"gold_loss":0,"cards_obtained":["Bite","Bite","Bite","Bite","Bite"]}],"is_beta":false,"boss_relics":[{"not_picked":["Snecko Eye","Velvet Choker"],"picked":"Sozu"}],"items_purged_floors":[20],"is_endless":false,"potions_floor_spawned":[3,5,10,22,24,29],"killed_by":"Book of Stabbing","ascension_level":10}