{"gold_per_floor":[11,30,45,45,58,58,89,89,141,169,182,182,182,214,214,289,289,302,174,40,40,60,60,78,91,91,6,6,6,6,41,41,115,115,130,144,144,155,173,173,173,173,226,226,207,207,219,236,236,236],"floor_reached":51,"playtime":3909,"items_purged":["Defend_R"],"score":1283,"play_id":"5363b3c1-9d95-4471-a8c9-1e1e07995dab","local_time":"20190113140441","is_ascension_mode":true,"campfire_choices":[{"data":"Wild Strike","floor":6,"key":"SMITH"},{"floor":8,"key":"REST"},{"data":"Armaments","floor":12,"key":"SMITH"},{"floor":15,"key":"REST"},{"data":"Inflame","floor":23,"key":"SMITH"},{"data":"Limit Break","floor":28,"key":"SMITH"},{"data":"Metallicize","floor":30,"key":"SMITH"},{"data":"Evolve","floor":32,"key":"SMITH"},{"data":"Iron Wave","floor":40,"key":"SMITH"},{"floor":42,"key":"REST"},{"data":"Disarm","floor":49,"key":"SMITH"}],"neow_cost":"NO_GOLD","seed_source_timestamp":207822524190646,"circlet_count":0,"master_deck":["AscendersBane","Strike_R","Strike_R","Strike_R","Defend_R","Defend_R","Bash","Feed","Thunderclap","Evolve+1","Wild Strike+1","Headbutt","Cleave","Armaments+1","Metallicize+1","Limit Break+1","Iron Wave+1","Inflame+1","Intimidate","Shockwave+1","Inflame+1","Heavy Blade+1","Dropkick","Bash","Shrug It Off","Disarm+1"],"relics":["Burning Blood","The Courier","Orichalcum","PreservedInsect","Vajra","Gremlin Horn","White Beast Statue","Blood Vial","Red Skull","Omamori","MutagenicStrength","Oddly Smooth Stone","Mark of Pain","Dream Catcher"],"potions_floor_usage":[10,14,16,24,24,25,31,33,36,38,39,50,50],"damage_taken":[{"damage":2,"enemies":"Jaw Worm","floor":1,"turns":3},{"damage":6,"enemies":"Cultist","floor":2,"turns":4},{"damage":8,"enemies":"2 Louse","floor":3,"turns":4},{"damage":17,"enemies":"Lots of Slimes","floor":5,"turns":3},{"damage":66,"enemies":"Lagavulin","floor":7,"turns":7},{"damage":10,"enemies":"Gremlin Nob","floor":10,"turns":3},{"damage":15,"enemies":"Large Slime","floor":11,"turns":4},{"damage":9,"enemies":"3 Sentries","floor":14,"turns":5},{"damage":6,"enemies":"Slime Boss","floor":16,"turns":8},{"damage":38,"enemies":"3 Byrds","floor":18,"turns":7},{"damage":30,"enemies":"Chosen","floor":22,"turns":7},{"damage":10,"enemies":"Centurion and Healer","floor":24,"turns":5},{"damage":4,"enemies":"3 Cultists","floor":25,"turns":5},{"damage":0,"enemies":"Gremlin Leader","floor":31,"turns":4},{"damage":42,"enemies":"Champ","floor":33,"turns":7},{"damage":8,"enemies":"3 Shapes","floor":35,"turns":4},{"damage":16,"enemies":"3 Darklings","floor":36,"turns":3},{"damage":14,"enemies":"Maw","floor":38,"turns":6},{"damage":23,"enemies":"Spire Growth","floor":39,"turns":4},{"damage":15,"enemies":"Transient","floor":47,"turns":5},{"damage":7,"enemies":"Writhing Mass","floor":48,"turns":6},{"damage":86,"enemies":"Awakened One","floor":50,"turns":12}],"seed_played":"7588226721255243022","potions_obtained":[{"floor":3,"key":"Strength Potion"},{"floor":7,"key":"Poison Potion"},{"floor":11,"key":"Weak Potion"},{"floor":18,"key":"Regen Potion"},{"floor":22,"key":"EssenceOfSteel"},{"floor":24,"key":"Regen Potion"},{"floor":25,"key":"Explosive Potion"},{"floor":31,"key":"Strength Potion"},{"floor":33,"key":"Poison Potion"},{"floor":35,"key":"AttackPotion"},{"floor":36,"key":"Block Potion"},{"floor":38,"key":"Explosive Potion"},{"floor":39,"key":"Block Potion"}],"is_trial":false,"path_per_floor":["M","M","M","?","M","R","E","R","T","E","M","R","?","E","R","B",null,"M","$","$","?","M","R","M","M","T","?","R","?","R","E","R","B",null,"M","M","?","M","M","R","$","R","T","?","$","?","M","M","R","B",null],"character_chosen":"IRONCLAD","items_purchased":["Inflame","Blood Vial","Shrug It Off"],"campfire_rested":3,"item_purchase_floors":[19,20,45],"current_hp_per_floor":[75,78,79,79,71,71,14,41,41,37,28,28,28,28,55,55,84,56,56,56,56,38,38,53,75,75,75,75,75,75,83,83,53,97,100,95,95,89,74,74,74,109,109,109,109,109,102,103,103,28],"gold":236,"neow_bonus":"THREE_RARE_CARDS","is_prod":false,"is_daily":false,"chose_seed":false,"campfire_upgraded":8,"win_rate":0,"timestamp":1547388281,"path_taken":["M","M","M","?","M","R","E","R","T","E","?","R","?","E","R","BOSS","M","?","$","?","M","R","M","?","T","?","R","?","R","E","R","BOSS","M","M","?","?","M","R","$","R","T","?","$","?","M","M","R","BOSS"],"build_version":"2019-01-10","purchased_purges":1,"victory":true,"max_hp_per_floor":[78,81,84,84,87,87,90,90,90,90,90,90,90,93,93,93,93,97,97,97,97,101,101,104,108,108,108,108,108,108,108,108,112,112,115,118,118,118,118,118,118,118,118,118,118,118,118,118,118,121],"card_choices":[{"not_picked":["Dark Embrace","Exhume"],"picked":"Feed","floor":0},{"not_picked":["Havoc","Sever Soul"],"picked":"Thunderclap","floor":1},{"not_picked":["Carnage","Sword Boomerang"],"picked":"Evolve","floor":2},{"not_picked":["Infernal Blade","Dropkick"],"picked":"Wild Strike","floor":3},{"not_picked":["Seeing Red","Thunderclap","Bloodletting"],"picked":"SKIP","floor":5},{"not_picked":["Thunderclap","Infernal Blade"],"picked":"Headbutt","floor":7},{"not_picked":["Sentinel","Fire Breathing"],"picked":"Cleave","floor":10},{"not_picked":["True Grit","Berserk"],"picked":"Armaments","floor":11},{"not_picked":["Perfected Strike","Pommel Strike"],"picked":"Metallicize","floor":14},{"not_picked":["Reaper","Demon Form"],"picked":"Limit Break","floor":16},{"not_picked":["Body Slam","Headbutt"],"picked":"Iron Wave","floor":18},{"not_picked":["Cleave","Clothesline"],"picked":"Shockwave+1","floor":22},{"not_picked":["Flex","Pummel"],"picked":"Inflame+1","floor":24},{"not_picked":["Armaments","Iron Wave","Cleave"],"picked":"SKIP","floor":25},{"not_picked":["Cleave","Whirlwind","Combust"],"picked":"SKIP","floor":31},{"not_picked":["Flex","Cleave"],"picked":"Heavy Blade+1","floor":35},{"not_picked":["Clothesline","Body Slam"],"picked":"Dropkick","floor":36},{"not_picked":["Whirlwind","Corruption+1","Anger"],"picked":"SKIP","floor":38},{"not_picked":["Cleave","Body Slam","Metallicize"],"picked":"SKIP","floor":39},{"not_picked":["Burning Pact","Body Slam"],"picked":"Disarm","floor":47},{"not_picked":["Wild Strike","Thunderclap","Rage"],"picked":"SKIP","floor":48}],"player_experience":1065208,"relics_obtained":[{"floor":4,"key":"The Courier"},{"floor":7,"key":"Orichalcum"},{"floor":9,"key":"PreservedInsect"},{"floor":10,"key":"Vajra"},{"floor":14,"key":"Gremlin Horn"},{"floor":26,"key":"Red Skull"},{"floor":31,"key":"Oddly Smooth Stone"},{"floor":43,"key":"Dream Catcher"}],"event_choices":[{"damage_healed":0,"gold_gain":0,"player_choice":"Relic","damage_taken":0,"max_hp_gain":0,"max_hp_loss":0,"event_name":"Wheel of Change","floor":4,"gold_loss":0},{"cards_removed":["Strike_R"],"damage_healed":0,"gold_gain":0,"player_choice":"Offered Basic","damage_taken":0,"max_hp_gain":0,"max_hp_loss":0,"event_name":"Bonfire Elementals","floor":13,"gold_loss":0},{"damage_healed":0,"gold_gain":0,"cards_transformed":["Strike_R"],"player_choice":"Transformed","damage_taken":0,"max_hp_gain":0,"max_hp_loss":0,"event_name":"Transmorgrifier","floor":21,"gold_loss":0,"cards_obtained":["Intimidate"]},{"damage_healed":0,"gold_gain":0,"player_choice":"Obtained Relic","damage_taken":0,"relics_obtained":["Omamori"],"max_hp_gain":0,"max_hp_loss":0,"event_name":"Addict","floor":27,"gold_loss":85},{"damage_healed":0,"gold_gain":0,"player_choice":"Inject Mutagens","damage_taken":0,"relics_obtained":["MutagenicStrength"],"max_hp_gain":0,"max_hp_loss":0,"event_name":"Drug Dealer","floor":29,"gold_loss":0},{"damage_healed":0,"gold_gain":0,"player_choice":"1 cards matched","damage_taken":0,"max_hp_gain":0,"max_hp_loss":0,"event_name":"Match and Keep!","floor":37,"gold_loss":0,"cards_obtained":["Bash"]},{"cards_removed":["Defend_R"],"damage_healed":0,"gold_gain":0,"player_choice":"Removed Skill","damage_taken":0,"max_hp_gain":0,"max_hp_loss":0,"event_name":"Falling","floor":44,"gold_loss":0},{"damage_healed":0,"gold_gain":0,"player_choice":"Memory 1","damage_taken":0,"max_hp_gain":0,"max_hp_loss":0,"event_name":"SensoryStone","floor":46,"gold_loss":0}],"is_beta":false,"boss_relics":[{"not_picked":["Coffee Dripper","Runic Cube"],"picked":"White Beast Statue"},{"not_picked":["Fusion Hammer","Orrery"],"picked":"Mark of Pain"}],"items_purged_floors":[19],"is_endless":false,"potions_floor_spawned":[3,7,11,18,22,24,25,31,33,35,36,38,39,47,48],"ascension_level":16}