{"gold_per_floor":[116,116,116,130,55,82,108,127,150,150,14,27,45,63,63,63],"floor_reached":16,"playtime":387,"items_purged":["Pain","True Grit"],"score":153,"play_id":"262771da-785b-448c-b03c-759c64cca571","local_time":"20180817222903","is_ascension_mode":true,"campfire_choices":[{"floor":10,"key":"REST"},{"data":"Heavy Blade","floor":15,"key":"SMITH"}],"neow_cost":"CURSE","seed_source_timestamp":128652702178090,"circlet_count":0,"master_deck":["Strike_R","Strike_R","Strike_R","Strike_R","Strike_R","Defend_R","Defend_R","Defend_R","Defend_R","Bash","Flex","Heavy Blade+1","Pummel"],"relics":["Burning Blood","Regal Pillow","Du-Vu Doll","Pen Nib","Boot"],"potions_floor_usage":[6,6,16],"damage_taken":[{"damage":11,"enemies":"2 Louse","floor":1,"turns":3},{"damage":10,"enemies":"Jaw Worm","floor":4,"turns":3},{"damage":56,"enemies":"Lagavulin","floor":6,"turns":9},{"damage":1,"enemies":"Cultist","floor":8,"turns":3},{"damage":0,"enemies":"Large Slime","floor":12,"turns":5},{"damage":18,"enemies":"Red Slaver","floor":13,"turns":3},{"damage":3,"enemies":"3 Louse","floor":14,"turns":2},{"damage":74,"enemies":"Slime Boss","floor":16,"turns":8}],"seed_played":"-6695212576039982932","potions_obtained":[{"floor":1,"key":"Poison Potion"},{"floor":4,"key":"Weak Potion"},{"floor":8,"key":"SpeedPotion"},{"floor":14,"key":"Block Potion"}],"is_trial":false,"path_per_floor":["M","?","?","M","$","E","T","M","T","R","$","M","M","M","R"],"character_chosen":"IRONCLAD","items_purchased":["Pummel"],"campfire_rested":1,"item_purchase_floors":[11],"current_hp_per_floor":[91,73,73,69,69,19,19,24,24,67,67,73,61,64,64,0],"gold":63,"neow_bonus":"TWENTY_PERCENT_HP_BONUS","is_prod":false,"is_daily":false,"chose_seed":false,"campfire_upgraded":1,"win_rate":0,"timestamp":1534570143,"path_taken":["M","?","?","M","$","E","?","M","T","R","$","?","M","M","R","BOSS"],"build_version":"2018-08-16","purchased_purges":2,"victory":false,"max_hp_per_floor":[96,96,96,96,96,96,96,96,96,96,96,96,96,96,96,96],"card_choices":[{"not_picked":["Blood for Blood","Corruption","Clothesline"],"picked":"SKIP","floor":1},{"not_picked":["Pommel Strike","Rampage"],"picked":"Flex","floor":4},{"not_picked":["Seeing Red","Feed"],"picked":"Heavy Blade","floor":6},{"not_picked":["Pommel Strike","Hemokinesis"],"picked":"True Grit","floor":8},{"not_picked":["Body Slam","Sentinel","Shrug It Off"],"picked":"SKIP","floor":12},{"not_picked":["Clothesline","Heavy Blade","Feel No Pain"],"picked":"SKIP","floor":13},{"not_picked":["Warcry","Fiend Fire","Pommel Strike"],"picked":"SKIP","floor":14}],"player_experience":144356,"relics_obtained":[{"floor":6,"key":"Du-Vu Doll"},{"floor":7,"key":"Pen Nib"},{"floor":9,"key":"Boot"}],"event_choices":[{"event_name":"Scrap Ooze","player_choice":"success","floor":2,"damage_taken":18},{"event_name":"Liars Game","player_choice":"disagreed","floor":3,"damage_taken":0}],"is_beta":false,"boss_relics":[],"items_purged_floors":[5,11],"is_endless":false,"potions_floor_spawned":[1,4,8,14],"killed_by":"Slime Boss","ascension_level":5}