{"path_per_floor":["M","?","$","?","M","E","R","T","T","R","M","M","M","E","R","B",null,"M","?","M","?","M","R"],"character_chosen":"THE_SILENT","items_purchased":["Flying Knee"],"gold_per_floor":[112,189,64,14,25,52,52,79,79,79,92,102,114,139,139,244,244,256,256,267,267,285,285],"floor_reached":24,"campfire_rested":1,"playtime":1852,"current_hp_per_floor":[65,65,65,65,65,25,25,25,25,25,25,24,14,9,30,30,70,68,68,56,56,45,45],"items_purged":["Strike_G"],"gold":285,"play_id":"719ad6b3-8f6a-4d77-befc-47b1bab1b29c","is_prod":false,"is_daily":false,"is_ascension_mode":false,"campfire_upgraded":2,"path_taken":["M","?","$","?","M","E","R","?","T","R","?","M","M","E","R","BOSS","M","?","M","?","M","R","E"],"build_version":"2018-02-01-PROD3","purchased_purges":1,"victory":false,"master_deck":["Defend_G","Defend_G","Defend_G","Defend_G","Defend_G","Strike_G","Strike_G","Strike_G","Survivor","Neutralize+1","Dash","Flying Knee","Predator","Acrobatics","Noxious Fumes","Prepared+1","Cloak And Dagger","Blur","Backflip","Blur","Burst","Backflip+1","Writhe","Deflect"],"max_hp_per_floor":[70,70,70,70,70,70,70,70,70,70,70,70,70,70,70,70,70,70,70,70,70,70,70],"relics":["Ring of the Snake","Prayer Wheel","Orichalcum","Oddly Smooth Stone","Peace Pipe","Girya","Black Star","Mercury Hourglass"],"card_choices":[{"not_picked":["Outmaneuver","Poisoned Stab"],"picked":"Dash"},{"not_picked":["Bane","Bouncing Flask"],"picked":"Predator"},{"not_picked":["Catalyst","Deadly Poison"],"picked":"Acrobatics"},{"not_picked":["Poisoned Stab","Sucker Punch"],"picked":"Noxious Fumes"},{"not_picked":["Underhanded Strike","Dodge and Roll"],"picked":"Prepared"},{"not_picked":["PiercingWail","Dagger Throw"],"picked":"Cloak And Dagger"},{"not_picked":["Finisher","Eviscerate"],"picked":"Blur"},{"not_picked":["Bane","Dodge and Roll"],"picked":"Backflip"},{"not_picked":["Night Terror","Quick Slash"],"picked":"Blur"},{"not_picked":["Venomology","Die Die Die"],"picked":"Burst"},{"not_picked":["Backstab","Dodge and Roll"],"picked":"Backflip"},{"not_picked":["Malaise","Catalyst"],"picked":"Deflect"}],"player_experience":346489,"potions_floor_usage":[24,24],"damage_taken":[{"damage":5.0,"enemies":"Jaw Worm","floor":1.0,"turns":3.0},{"damage":0.0,"enemies":"2 Louse","floor":5.0,"turns":2.0},{"damage":40.0,"enemies":"Lagavulin","floor":6.0,"turns":7.0},{"damage":0.0,"enemies":"Small Slimes","floor":11.0,"turns":3.0},{"damage":1.0,"enemies":"Looter","floor":12.0,"turns":3.0},{"damage":10.0,"enemies":"Lots of Slimes","floor":13.0,"turns":4.0},{"damage":5.0,"enemies":"3 Sentries","floor":14.0,"turns":7.0},{"damage":0.0,"enemies":"Hexaghost","floor":16.0,"turns":15.0},{"damage":2.0,"enemies":"Shell Parasite","floor":18.0,"turns":10.0},{"damage":12.0,"enemies":"Chosen","floor":20.0,"turns":7.0},{"damage":11.0,"enemies":"Slaver and Parasite","floor":22.0,"turns":10.0},{"damage":57,"enemies":"Gremlin Leader","floor":24,"turns":9}],"event_choices":[{"event_name":"Golden Wing","player_choice":"Gained Gold","floor":2.0,"damage_taken":0.0},{"event_name":"The Cleric","player_choice":"Card Removal","floor":4.0,"damage_taken":0.0},{"event_name":"Drug Dealer","player_choice":"Ignored","floor":19.0,"damage_taken":0.0},{"event_name":"The Mausoleum","player_choice":"Yes","floor":21.0,"damage_taken":0.0}],"boss_relics":[],"potions_floor_spawned":[1,12,13,16,18,20],"seed_played":"-3880536535292209805","killed_by":"Gremlin Leader","ascension_level":0,"is_trial":false}