{"gold_per_floor":[109,41,55,74,92,92,123,140,167,24,56,72,97,110,110,212,212,224,253,253,268,278,278,306,320,320,0,48,60,73,83,83,83],"floor_reached":33,"playtime":1461,"items_purged":["Normality"],"score":445,"play_id":"60a11319-7368-41cd-9643-a11696af3a7c","local_time":"20190622151613","is_ascension_mode":true,"campfire_choices":[{"data":"Zap","floor":6,"key":"SMITH"},{"data":"Beam Cell","floor":15,"key":"SMITH"},{"data":"Hologram","floor":23,"key":"SMITH"},{"data":"Dualcast","floor":32,"key":"SMITH"}],"neow_cost":"NONE","seed_source_timestamp":916674489222312,"circlet_count":0,"master_deck":["Strike_B+1","Strike_B","Strike_B","Strike_B","Defend_B","Defend_B","Defend_B","Defend_B","Zap+1","Dualcast+1","Beam Cell+1","Rip and Tear","BootSequence","Glacier","Gash","Ball Lightning","Hologram+1","Conserve Battery","Rebound+1","Electrodynamics","Gash","Reinforced Body+1","Conserve Battery+1","Loop+1","Thunder Strike","Compile Driver+1","Pain","Chill"],"relics":["Coffee Dripper","Symbiotic Virus","Bag of Marbles","DataDisk","Strawberry","Vajra","Cursed Key","Red Mask","Enchiridion","Oddly Smooth Stone","MawBank","Singing Bowl","Whetstone"],"potions_floor_usage":[7,31,31,33],"damage_taken":[{"damage":0,"enemies":"Cultist","floor":1,"turns":4},{"damage":3,"enemies":"Small Slimes","floor":3,"turns":3},{"damage":2,"enemies":"Jaw Worm","floor":4,"turns":3},{"damage":0,"enemies":"Red Slaver","floor":5,"turns":3},{"damage":1,"enemies":"Gremlin Nob","floor":7,"turns":3},{"damage":0,"enemies":"Exordium Wildlife","floor":8,"turns":4},{"damage":4,"enemies":"Lagavulin","floor":11,"turns":6},{"damage":8,"enemies":"Blue Slaver","floor":12,"turns":3},{"damage":4,"enemies":"Gremlin Nob","floor":13,"turns":3},{"damage":0,"enemies":"Lots of Slimes","floor":14,"turns":2},{"damage":30,"enemies":"Hexaghost","floor":16,"turns":6},{"damage":10,"enemies":"3 Byrds","floor":18,"turns":3},{"damage":13,"enemies":"Masked Bandits","floor":19,"turns":4},{"damage":0,"enemies":"Shell Parasite","floor":21,"turns":3},{"damage":11,"enemies":"Shelled Parasite and Fungi","floor":22,"turns":4},{"damage":0,"enemies":"Gremlin Leader","floor":24,"turns":5},{"damage":0,"enemies":"Cultist and Chosen","floor":25,"turns":4},{"damage":13,"enemies":"Snecko","floor":29,"turns":5},{"damage":1,"enemies":"Sentry and Sphere","floor":30,"turns":4},{"damage":0,"enemies":"Centurion and Healer","floor":31,"turns":3},{"damage":9,"enemies":"Automaton","floor":33,"turns":4}],"seed_played":"3246346378672478578","potions_obtained":[{"floor":3,"key":"Swift Potion"},{"floor":8,"key":"FearPotion"},{"floor":11,"key":"LiquidBronze"},{"floor":13,"key":"Energy Potion"},{"floor":25,"key":"FocusPotion"},{"floor":31,"key":"AttackPotion"}],"is_trial":false,"path_per_floor":["M","$","M","M","M","R","E","M","T","$","E","M","E","M","R","B",null,"M","?","?","M","M","R","E","M","T","$","T","M","M","M","R","B"],"character_chosen":"DEFECT","items_purchased":["Rip and Tear","DataDisk","Singing Bowl"],"campfire_rested":0,"item_purchase_floors":[2,10,27],"current_hp_per_floor":[68,68,65,63,63,63,62,62,62,62,65,57,53,53,53,23,67,57,44,28,28,17,17,17,17,17,17,17,6,5,7,7,0],"gold":83,"neow_bonus":"BOSS_RELIC","is_prod":false,"is_daily":false,"chose_seed":false,"campfire_upgraded":4,"win_rate":0,"timestamp":1561230973,"path_taken":["M","$","M","?","M","R","E","M","T","$","E","M","E","M","R","BOSS","M","?","?","M","M","R","E","M","T","$","?","M","M","M","R","BOSS"],"build_version":"2019-01-23","purchased_purges":1,"victory":false,"max_hp_per_floor":[75,75,75,75,75,75,75,75,75,75,82,82,82,82,82,82,82,82,82,82,82,82,82,82,82,82,82,82,84,84,86,86,86],"card_choices":[{"not_picked":["Barrage","Double Energy"],"picked":"Beam Cell","floor":1},{"not_picked":["Fusion","Force Field"],"picked":"BootSequence","floor":3},{"not_picked":["Tempest","Hello World","Reprogram"],"picked":"SKIP","floor":4},{"not_picked":["Force Field","Leap"],"picked":"Glacier","floor":5},{"not_picked":["Go for the Eyes","Leap"],"picked":"Gash","floor":7},{"not_picked":["Cold Snap","Compile Driver"],"picked":"Ball Lightning","floor":8},{"not_picked":["Go for the Eyes","Conserve Battery"],"picked":"Hologram","floor":11},{"not_picked":["Creative AI","Skim"],"picked":"Conserve Battery","floor":12},{"not_picked":["Heatsinks","Blizzard"],"picked":"Rebound","floor":13},{"not_picked":["Coolheaded","Cold Snap","Go for the Eyes"],"picked":"SKIP","floor":14},{"not_picked":["Multi-Cast","Amplify"],"picked":"Electrodynamics","floor":16},{"not_picked":["Double Energy","Barrage+1"],"picked":"Gash","floor":18},{"not_picked":["Storm","Lockon"],"picked":"Reinforced Body+1","floor":19},{"not_picked":["Hello World+1","BootSequence"],"picked":"Conserve Battery+1","floor":21},{"not_picked":["Turbo+1","Compile Driver+1"],"picked":"Loop+1","floor":22},{"not_picked":["Blizzard","Consume"],"picked":"Thunder Strike","floor":24},{"not_picked":["Redo","Consume"],"picked":"Compile Driver+1","floor":25},{"not_picked":["Conserve Battery+1","Go for the Eyes+1","Gash"],"picked":"Singing Bowl","floor":29},{"not_picked":["Blizzard","Darkness"],"picked":"Chill","floor":30},{"not_picked":["Coolheaded+1","Conserve Battery","Fusion+1"],"picked":"Singing Bowl","floor":31}],"player_experience":430333,"relics_obtained":[{"floor":7,"key":"Symbiotic Virus"},{"floor":9,"key":"Bag of Marbles"},{"floor":11,"key":"Strawberry"},{"floor":13,"key":"Vajra"},{"floor":19,"key":"Red Mask"},{"floor":20,"key":"Enchiridion"},{"floor":24,"key":"Oddly Smooth Stone"},{"floor":26,"key":"MawBank"},{"floor":28,"key":"Whetstone"}],"event_choices":[{"damage_healed":0,"gold_gain":0,"player_choice":"Fought Bandits","damage_taken":0,"max_hp_gain":0,"max_hp_loss":0,"event_name":"Masked Bandits","floor":19,"gold_loss":0},{"damage_healed":0,"gold_gain":0,"player_choice":"Obtained Book","damage_taken":16,"max_hp_gain":0,"max_hp_loss":0,"event_name":"Cursed Tome","floor":20,"gold_loss":0}],"is_beta":false,"boss_relics":[{"not_picked":["Snecko Eye","Tiny House"],"picked":"Cursed Key"}],"items_purged_floors":[27],"is_endless":false,"potions_floor_spawned":[3,8,11,13,14,25,29,31],"killed_by":"Automaton","ascension_level":8}