{"gold_per_floor":[14,27,41,61,136,136,150,150,150,150],"floor_reached":10,"playtime":289,"items_purged":[],"score":120,"play_id":"c23fd109-8b3f-42f5-a05b-a0c3811bc5c3","local_time":"20190126115547","is_ascension_mode":true,"campfire_choices":[{"data":"Cleave","floor":6,"key":"SMITH"}],"neow_cost":"NO_GOLD","seed_source_timestamp":200193924550000,"circlet_count":0,"master_deck":["AscendersBane","Strike_R","Strike_R","Strike_R","Strike_R","Strike_R","Defend_R","Defend_R","Defend_R","Defend_R","Bash","Flame Barrier","Cleave+1","Limit Break","Corruption"],"relics":["Burning Blood","Dead Branch","Golden Idol","Kunai"],"potions_floor_usage":[7,10],"damage_taken":[{"damage":4,"enemies":"Small Slimes","floor":1,"turns":4},{"damage":4,"enemies":"Jaw Worm","floor":2,"turns":6},{"damage":6,"enemies":"2 Louse","floor":3,"turns":2},{"damage":9,"enemies":"Red Slaver","floor":4,"turns":4},{"damage":13,"enemies":"Large Slime","floor":7,"turns":4},{"damage":54,"enemies":"Gremlin Nob","floor":10,"turns":4}],"seed_played":"-2123548775706944614","potions_obtained":[{"floor":1,"key":"Swift Potion"},{"floor":3,"key":"FearPotion"}],"is_trial":false,"path_per_floor":["M","M","M","M","?","R","M","?","T","E"],"character_chosen":"IRONCLAD","items_purchased":[],"campfire_rested":0,"item_purchase_floors":[],"current_hp_per_floor":[70,72,72,69,58,58,51,51,51,0],"gold":150,"neow_bonus":"ONE_RARE_RELIC","is_prod":false,"is_daily":false,"chose_seed":false,"campfire_upgraded":1,"win_rate":0,"timestamp":1548503747,"path_taken":["M","M","M","M","?","R","M","?","T","E"],"build_version":"2019-01-23","purchased_purges":0,"victory":false,"max_hp_per_floor":[75,75,75,75,75,75,75,68,68,68],"card_choices":[{"not_picked":["Inflame","Fire Breathing"],"picked":"Flame Barrier","floor":1},{"not_picked":["Warcry","Spot Weakness"],"picked":"Cleave","floor":2},{"not_picked":["Havoc","Blood for Blood","Clash"],"picked":"SKIP","floor":3},{"not_picked":["Sword Boomerang","Headbutt"],"picked":"Limit Break","floor":4},{"not_picked":["Thunderclap","Sentinel"],"picked":"Corruption","floor":7}],"player_experience":1221266,"relics_obtained":[{"floor":9,"key":"Kunai"}],"event_choices":[{"damage_healed":0,"gold_gain":75,"player_choice":"Gather Gold","damage_taken":11,"max_hp_gain":0,"max_hp_loss":0,"event_name":"World of Goop","floor":5,"gold_loss":0},{"damage_healed":0,"gold_gain":0,"player_choice":"Lose Max HP","damage_taken":0,"relics_obtained":["Golden Idol"],"max_hp_gain":0,"max_hp_loss":7,"event_name":"Golden Idol","floor":8,"gold_loss":0}],"is_beta":false,"boss_relics":[],"items_purged_floors":[],"is_endless":false,"potions_floor_spawned":[1,3],"killed_by":"Gremlin Nob","ascension_level":20}