{"path_per_floor":["M","M","?","$","M","R","E","R","T","E","M","$","M","?","R","B",null,"M","?","M","?","?","R"],"character_chosen":"THE_SILENT","items_purchased":["Blade Dance","Venomology"],"gold_per_floor":[113,123,123,45,61,61,124,124,124,157,168,22,33,33,33,131,131,102,102,116,116,116,116],"floor_reached":24,"campfire_rested":0,"playtime":2247,"current_hp_per_floor":[69,64,50,50,65,65,34,34,34,25,25,25,25,25,25,25,70,44,35,24,75,52,52],"items_purged":["Strike_G"],"gold":116,"play_id":"a14e5ecc-3213-4e4e-a727-29f3a3f23024","is_prod":false,"is_daily":false,"is_ascension_mode":false,"campfire_upgraded":4,"path_taken":["M","?","?","$","?","R","E","R","T","E","M","$","M","?","R","BOSS","M","?","?","?","?","R","E"],"build_version":"2018-01-25-PROD3","purchased_purges":2,"victory":false,"master_deck":["Defend_G","Defend_G","Defend_G","Defend_G+1","Defend_G","Survivor","Neutralize+1","Blur","Cloak And Dagger+1","Blade Dance+1","Quick Slash","Burst","Prepared+1","Venomology","Sucker Punch+1","After Image","Slice+1","Leg Sweep","Bite_G","Bite_G","Bite_G","Bite_G","Bite_G"],"max_hp_per_floor":[70,70,70,70,70,70,70,70,70,70,70,70,70,70,70,70,70,70,75,75,75,52,52],"relics":["Ring of the Snake","Tiny Chest","Frozen Eye","Toxic Egg","Question Card"],"card_choices":[{"not_picked":["Slice","Dagger Spray"],"picked":"Blur"},{"not_picked":["Terror","PiercingWail"],"picked":"Cloak And Dagger"},{"not_picked":["Flying Knee","All Out Attack"],"picked":"Quick Slash"},{"not_picked":["Backstab","Dodge and Roll"],"picked":"Burst"},{"not_picked":["Outmaneuver","Poisoned Stab"],"picked":"Prepared"},{"not_picked":["Masterful Stab","Predator"],"picked":"Sucker Punch"},{"not_picked":["Doppelganger","Unload"],"picked":"After Image"},{"not_picked":["Deflect","Underhanded Strike","Malaise"],"picked":"Slice"},{"not_picked":["Bane","Deflect","Sucker Punch"],"picked":"Leg Sweep"}],"player_experience":341190,"potions_floor_usage":[5,10,13,16,24,24,24],"damage_taken":[{"damage":1,"enemies":"Blue Slaver","floor":1,"turns":7},{"damage":5,"enemies":"Cultist","floor":2,"turns":5},{"damage":0,"enemies":"Jaw Worm","floor":5,"turns":6},{"damage":31,"enemies":"Lagavulin","floor":7,"turns":11},{"damage":24,"enemies":"3 Sentries","floor":10,"turns":8},{"damage":0,"enemies":"3 Louse","floor":11,"turns":3},{"damage":0,"enemies":"Lots of Slimes","floor":13,"turns":5},{"damage":0,"enemies":"The Guardian","floor":16,"turns":16},{"damage":26,"enemies":"2 Thieves","floor":18,"turns":5},{"damage":11,"enemies":"Spheric Guardian","floor":20,"turns":8},{"damage":75,"enemies":"Gremlin Leader","floor":24,"turns":15}],"event_choices":[{"event_name":"Shining Light","player_choice":"Entered Light","floor":3,"damage_taken":0},{"event_name":"Living Wall","player_choice":"Forget","floor":14,"damage_taken":0},{"event_name":"Forgotten Altar","player_choice":"Shed Blood","floor":19,"damage_taken":0},{"event_name":"Wheel of Change","player_choice":"Full Heal","floor":21,"damage_taken":0},{"event_name":"Vampires","player_choice":"Became a vampire","floor":22,"damage_taken":0}],"boss_relics":[{"not_picked":["Snecko Eye","Lizard Tail"],"picked":"Question Card"}],"potions_floor_spawned":[1,7,10],"seed_played":"-7768957479554360162","killed_by":"Gremlin Leader","ascension_level":0,"is_trial":false}