{"gold_per_floor":[114,44,44,59,69,101,115,115,188,200,160,173,81,111,111,211,261,201],"floor_reached":18,"playtime":1527,"items_purged":[],"score":170,"play_id":"8a08c0fd-c3a8-4f2a-89ec-c8a9d238442e","local_time":"20181228142113","is_ascension_mode":true,"campfire_choices":[{"floor":8,"key":"REST"},{"floor":15,"key":"REST"}],"neow_cost":"TEN_PERCENT_HP_LOSS","seed_source_timestamp":315536255969346,"circlet_count":0,"master_deck":["Defend_G+1","Defend_G","Defend_G","Defend_G","Defend_G","Strike_G","Strike_G","Strike_G","Strike_G","Strike_G","Survivor","Neutralize","Burst","Reflex","Accuracy","Accuracy","Swift Strike","Acrobatics","Underhanded Strike","Footwork","Cloak And Dagger","Acrobatics","Well Laid Plans","Flying Knee","Prepared","Footwork","Malaise","Deflect"],"relics":["Ring of the Snake","Unceasing Top","Darkstone Periapt","Tiny Chest","Tiny House"],"potions_floor_usage":[6,12,16],"damage_taken":[{"damage":0,"enemies":"2 Louse","floor":1,"turns":4},{"damage":2,"enemies":"Cultist","floor":4,"turns":5},{"damage":7,"enemies":"Jaw Worm","floor":5,"turns":5},{"damage":31,"enemies":"3 Sentries","floor":6,"turns":12},{"damage":7,"enemies":"Blue Slaver","floor":7,"turns":5},{"damage":7,"enemies":"Exordium Thugs","floor":10,"turns":9},{"damage":0,"enemies":"Exordium Wildlife","floor":12,"turns":3},{"damage":31,"enemies":"Slime Boss","floor":16,"turns":16},{"damage":13,"enemies":"2 Thieves","floor":18,"turns":4}],"seed_played":"-5628877420467314550","potions_obtained":[{"floor":1,"key":"Poison Potion"},{"floor":7,"key":"PowerPotion"},{"floor":10,"key":"Fruit Juice"},{"floor":17,"key":"Strength Potion"}],"is_trial":false,"path_per_floor":["M","$","?","M","M","E","M","R","T","M","$","M","$","?","R","B",null,"M"],"character_chosen":"THE_SILENT","items_purchased":["Accuracy","Well Laid Plans","Prepared","Footwork"],"campfire_rested":2,"item_purchase_floors":[2,11,13,13],"current_hp_per_floor":[63,63,63,61,54,23,16,34,34,27,27,32,32,32,52,21,73,60],"gold":201,"neow_bonus":"THREE_RARE_CARDS","is_prod":false,"is_daily":false,"chose_seed":false,"campfire_upgraded":0,"win_rate":0,"timestamp":1546035673,"path_taken":["M","$","?","?","M","E","M","R","T","M","$","M","$","?","R","BOSS","M"],"build_version":"2018-12-20","purchased_purges":0,"victory":false,"max_hp_per_floor":[63,63,63,63,63,63,63,63,63,63,63,68,68,68,68,68,73,73],"card_choices":[{"not_picked":["Storm of Steel","Unload"],"picked":"Burst","floor":0},{"not_picked":["Riddle With Holes","Caltrops"],"picked":"Reflex","floor":1},{"not_picked":["Underhanded Strike","Cloak And Dagger"],"picked":"Acrobatics","floor":4},{"not_picked":["Dagger Throw","Deadly Poison"],"picked":"Underhanded Strike","floor":5},{"not_picked":["Cloak And Dagger","Reflex"],"picked":"Footwork","floor":6},{"not_picked":["Eviscerate","Tactician"],"picked":"Cloak And Dagger","floor":7},{"not_picked":["Footwork","Distraction"],"picked":"Acrobatics","floor":10},{"not_picked":["Poisoned Stab","Bane"],"picked":"Flying Knee","floor":12},{"not_picked":["Envenom","After Image"],"picked":"Malaise","floor":16},{"not_picked":["All Out Attack","Quick Slash"],"picked":"Deflect","floor":17}],"player_experience":134561,"relics_obtained":[{"floor":6,"key":"Unceasing Top"},{"floor":9,"key":"Darkstone Periapt"},{"floor":14,"key":"Tiny Chest"}],"event_choices":[{"damage_healed":0,"gold_gain":0,"player_choice":"2 cards matched","damage_taken":0,"max_hp_gain":0,"max_hp_loss":0,"event_name":"Match and Keep!","floor":3,"gold_loss":0,"cards_obtained":["Accuracy","Swift Strike"]},{"damage_healed":0,"gold_gain":0,"player_choice":"Relic","damage_taken":0,"max_hp_gain":0,"max_hp_loss":0,"event_name":"Wheel of Change","floor":14,"gold_loss":0}],"is_beta":false,"boss_relics":[{"not_picked":["Ectoplasm","Pandora\u0027s Box"],"picked":"Tiny House"}],"items_purged_floors":[],"is_endless":false,"potions_floor_spawned":[1,7,10],"killed_by":"2 Thieves","ascension_level":1}