{"gold_per_floor":[110,110,35,35,60,60,99,99,146,146,161,161,176,217,217,313,313,333,12,31,31,81,81,100,134,161,179,179,213,237,258,258,258],"floor_reached":33,"playtime":1804,"items_purged":["Injury","Strike_G"],"score":585,"play_id":"aa3e8733-c5f3-4fb4-9e7e-a764dd902eb7","local_time":"20190119203052","is_ascension_mode":true,"campfire_choices":[{"data":"Neutralize","floor":6,"key":"SMITH"},{"data":"Cloak And Dagger","floor":8,"key":"SMITH"},{"data":"Survivor","floor":10,"key":"SMITH"},{"data":"Leg Sweep","floor":15,"key":"SMITH"},{"floor":23,"key":"REST"},{"floor":28,"key":"REST"},{"floor":32,"key":"REST"}],"neow_cost":"NONE","seed_source_timestamp":293710963858332,"circlet_count":0,"master_deck":["AscendersBane","Defend_G","Defend_G","Defend_G","Defend_G","Defend_G","Strike_G","Strike_G","Strike_G","Strike_G","Survivor+1","Neutralize+1","PiercingWail","Dagger Throw+1","Cloak And Dagger+1","Poisoned Stab+1","Dagger Throw+1","Leg Sweep+1","Die Die Die+1","Dagger Spray+1","Deflect","Sucker Punch+1","Dodge and Roll"],"relics":["Ring of the Snake","NeowsBlessing","Golden Idol","Molten Egg 2","Bottled Flame","Bag of Preparation","Smiling Mask","Busted Crown","Kunai","Ginger","Centennial Puzzle","Red Mask"],"potions_floor_usage":[14,14,16,24,33],"damage_taken":[{"damage":0,"enemies":"2 Louse","floor":1,"turns":1},{"damage":0,"enemies":"Jaw Worm","floor":5,"turns":1},{"damage":0,"enemies":"3 Sentries","floor":7,"turns":1},{"damage":0,"enemies":"Cultist","floor":11,"turns":3},{"damage":0,"enemies":"3 Louse","floor":13,"turns":2},{"damage":13,"enemies":"Lagavulin","floor":14,"turns":6},{"damage":34,"enemies":"Hexaghost","floor":16,"turns":14},{"damage":16,"enemies":"Shell Parasite","floor":18,"turns":7},{"damage":10,"enemies":"Spheric Guardian","floor":20,"turns":6},{"damage":0,"enemies":"Centurion and Healer","floor":24,"turns":5},{"damage":43,"enemies":"Slavers","floor":25,"turns":8},{"damage":0,"enemies":"3 Cultists","floor":27,"turns":5},{"damage":4,"enemies":"Masked Bandits","floor":29,"turns":3},{"damage":2,"enemies":"Cultist and Chosen","floor":30,"turns":6},{"damage":8,"enemies":"Snake Plant","floor":31,"turns":4},{"damage":48,"enemies":"Champ","floor":33,"turns":20}],"seed_played":"-481432010440740377","potions_obtained":[{"floor":5,"key":"Energy Potion"},{"floor":7,"key":"Energy Potion"},{"floor":13,"key":"EssenceOfSteel"},{"floor":14,"key":"SpeedPotion"},{"floor":20,"key":"Poison Potion"},{"floor":30,"key":"Fire Potion"},{"floor":31,"key":"Swift Potion"}],"is_trial":false,"path_per_floor":["M","?","$","?","M","R","E","R","T","R","M","$","M","E","R","B",null,"M","$","M","?","?","R","M","E","T","M","R","?","M","M","R","B"],"character_chosen":"THE_SILENT","items_purchased":["Kunai"],"campfire_rested":3,"item_purchase_floors":[19],"current_hp_per_floor":[59,59,59,54,54,54,54,54,54,54,54,54,54,41,41,7,51,35,35,25,38,38,57,57,14,14,14,33,29,27,19,38,0],"gold":258,"neow_bonus":"THREE_ENEMY_KILL","is_prod":false,"is_daily":false,"chose_seed":false,"campfire_upgraded":4,"win_rate":0,"timestamp":1547929852,"path_taken":["M","?","?","?","M","R","E","R","T","R","M","$","M","E","R","BOSS","M","$","M","?","?","R","?","E","T","M","R","?","M","M","R","BOSS"],"build_version":"2019-01-17v2","purchased_purges":2,"victory":false,"max_hp_per_floor":[66,66,66,66,66,66,66,66,66,66,66,66,66,66,66,66,66,66,66,66,66,66,66,66,66,66,66,66,66,66,66,66,66],"card_choices":[{"not_picked":["Outmaneuver","Setup"],"picked":"PiercingWail","floor":1},{"not_picked":["Heel Hook+1","Flying Knee+1"],"picked":"Dagger Throw+1","floor":5},{"not_picked":["Setup","Caltrops"],"picked":"Cloak And Dagger","floor":7},{"not_picked":["Cloak And Dagger","Backflip"],"picked":"Poisoned Stab+1","floor":11},{"not_picked":["Calculated Gamble","Masterful Stab+1"],"picked":"Dagger Throw+1","floor":13},{"not_picked":["Dodge and Roll","Blur"],"picked":"Leg Sweep","floor":14},{"not_picked":["Wraith Form v2","Envenom"],"picked":"Die Die Die+1","floor":16},{"not_picked":[],"picked":"Dagger Spray+1","floor":18},{"not_picked":[],"picked":"Deflect","floor":20},{"not_picked":["Dagger Spray+1"],"picked":"SKIP","floor":24},{"not_picked":["Tactician"],"picked":"SKIP","floor":25},{"not_picked":[],"picked":"Sucker Punch+1","floor":27},{"not_picked":[],"picked":"Dodge and Roll","floor":30},{"not_picked":["Dagger Spray+1"],"picked":"SKIP","floor":31}],"player_experience":1189975,"relics_obtained":[{"floor":7,"key":"Bottled Flame"},{"floor":9,"key":"Bag of Preparation"},{"floor":14,"key":"Smiling Mask"},{"floor":25,"key":"Ginger"},{"floor":26,"key":"Centennial Puzzle"},{"floor":29,"key":"Red Mask"}],"event_choices":[{"damage_healed":0,"gold_gain":0,"player_choice":"Take Wound","damage_taken":0,"relics_obtained":["Golden Idol"],"max_hp_gain":0,"max_hp_loss":0,"event_name":"Golden Idol","floor":2,"gold_loss":0,"cards_obtained":["Injury"]},{"damage_healed":0,"gold_gain":0,"player_choice":"Success","damage_taken":5,"relics_obtained":["Molten Egg 2"],"max_hp_gain":0,"max_hp_loss":0,"event_name":"Scrap Ooze","floor":4,"gold_loss":0},{"damage_healed":13,"gold_gain":0,"player_choice":"Heal","damage_taken":0,"max_hp_gain":0,"max_hp_loss":0,"event_name":"The Library","floor":21,"gold_loss":0},{"damage_healed":0,"gold_gain":50,"player_choice":"Pray","damage_taken":0,"max_hp_gain":0,"max_hp_loss":0,"event_name":"Golden Shrine","floor":22,"gold_loss":0},{"damage_healed":0,"gold_gain":0,"player_choice":"Fought Bandits","damage_taken":0,"max_hp_gain":0,"max_hp_loss":0,"event_name":"Masked Bandits","floor":29,"gold_loss":0}],"is_beta":false,"boss_relics":[{"not_picked":["Runic Dome","Black Star"],"picked":"Busted Crown"}],"items_purged_floors":[3,19],"is_endless":false,"potions_floor_spawned":[5,7,13,14,20,30,31],"killed_by":"Champ","ascension_level":19}