{"gold_per_floor":[117,127,28,46,11,42,42,75,130,149,149,167,92,112,112,210,210,220,230,77,95,95],"floor_reached":22,"playtime":1063,"items_purged":["Strike_B"],"score":238,"play_id":"82c51568-bd3f-43a6-b52a-d3e66c8f2499","local_time":"20190329124843","is_ascension_mode":true,"campfire_choices":[{"data":"Chaos","floor":7,"key":"SMITH"},{"floor":15,"key":"REST"}],"neow_cost":"PERCENT_DAMAGE","seed_source_timestamp":735586888505416,"circlet_count":0,"master_deck":["Strike_B","Strike_B","Strike_B","Defend_B","Defend_B","Defend_B","Defend_B","Zap+1","Dualcast","Reinforced Body","Chaos+1","Self Repair","Redo","Coolheaded","Melter","Steam","Biased Cognition","BootSequence+1","Panacea","White Noise","Redo+1"],"relics":["Cracked Core","Regal Pillow","Oddly Smooth Stone","Tiny Chest","Fusion Hammer"],"potions_floor_usage":[14,21],"damage_taken":[{"damage":0,"enemies":"Small Slimes","floor":1,"turns":2},{"damage":0,"enemies":"Cultist","floor":2,"turns":3},{"damage":0,"enemies":"2 Louse","floor":4,"turns":1},{"damage":26,"enemies":"Gremlin Nob","floor":6,"turns":4},{"damage":30,"enemies":"Lagavulin","floor":8,"turns":7},{"damage":5,"enemies":"Looter","floor":10,"turns":4},{"damage":6,"enemies":"Exordium Thugs","floor":12,"turns":4},{"damage":12,"enemies":"Exordium Wildlife","floor":14,"turns":4},{"damage":81,"enemies":"Hexaghost","floor":16,"turns":15},{"damage":35,"enemies":"Chosen","floor":18,"turns":8},{"damage":0,"enemies":"Spheric Guardian","floor":19,"turns":2},{"damage":21,"enemies":"3 Cultists","floor":21,"turns":5},{"damage":48,"enemies":"Cultist and Chosen","floor":22,"turns":4}],"seed_played":"-8318513866170794748","potions_obtained":[{"floor":1,"key":"SkillPotion"},{"floor":6,"key":"Fire Potion"},{"floor":12,"key":"Regen Potion"},{"floor":16,"key":"Dexterity Potion"}],"is_trial":false,"path_per_floor":["M","M","$","M","?","E","R","E","T","M","?","M","$","M","R","B",null,"M","M","$","M","M"],"character_chosen":"DEFECT","items_purchased":["Self Repair","Redo","Panacea","White Noise"],"campfire_rested":1,"item_purchase_floors":[3,3,20,20],"current_hp_per_floor":[68,68,68,68,89,70,70,47,47,49,49,50,50,45,86,12,89,61,61,61,47,0],"gold":95,"neow_bonus":"TWENTY_PERCENT_HP_BONUS","is_prod":false,"is_daily":false,"chose_seed":false,"campfire_upgraded":1,"win_rate":0,"timestamp":1553878123,"path_taken":["M","M","$","M","?","E","R","E","T","M","?","M","$","M","R","BOSS","M","M","$","?","M"],"build_version":"2019-01-23","purchased_purges":1,"victory":false,"max_hp_per_floor":[89,89,89,89,89,89,89,89,89,89,89,89,89,89,89,89,89,89,89,89,89,89],"card_choices":[{"not_picked":["Hello World","Stack"],"picked":"Reinforced Body","floor":1},{"not_picked":["Steam Power","Compile Driver"],"picked":"Chaos","floor":2},{"not_picked":["Rip and Tear","Hologram","Leap"],"picked":"SKIP","floor":4},{"not_picked":["Beam Cell","Fission"],"picked":"Coolheaded","floor":6},{"not_picked":["Conserve Battery","Hello World"],"picked":"Melter","floor":8},{"not_picked":["Conserve Battery","Rebound","Compile Driver"],"picked":"SKIP","floor":10},{"not_picked":["Thunder Strike","Coolheaded","Rebound"],"picked":"SKIP","floor":12},{"not_picked":["Sweeping Beam","Heatsinks"],"picked":"Steam","floor":14},{"not_picked":["Fission","Core Surge"],"picked":"Biased Cognition","floor":16},{"not_picked":["Turbo+1","Redo","Force Field"],"picked":"SKIP","floor":18},{"not_picked":["Leap","Force Field"],"picked":"BootSequence+1","floor":19},{"not_picked":["Aggregate","Doom and Gloom+1"],"picked":"Redo+1","floor":21}],"player_experience":336781,"relics_obtained":[{"floor":6,"key":"Regal Pillow"},{"floor":8,"key":"Oddly Smooth Stone"},{"floor":9,"key":"Tiny Chest"}],"event_choices":[{"damage_healed":22,"gold_gain":0,"player_choice":"Healed","damage_taken":0,"max_hp_gain":0,"max_hp_loss":0,"event_name":"The Cleric","floor":5,"gold_loss":35},{"damage_healed":0,"gold_gain":0,"player_choice":"Forge","damage_taken":0,"max_hp_gain":0,"max_hp_loss":0,"event_name":"Accursed Blacksmith","floor":11,"gold_loss":0,"cards_upgraded":["Zap"]}],"is_beta":false,"boss_relics":[{"not_picked":["Sozu","Astrolabe"],"picked":"Fusion Hammer"}],"items_purged_floors":[13],"is_endless":false,"potions_floor_spawned":[1,6,12,16,18,19],"killed_by":"Cultist and Chosen","ascension_level":4}