{"gold_per_floor":[113,128,148,160,13,46,107,134,134,31,31,63,63,96,96,197,197,213,276,337,387,401,429,444,288,359,371,406,406,306,334,334,434,434,449,499,649,669,461,490,259,287,287,287,76,76,107,120,120,120],"floor_reached":51,"playtime":3163,"items_purged":["Defend_B","Defend_B","Defend_B","Strike_B","Strike_B"],"score":1195,"play_id":"9fdd804c-4777-4e40-ad30-7fea0993df1c","local_time":"20190602225920","is_ascension_mode":true,"campfire_choices":[{"floor":11,"key":"REST"},{"data":"Defragment","floor":15,"key":"SMITH"},{"floor":29,"key":"REST"},{"data":"Zap","floor":32,"key":"SMITH"},{"floor":44,"key":"REST"},{"data":"Consume","floor":46,"key":"SMITH"},{"data":"Chaos","floor":49,"key":"SMITH"}],"neow_cost":"NONE","seed_source_timestamp":1398793363137723,"circlet_count":0,"master_deck":["Strike_B","Defend_B","Zap+1","Dualcast","Chill","Defragment+1","Conserve Battery","Hologram","Consume+1","Glacier","Conserve Battery","Chaos+1","Coolheaded","Echo Form+1","Loop+1","Compile Driver+1","Capacitor+1","Discovery+1","Hologram+1","Amplify+1","Electrodynamics+1","Fission+1","Chill+1","Biased Cognition+1","Defragment+1"],"special_seed":0,"relics":["Cracked Core","DataDisk","Sundial","Mango","Cables","Frozen Egg 2","Thread and Needle","SsserpentHead","Omamori","Sozu","Toxic Egg 2","Pear","Girya","Happy Flower","Runic Pyramid","WingedGreaves","Membership Card","Orichalcum","Bottled Lightning","Dream Catcher","Shuriken","Pantograph","Pen Nib"],"potions_floor_usage":[7,31],"damage_taken":[{"damage":1.0,"enemies":"Cultist","floor":1.0,"turns":3.0},{"damage":0,"enemies":"2 Louse","floor":2,"turns":3},{"damage":0,"enemies":"Jaw Worm","floor":3,"turns":3},{"damage":1,"enemies":"Large Slime","floor":4,"turns":5},{"damage":25,"enemies":"Gremlin Nob","floor":6,"turns":5},{"damage":16,"enemies":"Lagavulin Event","floor":7,"turns":6},{"damage":13,"enemies":"Lagavulin","floor":8,"turns":6},{"damage":9,"enemies":"3 Sentries","floor":12,"turns":11},{"damage":0,"enemies":"Lagavulin","floor":14,"turns":6},{"damage":16,"enemies":"Hexaghost","floor":16,"turns":10},{"damage":0,"enemies":"3 Byrds","floor":18,"turns":6},{"damage":0,"enemies":"Spheric Guardian","floor":19,"turns":5},{"damage":28,"enemies":"3 Cultists","floor":20,"turns":10},{"damage":0,"enemies":"Centurion and Healer","floor":22,"turns":9},{"damage":0,"enemies":"Gremlin Leader","floor":23,"turns":10},{"damage":1,"enemies":"Shelled Parasite and Fungi","floor":24,"turns":6},{"damage":0,"enemies":"Chosen and Byrds","floor":27,"turns":7},{"damage":5,"enemies":"Book of Stabbing","floor":28,"turns":6},{"damage":12,"enemies":"Gremlin Leader","floor":31,"turns":9},{"damage":53,"enemies":"Collector","floor":33,"turns":8},{"damage":16,"enemies":"3 Shapes","floor":35,"turns":1},{"damage":0,"enemies":"Mind Bloom Boss Battle","floor":37,"turns":5},{"damage":10,"enemies":"3 Darklings","floor":38,"turns":4},{"damage":0,"enemies":"Giant Head","floor":40,"turns":7},{"damage":3,"enemies":"Reptomancer","floor":42,"turns":4},{"damage":0,"enemies":"Giant Head","floor":47,"turns":7},{"damage":0,"enemies":"Sphere and 2 Shapes","floor":48,"turns":5},{"damage":21,"enemies":"Donu and Deca","floor":50,"turns":4}],"seed_played":"-7739507837121998252","potions_obtained":[{"floor":0.0,"key":"SkillPotion"},{"floor":0.0,"key":"AttackPotion"},{"floor":0.0,"key":"FairyPotion"},{"floor":16,"key":"Ancient Potion"}],"is_trial":false,"path_per_floor":["M","M","M","M","$","E","?","E","T","$","R","E","?","E","R","B",null,"M","M","M","?","M","E","M","$","T","M","E","R","$","E","R","B",null,"M","?","?","M","$","E","$","E","T","R","$","R","E","M","R","B",null],"character_chosen":"DEFECT","items_purchased":["DataDisk","Glacier","Conserve Battery","Discovery+1","Membership Card","Defragment+1","Bottled Lightning","Pantograph"],"campfire_rested":3,"item_purchase_floors":[5,10,10,25,39,41,41,45],"current_hp_per_floor":[74,74,74,73,73,48,46,33,33,33,59,50,50,50,50,34,75,75,75,47,47,47,47,46,46,56,56,51,80,80,68,68,15,78,62,62,62,52,52,52,52,49,49,78,78,78,78,78,78,78],"gold":120,"neow_bonus":"THREE_SMALL_POTIONS","is_prod":false,"is_daily":false,"chose_seed":false,"campfire_upgraded":4,"win_rate":0,"timestamp":1559530760,"path_taken":["M","?","M","M","$","E","?","E","T","?","R","E","?","E","R","BOSS","M","?","?","?","M","E","M","$","T","M","E","R","$","E","R","BOSS","M","?","?","M","?","E","$","E","T","R","$","R","E","M","R","BOSS"],"build_version":"2019-01-23","purchased_purges":5,"victory":true,"max_hp_per_floor":[75,75,75,75,75,75,89,89,89,89,89,89,89,89,89,89,89,89,89,89,89,89,89,89,89,99,99,99,99,99,99,99,99,99,99,99,99,99,99,99,99,99,99,99,99,99,99,99,99,99],"card_choices":[{"not_picked":["Static Discharge","Steam"],"picked":"Chill","floor":1.0},{"not_picked":["Compile Driver","Doom and Gloom"],"picked":"Defragment","floor":2},{"not_picked":["Barrage","Rebound"],"picked":"Conserve Battery","floor":3},{"not_picked":["Compile Driver","Tempest"],"picked":"Hologram","floor":4},{"not_picked":["Rebound","Blizzard","Aggregate"],"picked":"SKIP","floor":6},{"not_picked":["Hologram","Recycle"],"picked":"Consume","floor":7},{"not_picked":["Turbo","Storm","Reprogram"],"picked":"SKIP","floor":8},{"not_picked":["Hologram","Conserve Battery"],"picked":"Chaos","floor":12},{"not_picked":["Stack","Reprogram"],"picked":"Coolheaded","floor":14},{"not_picked":["Rainbow","Machine Learning+1"],"picked":"Echo Form+1","floor":16},{"not_picked":["Hello World+1","Undo","Steam+1"],"picked":"SKIP","floor":18},{"not_picked":["Skim","Heatsinks+1"],"picked":"Loop+1","floor":19},{"not_picked":["Compile Driver+1","Sunder","Skim"],"picked":"SKIP","floor":20},{"not_picked":["Steam","Coolheaded"],"picked":"Compile Driver+1","floor":22},{"not_picked":["Darkness+1","Tempest","Go for the Eyes"],"picked":"SKIP","floor":23},{"not_picked":["White Noise+1","Barrage"],"picked":"Capacitor+1","floor":24},{"not_picked":["Conserve Battery+1","Blizzard"],"picked":"Hologram+1","floor":27},{"not_picked":["Cold Snap+1","Hello World+1"],"picked":"Amplify+1","floor":28},{"not_picked":["Skim+1","Sweeping Beam+1"],"picked":"Electrodynamics+1","floor":31},{"not_picked":["Creative AI+1","Meteor Strike"],"picked":"Fission+1","floor":33},{"not_picked":["Turbo+1","Rebound","Streamline"],"picked":"SKIP","floor":35},{"not_picked":["Coolheaded+1","Gash"],"picked":"Chill+1","floor":38},{"not_picked":["Reprogram+1","Static Discharge+1"],"picked":"Biased Cognition+1","floor":40},{"not_picked":["Stack+1","Go for the Eyes","Leap+1"],"picked":"SKIP","floor":42},{"not_picked":["Glacier+1","Beam Cell","Steam+1"],"picked":"SKIP","floor":47},{"not_picked":["Aggregate+1","Reinforced Body+1","Compile Driver+1"],"picked":"SKIP","floor":48}],"player_experience":398559,"relics_obtained":[{"floor":6,"key":"Sundial"},{"floor":7,"key":"Mango"},{"floor":8,"key":"Cables"},{"floor":9,"key":"Frozen Egg 2"},{"floor":12,"key":"Thread and Needle"},{"floor":14,"key":"Omamori"},{"floor":23,"key":"Toxic Egg 2"},{"floor":26,"key":"Pear"},{"floor":28,"key":"Girya"},{"floor":31,"key":"Happy Flower"},{"floor":37,"key":"WingedGreaves"},{"floor":40,"key":"Orichalcum"},{"floor":42,"key":"Dream Catcher"},{"floor":43,"key":"Shuriken"},{"floor":47,"key":"Pen Nib"}],"event_choices":[{"damage_healed":0,"gold_gain":0,"player_choice":"Searched \u00271\u0027 times","damage_taken":0,"max_hp_gain":0,"max_hp_loss":0,"event_name":"Dead Adventurer","floor":7,"gold_loss":0},{"damage_healed":0,"gold_gain":0,"player_choice":"Trade","damage_taken":0,"relics_obtained":["SsserpentHead"],"max_hp_gain":0,"max_hp_loss":0,"event_name":"FaceTrader","floor":13,"gold_loss":0},{"damage_healed":0,"gold_gain":0,"player_choice":"Bought 0 Potions","damage_taken":0,"max_hp_gain":0,"max_hp_loss":0,"event_name":"The Woman in Blue","floor":21,"gold_loss":0},{"cards_removed":["Strike_B"],"damage_healed":0,"gold_gain":0,"player_choice":"Removed Attack","damage_taken":0,"max_hp_gain":0,"max_hp_loss":0,"event_name":"Falling","floor":36,"gold_loss":0},{"damage_healed":0,"gold_gain":0,"player_choice":"Fight","damage_taken":0,"max_hp_gain":0,"max_hp_loss":0,"event_name":"MindBloom","floor":37,"gold_loss":0}],"is_beta":false,"boss_relics":[{"not_picked":["Lizard Tail","Coffee Dripper"],"picked":"Sozu"},{"not_picked":["Fusion Hammer","Tiny House"],"picked":"Runic Pyramid"}],"items_purged_floors":[25,30,39,41,45],"is_endless":false,"potions_floor_spawned":[1,2,4,6,16,19,20,23,24,38,47,48],"ascension_level":5}