{"gold_per_floor":[367,292,309,324,102,102,137,137,137,172,192],"floor_reached":11,"playtime":478,"items_purged":["Clumsy"],"score":142,"play_id":"447fb85e-7f42-4c74-9d83-2b57ac12157a","local_time":"20190119203905","is_ascension_mode":true,"campfire_choices":[{"data":"Neutralize","floor":6,"key":"SMITH"},{"data":"Cloak And Dagger","floor":8,"key":"SMITH"}],"neow_cost":"CURSE","seed_source_timestamp":295530827060373,"circlet_count":0,"master_deck":["AscendersBane","Defend_G","Defend_G","Defend_G","Defend_G","Defend_G","Strike_G","Strike_G","Strike_G","Strike_G","Strike_G","Survivor","Neutralize+1","Cloak And Dagger+1","Deflect","Leg Sweep","Bouncing Flask","HandOfGreed","Backstab+1"],"relics":["Ring of the Snake","Molten Egg 2","Frozen Egg 2"],"potions_floor_usage":[3,10],"damage_taken":[{"damage":7,"enemies":"Small Slimes","floor":1,"turns":4},{"damage":0,"enemies":"2 Louse","floor":3,"turns":2},{"damage":5,"enemies":"Jaw Worm","floor":4,"turns":4},{"damage":26,"enemies":"Lagavulin","floor":7,"turns":7},{"damage":22,"enemies":"Large Slime","floor":10,"turns":9},{"damage":4,"enemies":"Exordium Thugs","floor":11,"turns":1}],"seed_played":"-2866962850959169104","potions_obtained":[{"floor":3,"key":"Fruit Juice"},{"floor":7,"key":"SpeedPotion"},{"floor":10,"key":"Ancient Potion"}],"is_trial":false,"path_per_floor":["M","$","M","M","$","R","E","R","T","M","M"],"character_chosen":"THE_SILENT","items_purchased":["Bouncing Flask","HandOfGreed"],"campfire_rested":0,"item_purchase_floors":[5,5],"current_hp_per_floor":[52,52,57,52,52,52,26,26,26,4,0],"gold":192,"neow_bonus":"TWO_FIFTY_GOLD","is_prod":false,"is_daily":false,"chose_seed":false,"campfire_upgraded":2,"win_rate":0,"timestamp":1547930345,"path_taken":["M","$","M","M","$","R","E","R","T","M","M"],"build_version":"2019-01-17v2","purchased_purges":1,"victory":false,"max_hp_per_floor":[66,66,71,71,71,71,71,71,71,71,71],"card_choices":[{"not_picked":["Terror","Slice"],"picked":"Cloak And Dagger","floor":1},{"not_picked":["Underhanded Strike","Endless Agony"],"picked":"Deflect","floor":3},{"not_picked":["Reflex","Underhanded Strike"],"picked":"Leg Sweep","floor":4},{"not_picked":["Caltrops","Underhanded Strike","Acrobatics"],"picked":"SKIP","floor":7},{"not_picked":["Skewer+1","Slice+1"],"picked":"Backstab+1","floor":10}],"player_experience":1191779,"relics_obtained":[{"floor":7,"key":"Molten Egg 2"},{"floor":9,"key":"Frozen Egg 2"}],"event_choices":[],"is_beta":false,"boss_relics":[],"items_purged_floors":[2],"is_endless":false,"potions_floor_spawned":[3,7,10],"killed_by":"Exordium Thugs","ascension_level":19}