{"gold_per_floor":[11,30,49,67,67,67,85,101,128,148,73,73,73,90,90,190,190,190],"floor_reached":18,"playtime":609,"items_purged":["Strike_B"],"score":156,"play_id":"e8873be3-411c-4231-8037-a3f671c6f38e","local_time":"20190427230442","is_ascension_mode":false,"campfire_choices":[{"data":"Zap","floor":6,"key":"SMITH"},{"data":"Streamline","floor":15,"key":"SMITH"}],"neow_cost":"NO_GOLD","seed_source_timestamp":1288065528934321,"circlet_count":0,"master_deck":["Strike_B","Strike_B","Strike_B","Defend_B","Defend_B","Defend_B","Defend_B","Zap+1","Dualcast","Sweeping Beam","Coolheaded","Streamline+1","Conserve Battery","Beam Cell","Creative AI"],"relics":["Cracked Core"],"potions_floor_usage":[16,16],"damage_taken":[{"damage":10,"enemies":"Small Slimes","floor":1,"turns":3},{"damage":6,"enemies":"Jaw Worm","floor":2,"turns":3},{"damage":0,"enemies":"2 Louse","floor":3,"turns":2},{"damage":10,"enemies":"Exordium Wildlife","floor":4,"turns":4},{"damage":3,"enemies":"Large Slime","floor":7,"turns":5},{"damage":6,"enemies":"2 Fungi Beasts","floor":8,"turns":3},{"damage":12,"enemies":"3 Louse","floor":10,"turns":2},{"damage":2,"enemies":"Exordium Thugs","floor":14,"turns":3},{"damage":36,"enemies":"Hexaghost","floor":16,"turns":10},{"damage":0,"enemies":"Shell Parasite","floor":18,"turns":1}],"seed_played":"7786541444716225387","potions_obtained":[{"floor":2,"key":"Swift Potion"},{"floor":4,"key":"Energy Potion"},{"floor":10,"key":"Swift Potion"},{"floor":14,"key":"FearPotion"}],"is_trial":false,"path_per_floor":["M","M","M","M","$","R","M","M","T","M","$","?","?","M","R","B",null,"M"],"character_chosen":"DEFECT","items_purchased":[],"campfire_rested":0,"item_purchase_floors":[],"current_hp_per_floor":[79,73,73,63,63,63,60,54,54,42,42,42,42,40,40,4,89,89],"gold":190,"neow_bonus":"TWENTY_PERCENT_HP_BONUS","is_prod":false,"is_daily":false,"chose_seed":false,"campfire_upgraded":2,"win_rate":0,"timestamp":1556420682,"path_taken":["M","M","M","M","$","R","M","M","T","M","$","?","?","M","R","BOSS","M"],"build_version":"2019-01-23","purchased_purges":1,"victory":false,"max_hp_per_floor":[89,89,89,89,89,89,89,89,89,89,89,89,89,89,89,89,89,89],"card_choices":[{"not_picked":["Redo","Barrage"],"picked":"Sweeping Beam","floor":1},{"not_picked":["Gash","Redo"],"picked":"Coolheaded","floor":2},{"not_picked":["Go for the Eyes","Scrape","Blizzard"],"picked":"SKIP","floor":3},{"not_picked":["Stack","Hyperbeam"],"picked":"Streamline","floor":4},{"not_picked":["Streamline","Hello World","Static Discharge"],"picked":"SKIP","floor":7},{"not_picked":["Compile Driver","Genetic Algorithm"],"picked":"Conserve Battery","floor":8},{"not_picked":["Skim","Heatsinks","Turbo"],"picked":"SKIP","floor":10},{"not_picked":["Coolheaded","Rebound"],"picked":"Beam Cell","floor":14},{"not_picked":["Meteor Strike","Hyperbeam"],"picked":"Creative AI","floor":16}],"player_experience":367898,"relics_obtained":[],"event_choices":[{"damage_healed":0,"gold_gain":0,"player_choice":"Fled","damage_taken":0,"max_hp_gain":0,"max_hp_loss":0,"event_name":"Scrap Ooze","floor":12,"gold_loss":0},{"damage_healed":0,"gold_gain":0,"player_choice":"Ignored","damage_taken":0,"max_hp_gain":0,"max_hp_loss":0,"event_name":"Golden Idol","floor":13,"gold_loss":0}],"is_beta":false,"boss_relics":[{"not_picked":[]}],"items_purged_floors":[11],"is_endless":false,"potions_floor_spawned":[2,4,10,14],"killed_by":"Shell Parasite","ascension_level":0}