{"path_per_floor":["M","?","$","M","M","E","R","$","T","R","E","?","R","M","R","B",null,"M","$","M","M"],"character_chosen":"DEFECT","items_purchased":["White Noise","Self Repair"],"gold_per_floor":[111,111,36,48,62,89,89,89,89,89,121,121,121,134,134,236,236,247,127,140,150,150],"floor_reached":22,"campfire_rested":0,"playtime":971,"item_purchase_floors":[19,19],"current_hp_per_floor":[74,74,74,74,71,58,58,58,58,58,32,32,32,32,32,32,75,60,60,61,17,0],"items_purged":["Strike_B"],"gold":150,"score":256,"play_id":"cea15459-2612-49d6-8ee2-5d84ccbb72f4","local_time":"20180603115306","is_prod":false,"is_daily":false,"chose_seed":false,"is_ascension_mode":true,"campfire_upgraded":4,"win_rate":0,"timestamp":1528023186,"campfire_choices":[{"data":"Zap","floor":7,"key":"SMITH"},{"data":"Ball Lightning","floor":10,"key":"SMITH"},{"data":"Machine Learning","floor":13,"key":"SMITH"},{"data":"Chill","floor":15,"key":"SMITH"}],"path_taken":["M","?","$","M","M","E","R","$","T","R","E","?","R","M","R","BOSS","M","$","M","M","M"],"build_version":"2018-05-31","seed_source_timestamp":247517161710401,"purchased_purges":1,"victory":false,"master_deck":["Strike_B","Strike_B","Defend_B","Defend_B","Defend_B","Defend_B","Zap+1","Cold Snap","Streamline","Ball Lightning+1","Rebound","Machine Learning+1","Chill+1","Echo Form","Ball Lightning","White Noise","Self Repair"],"max_hp_per_floor":[75,75,75,75,75,75,75,75,75,75,75,75,75,75,75,75,75,75,75,75,75,75],"relics":["Cracked Core","Shuriken","Letter Opener","Lantern","Nuclear Battery"],"card_choices":[{"not_picked":["Conserve Battery","Glacier"],"picked":"Cold Snap","floor":1},{"not_picked":["Force Field","Rip and Tear"],"picked":"Streamline","floor":4},{"not_picked":["Beam Cell","Steam Power"],"picked":"Ball Lightning","floor":5},{"not_picked":["Hologram","Steam"],"picked":"Rebound","floor":6},{"not_picked":["Compile Driver","Conserve Battery"],"picked":"Machine Learning","floor":11},{"not_picked":["Stack","Auto Shields"],"picked":"Chill","floor":14},{"not_picked":["Multi-Cast","Machine Learning"],"picked":"Echo Form","floor":16},{"not_picked":["Steam Power+1","Stack"],"picked":"Ball Lightning","floor":18},{"not_picked":["Lockon","Cold Snap","Ball Lightning"],"picked":"SKIP","floor":20},{"not_picked":["Consume+1","Glacier","Streamline"],"picked":"SKIP","floor":21}],"player_experience":611830,"potions_floor_usage":[11,16,22],"damage_taken":[{"damage":1,"enemies":"Cultist","floor":1,"turns":3},{"damage":0,"enemies":"2 Louse","floor":4,"turns":2},{"damage":3,"enemies":"Jaw Worm","floor":5,"turns":4},{"damage":13,"enemies":"3 Sentries","floor":6,"turns":6},{"damage":26,"enemies":"Gremlin Nob","floor":11,"turns":4},{"damage":0,"enemies":"Large Slime","floor":14,"turns":3},{"damage":0,"enemies":"Slime Boss","floor":16,"turns":5},{"damage":15,"enemies":"2 Thieves","floor":18,"turns":4},{"damage":6,"enemies":"Shell Parasite","floor":20,"turns":4},{"damage":51,"enemies":"Cultist and Chosen","floor":21,"turns":6},{"damage":18,"enemies":"Snecko","floor":22,"turns":3}],"relics_obtained":[{"floor":6,"key":"Shuriken"},{"floor":9,"key":"Letter Opener"},{"floor":11,"key":"Lantern"}],"event_choices":[{"event_name":"Bonfire Elementals","player_choice":"BASIC","floor":2,"damage_taken":0},{"event_name":"The Lab","player_choice":"Got Potions","floor":12,"damage_taken":0}],"boss_relics":[{"not_picked":["Pandora\u0027s Box","Snecko Eye"],"picked":"Nuclear Battery"}],"items_purged_floors":[3],"potions_floor_spawned":[6,11,14,21],"seed_played":"160093078020278574","killed_by":"Snecko","ascension_level":1,"potions_obtained":[{"floor":6,"key":"EssenceOfSteel"},{"floor":11,"key":"LiquidBronze"},{"floor":12,"key":"SkillPotion"},{"floor":12,"key":"SteroidPotion"},{"floor":14,"key":"Regen Potion"},{"floor":21,"key":"SkillPotion"}],"is_trial":false}