{"gold_per_floor":[119,99,109,125,137,137,163,177,177,142,167,167,184,184,184,184],"floor_reached":16,"playtime":833,"items_purged":[],"score":213,"play_id":"e606d024-b57a-4ad0-92dc-697a53d048c5","local_time":"20190114222904","is_ascension_mode":true,"campfire_choices":[{"data":"Rage","floor":6,"key":"SMITH"},{"data":"Bash","floor":12,"key":"SMITH"},{"floor":15,"key":"REST"}],"neow_cost":"NONE","seed_source_timestamp":327572646915172,"circlet_count":0,"master_deck":["AscendersBane","Strike_R","Strike_R","Strike_R","Strike_R","Strike_R","Defend_R","Defend_R","Defend_R","Defend_R","Bash+1","Clash","Rage+1","Metallicize","Ghostly Armor","Flex","Shrug It Off","Rampage","Shrug It Off"],"relics":["Burning Blood","Question Card","Pear","Peace Pipe","Frozen Egg 2"],"potions_floor_usage":[7,11,13,16],"damage_taken":[{"damage":7,"enemies":"Small Slimes","floor":1,"turns":4},{"damage":7,"enemies":"Cultist","floor":3,"turns":4},{"damage":12,"enemies":"Jaw Worm","floor":4,"turns":4},{"damage":4,"enemies":"2 Fungi Beasts","floor":5,"turns":4},{"damage":26,"enemies":"3 Sentries","floor":7,"turns":18},{"damage":10,"enemies":"Blue Slaver","floor":8,"turns":4},{"damage":7,"enemies":"Lagavulin","floor":11,"turns":7},{"damage":15,"enemies":"Exordium Thugs","floor":13,"turns":4},{"damage":35,"enemies":"Slime Boss","floor":16,"turns":5}],"seed_played":"7472462922002519045","potions_obtained":[{"floor":1,"key":"Swift Potion"},{"floor":2,"key":"SneckoOil"},{"floor":8,"key":"Poison Potion"},{"floor":11,"key":"Energy Potion"},{"floor":13,"key":"Ancient Potion"}],"is_trial":false,"path_per_floor":["M","?","M","M","M","R","E","M","T","?","E","R","M","?","R","B"],"character_chosen":"IRONCLAD","items_purchased":[],"campfire_rested":1,"item_purchase_floors":[],"current_hp_per_floor":[74,74,73,67,69,69,49,45,55,78,77,77,68,12,39,4],"gold":184,"neow_bonus":"TEN_PERCENT_HP_BONUS","is_prod":false,"is_daily":false,"chose_seed":false,"campfire_upgraded":2,"win_rate":0,"timestamp":1547504944,"path_taken":["M","?","M","?","M","R","E","M","T","?","E","R","M","?","R","BOSS"],"build_version":"2019-01-10","purchased_purges":0,"victory":false,"max_hp_per_floor":[82,82,82,82,82,82,82,82,92,92,92,92,92,92,92,92],"card_choices":[{"not_picked":["Warcry","Carnage"],"picked":"Clash","floor":1},{"not_picked":["Combust","Warcry"],"picked":"Rage","floor":3},{"not_picked":["Intimidate","Thunderclap"],"picked":"Metallicize","floor":4},{"not_picked":["Wild Strike","Immolate"],"picked":"Ghostly Armor","floor":5},{"not_picked":["Sword Boomerang","Power Through"],"picked":"Flex","floor":7},{"not_picked":["Fire Breathing","Sword Boomerang","Armaments"],"picked":"Shrug It Off","floor":8},{"not_picked":["Anger","Combust","Carnage"],"picked":"Rampage","floor":11},{"not_picked":["Bloodletting","Whirlwind","True Grit"],"picked":"Shrug It Off","floor":13}],"player_experience":1112772,"relics_obtained":[{"floor":7,"key":"Question Card"},{"floor":9,"key":"Pear"},{"floor":11,"key":"Peace Pipe"}],"event_choices":[{"damage_healed":0,"gold_gain":0,"player_choice":"Bought 1 Potion","damage_taken":0,"max_hp_gain":0,"max_hp_loss":0,"event_name":"The Woman in Blue","floor":2,"gold_loss":0},{"damage_healed":23,"gold_gain":0,"player_choice":"Healed","damage_taken":0,"max_hp_gain":0,"max_hp_loss":0,"event_name":"The Cleric","floor":10,"gold_loss":35},{"damage_healed":0,"gold_gain":0,"player_choice":"Success","damage_taken":56,"relics_obtained":["Frozen Egg 2"],"max_hp_gain":0,"max_hp_loss":0,"event_name":"Scrap Ooze","floor":14,"gold_loss":0}],"is_beta":false,"boss_relics":[],"items_purged_floors":[],"is_endless":false,"potions_floor_spawned":[1,8,11,13],"killed_by":"Slime Boss","ascension_level":18}