{"gold_per_floor":[114,127,137,156,167,167,191,191,216,249,49,65,25,39,39,136,136,151,167,167,183,196,196,225,225,225,140,140,156,172,28,28,131,131,151,151,151,171,184,0,20,20,45,45,64,14,33,33,33,33,33,33,33,33],"floor_reached":54,"playtime":3478,"items_purged":["Strike_B","Parasite"],"score":638,"play_id":"71a031f5-47cf-462a-be7c-5991a3fa39b6","local_time":"20190701221335","is_ascension_mode":false,"campfire_choices":[{"data":"Glacier","floor":6,"key":"SMITH"},{"data":"Cold Snap","floor":8,"key":"SMITH"},{"floor":15,"key":"REST"},{"data":"Consume","floor":23,"key":"SMITH"},{"floor":32,"key":"REST"},{"floor":42,"key":"RECALL"},{"floor":49,"key":"REST"},{"data":"Capacitor","floor":52,"key":"SMITH"}],"neow_cost":"NONE","seed_source_timestamp":870011659519514,"circlet_count":0,"master_deck":["Strike_B","Defend_B","Defend_B+1","Defend_B","Defend_B","Zap+1","Dualcast","Skim","Conserve Battery","FTL","Cold Snap+1","Glacier+1","BootSequence","Compile Driver","Hyperbeam+1","Capacitor+1","Consume+1","Core Surge","FTL+1","Core Surge","Defragment","Dark Shackles","White Noise+1"],"relics":["FrozenCore","Lantern","War Paint","Smiling Mask","Centennial Puzzle","Empty Cage","MutagenicStrength","Pen Nib","Potion Belt","Orichalcum","Red Mask","Blood Vial"],"potions_floor_usage":[10,24,33,33,33,39,50,54],"damage_taken":[{"damage":1,"enemies":"Cultist","floor":1,"turns":3},{"damage":1,"enemies":"Jaw Worm","floor":2,"turns":3},{"damage":0,"enemies":"Small Slimes","floor":3,"turns":2},{"damage":10,"enemies":"Blue Slaver","floor":4,"turns":3},{"damage":15,"enemies":"Large Slime","floor":5,"turns":5},{"damage":12,"enemies":"Lagavulin","floor":10,"turns":9},{"damage":0,"enemies":"3 Louse","floor":12,"turns":3},{"damage":0,"enemies":"Exordium Thugs","floor":14,"turns":5},{"damage":2,"enemies":"Hexaghost","floor":16,"turns":12},{"damage":3,"enemies":"Shell Parasite","floor":18,"turns":8},{"damage":9,"enemies":"Spheric Guardian","floor":19,"turns":6},{"damage":0,"enemies":"Snake Plant","floor":21,"turns":5},{"damage":1,"enemies":"Centurion and Healer","floor":22,"turns":4},{"damage":33,"enemies":"Slavers","floor":24,"turns":4},{"damage":0,"enemies":"Cultist and Chosen","floor":29,"turns":7},{"damage":11,"enemies":"Sentry and Sphere","floor":30,"turns":7},{"damage":6,"enemies":"Automaton","floor":33,"turns":13},{"damage":0,"enemies":"Orb Walker","floor":35,"turns":3},{"damage":12,"enemies":"3 Darklings","floor":38,"turns":4},{"damage":18,"enemies":"Spire Growth","floor":39,"turns":6},{"damage":10,"enemies":"Writhing Mass","floor":41,"turns":9},{"damage":6,"enemies":"Transient","floor":45,"turns":5},{"damage":1,"enemies":"4 Shapes","floor":47,"turns":6},{"damage":45,"enemies":"Awakened One","floor":50,"turns":34},{"damage":73,"enemies":"Shield and Spear","floor":54,"turns":8}],"seed_played":"6131529462444990234","potions_obtained":[{"floor":2,"key":"PowerPotion"},{"floor":3,"key":"Dexterity Potion"},{"floor":4,"key":"Swift Potion"},{"floor":10,"key":"FocusPotion"},{"floor":14,"key":"AttackPotion"},{"floor":24,"key":"Strength Potion"},{"floor":33,"key":"Energy Potion"},{"floor":41,"key":"Strength Potion"},{"floor":45,"key":"Poison Potion"}],"is_trial":false,"path_per_floor":["M","M","M","M","M","R","T","R","T","E","$","M","$","M","R","B",null,"M","M","?","M","M","R","E","?","T","?","?","M","M","$","R","B",null,"M","?","?","M","M","?","M","R","T","$","M","$","M","$","R","B",null,"R","$","E"],"character_chosen":"DEFECT","items_purchased":["Centennial Puzzle","Capacitor","Orichalcum"],"campfire_rested":3,"item_purchase_floors":[11,13,31],"current_hp_per_floor":[74,73,73,63,48,48,48,48,48,36,36,36,36,36,58,56,75,72,63,63,63,62,62,29,29,29,29,29,29,18,18,40,34,75,75,71,71,59,41,41,31,31,31,31,27,27,28,28,48,5,68,68,68,0],"gold":33,"neow_bonus":"THREE_CARDS","is_prod":false,"is_daily":false,"chose_seed":false,"campfire_upgraded":4,"win_rate":0,"timestamp":1562044415,"path_taken":["M","?","M","M","M","R","?","R","T","E","$","M","?","M","R","BOSS","M","M","?","M","M","R","E","?","T","?","?","M","M","$","R","BOSS","M","?","?","M","M","?","M","R","T","?","M","$","M","$","R","BOSS","R","$","E"],"build_version":"2019-07-01","purchased_purges":2,"victory":false,"max_hp_per_floor":[75,75,75,75,75,75,75,75,75,75,75,75,75,75,75,75,75,75,75,75,75,75,75,75,75,75,75,75,75,75,75,75,75,75,75,71,71,71,71,71,71,71,71,71,71,68,68,68,68,68,68,68,68,68],"card_choices":[{"not_picked":["Turbo","Redo"],"picked":"Skim","floor":0},{"not_picked":["Loop","Lockon"],"picked":"Conserve Battery","floor":1},{"not_picked":["Beam Cell","Gash"],"picked":"FTL","floor":2},{"not_picked":["Turbo","Redo"],"picked":"Cold Snap","floor":3},{"not_picked":["Lockon","Reboot"],"picked":"Glacier","floor":4},{"not_picked":["Barrage","Stack"],"picked":"BootSequence","floor":5},{"not_picked":["Streamline","Force Field"],"picked":"Compile Driver","floor":10},{"not_picked":["Sweeping Beam","Coolheaded"],"picked":"Hyperbeam","floor":12},{"not_picked":["Ball Lightning","Barrage"],"picked":"Consume","floor":14},{"not_picked":["Thunder Strike","Creative AI"],"picked":"Core Surge","floor":16},{"not_picked":["Leap+1","Streamline","Hologram"],"picked":"SKIP","floor":18},{"not_picked":["Compile Driver","Fusion+1"],"picked":"FTL+1","floor":19},{"not_picked":["Beam Cell","Hologram+1"],"picked":"Core Surge","floor":21},{"not_picked":["Redo+1","Sweeping Beam","Static Discharge"],"picked":"SKIP","floor":22},{"not_picked":["Gash","Coolheaded","Go for the Eyes"],"picked":"SKIP","floor":24},{"not_picked":["Leap","Cold Snap+1","BootSequence"],"picked":"SKIP","floor":29},{"not_picked":["Steam+1","Ball Lightning"],"picked":"Defragment","floor":30},{"not_picked":["Coolheaded+1","Leap","Go for the Eyes"],"picked":"SKIP","floor":35},{"not_picked":["Magnetism","The Bomb"],"picked":"Dark Shackles","floor":37},{"not_picked":["Leap","Coolheaded+1","Static Discharge"],"picked":"SKIP","floor":38},{"not_picked":["Storm+1","Turbo"],"picked":"White Noise+1","floor":39},{"not_picked":["Consume","Heatsinks","Redo"],"picked":"SKIP","floor":41},{"not_picked":["Beam Cell+1","Auto Shields+1","Redo"],"picked":"SKIP","floor":45},{"not_picked":["Rebound","Hologram","Beam Cell"],"picked":"SKIP","floor":47}],"player_experience":584605,"relics_obtained":[{"floor":7,"key":"Lantern"},{"floor":9,"key":"War Paint"},{"floor":10,"key":"Smiling Mask"},{"floor":24,"key":"Pen Nib"},{"floor":43,"key":"Blood Vial"}],"event_choices":[{"damage_healed":0,"gold_gain":0,"player_choice":"Inject Mutagens","damage_taken":0,"relics_obtained":["MutagenicStrength"],"max_hp_gain":0,"max_hp_loss":0,"event_name":"Drug Dealer","floor":20,"gold_loss":0},{"damage_healed":0,"gold_gain":0,"player_choice":"Ignored","damage_taken":0,"max_hp_gain":0,"max_hp_loss":0,"event_name":"Vampires","floor":25,"gold_loss":0},{"damage_healed":0,"gold_gain":0,"player_choice":"Obtained Relic","damage_taken":0,"relics_obtained":["Potion Belt"],"max_hp_gain":0,"max_hp_loss":0,"event_name":"Addict","floor":27,"gold_loss":85},{"damage_healed":0,"gold_gain":0,"player_choice":"Upgraded","damage_taken":0,"max_hp_gain":0,"max_hp_loss":0,"event_name":"Upgrade Shrine","floor":28,"gold_loss":0,"cards_upgraded":["Hyperbeam"]},{"damage_healed":0,"gold_gain":0,"player_choice":"Max HP","damage_taken":0,"max_hp_gain":0,"max_hp_loss":4,"event_name":"Winding Halls","floor":36,"gold_loss":0},{"damage_healed":0,"gold_gain":0,"player_choice":"Memory 1","damage_taken":0,"max_hp_gain":0,"max_hp_loss":0,"event_name":"SensoryStone","floor":37,"gold_loss":0},{"damage_healed":0,"gold_gain":0,"player_choice":"Paid","damage_taken":0,"relics_obtained":["Red Mask"],"max_hp_gain":0,"max_hp_loss":0,"event_name":"Tomb of Lord Red Mask","floor":40,"gold_loss":184}],"is_beta":false,"boss_relics":[{"not_picked":["Ectoplasm","Lizard Tail"],"picked":"Empty Cage"},{"not_picked":["Inserter","Coffee Dripper"],"picked":"FrozenCore"}],"items_purged_floors":[11,46],"is_endless":false,"potions_floor_spawned":[2,3,4,10,14,18,24,33,41,45],"killed_by":"Shield and Spear","ascension_level":0}