{"gold_per_floor":[119,133,145,95,106,106,106,135,160,160,160],"floor_reached":11,"playtime":351,"items_purged":[],"score":80,"play_id":"62b43620-725e-47f8-91e5-4a003f093c7a","local_time":"20190705201152","is_ascension_mode":true,"campfire_choices":[{"data":"Tactician","floor":6,"key":"SMITH"},{"data":"Noxious Fumes","floor":10,"key":"SMITH"}],"neow_cost":"NONE","seed_source_timestamp":98116364308817,"circlet_count":0,"master_deck":["Strike_G","Strike_G","Strike_G","Defend_G","Defend_G","Defend_G","Defend_G","Defend_G","Survivor","Neutralize","Deflect","Accuracy","Die Die Die","Tactician+1","Finisher","Noxious Fumes+1"],"relics":["Ring of the Snake","NeowsBlessing","Dream Catcher","Strawberry"],"potions_floor_usage":[8,11],"damage_taken":[{"damage":0,"enemies":"Small Slimes","floor":1,"turns":1},{"damage":0,"enemies":"Jaw Worm","floor":2,"turns":1},{"damage":0,"enemies":"Cultist","floor":3,"turns":1},{"damage":11,"enemies":"Exordium Wildlife","floor":5,"turns":4},{"damage":34,"enemies":"Lagavulin","floor":8,"turns":13},{"damage":47,"enemies":"Gremlin Nob","floor":11,"turns":6}],"seed_played":"8863034587886700687","potions_obtained":[{"floor":1,"key":"EssenceOfSteel"},{"floor":5,"key":"Regen Potion"}],"is_trial":false,"path_per_floor":["M","M","M","?","M","R","?","E","T","R","E"],"character_chosen":"THE_SILENT","items_purchased":[],"campfire_rested":0,"item_purchase_floors":[],"current_hp_per_floor":[70,70,70,70,59,59,59,37,44,44,0],"gold":160,"neow_bonus":"THREE_ENEMY_KILL","is_prod":false,"is_daily":false,"chose_seed":false,"campfire_upgraded":2,"win_rate":0,"timestamp":1562382712,"path_taken":["M","M","M","?","M","R","?","E","T","R","E"],"build_version":"2019-07-05","purchased_purges":0,"victory":false,"max_hp_per_floor":[70,70,70,70,70,70,70,70,77,77,77],"card_choices":[{"not_picked":["Flechettes","Dagger Spray"],"picked":"Deflect","floor":1},{"not_picked":["Flying Knee","Cloak And Dagger"],"picked":"Accuracy","floor":2},{"not_picked":["Quick Slash","Bane"],"picked":"Die Die Die","floor":3},{"not_picked":["Terror","Quick Slash"],"picked":"Tactician","floor":5},{"not_picked":["Prepared","Dodge and Roll"],"picked":"Noxious Fumes","floor":8}],"player_experience":553195,"relics_obtained":[{"floor":8,"key":"Dream Catcher"},{"floor":9,"key":"Strawberry"}],"event_choices":[{"cards_removed":["Strike_G"],"damage_healed":0,"gold_gain":0,"player_choice":"Card Removal","damage_taken":0,"max_hp_gain":0,"max_hp_loss":0,"event_name":"The Cleric","floor":4,"gold_loss":50},{"damage_healed":0,"gold_gain":0,"cards_transformed":["Strike_G"],"player_choice":"Transformed","damage_taken":0,"max_hp_gain":0,"max_hp_loss":0,"event_name":"Transmorgrifier","floor":7,"gold_loss":0,"cards_obtained":["Finisher"]}],"is_beta":false,"boss_relics":[],"items_purged_floors":[],"is_endless":false,"potions_floor_spawned":[1,5],"killed_by":"Gremlin Nob","ascension_level":2}