{"gold_per_floor":[109,127,127,127,127,127,162,162,212,230,249,282,55,67,67,166,166,181,50,50,67,67,100,100,120,144,202,171,188,214,214,214,311,311,321,333,333,333,386,417,417],"floor_reached":41,"playtime":3478,"items_purged":[],"score":614,"play_id":"e26d9b43-3f59-4ff2-98a2-3e66ec8a2bfe","local_time":"20190612183148","is_ascension_mode":true,"campfire_choices":[{"data":"Malaise","floor":6,"key":"SMITH"},{"floor":15,"key":"REST"},{"data":"Accuracy","floor":24,"key":"SMITH"},{"floor":32,"key":"REST"}],"neow_cost":"NONE","seed_source_timestamp":16472499777991,"circlet_count":0,"master_deck":["Defend_G","Defend_G","Defend_G","Defend_G+1","Strike_G","Strike_G","Strike_G","Strike_G","Survivor","Neutralize","Dagger Throw","Backflip+1","Malaise+1","Terror+1","Dagger Throw","Accuracy+1","Acrobatics+1","Footwork","Dodge and Roll+1","Panache","Blur+1","Phantasmal Killer+1","Cloak And Dagger+1","Tactician+1","Backflip+1","Cloak And Dagger+1","Reflex+1","Cloak And Dagger+1","Well Laid Plans","Acrobatics+1","Well Laid Plans","Acrobatics+1","Blade Dance+1","Cloak And Dagger+1","Doppelganger+1","Accuracy+1","Sucker Punch","Finisher","Tools of the Trade+1","Outmaneuver+1","Deflect+1","Madness+1","Madness+1","Footwork+1"],"relics":["Runic Dome","Paper Crane","Toxic Egg 2","Anchor","Oddly Smooth Stone","The Courier","Orrery","Smiling Mask","War Paint","Frozen Egg 2","Snake Skull","Tiny Chest","Darkstone Periapt","MutagenicStrength","Empty Cage","Lantern","Singing Bowl"],"potions_floor_usage":[16,16,27,30,33,40,40],"damage_taken":[{"damage":0,"enemies":"Small Slimes","floor":1,"turns":4},{"damage":0,"enemies":"Jaw Worm","floor":2,"turns":3},{"damage":9,"enemies":"3 Sentries","floor":7,"turns":13},{"damage":0,"enemies":"2 Louse","floor":10,"turns":2},{"damage":0,"enemies":"2 Fungi Beasts","floor":11,"turns":3},{"damage":31,"enemies":"Gremlin Nob","floor":12,"turns":5},{"damage":0,"enemies":"Looter","floor":14,"turns":2},{"damage":22,"enemies":"Slime Boss","floor":16,"turns":22},{"damage":6,"enemies":"Shell Parasite","floor":18,"turns":4},{"damage":0,"enemies":"Chosen","floor":21,"turns":5},{"damage":11,"enemies":"Slavers","floor":23,"turns":5},{"damage":14,"enemies":"Sentry and Sphere","floor":25,"turns":4},{"damage":5,"enemies":"Gremlin Leader","floor":27,"turns":6},{"damage":7,"enemies":"Centurion and Healer","floor":29,"turns":5},{"damage":20,"enemies":"Slavers","floor":30,"turns":4},{"damage":3,"enemies":"Automaton","floor":33,"turns":7},{"damage":20,"enemies":"3 Darklings","floor":35,"turns":6},{"damage":0,"enemies":"3 Shapes","floor":36,"turns":5},{"damage":32,"enemies":"Reptomancer","floor":40,"turns":6},{"damage":10,"enemies":"Spire Growth","floor":41,"turns":2}],"seed_played":"-8203891849937052576","potions_obtained":[{"floor":2,"key":"SteroidPotion"},{"floor":11,"key":"Block Potion"},{"floor":12,"key":"SteroidPotion"},{"floor":16,"key":"Energy Potion"},{"floor":21,"key":"Poison Potion"},{"floor":29,"key":"GhostInAJar"},{"floor":30,"key":"SpeedPotion"},{"floor":33,"key":"Ancient Potion"},{"floor":36,"key":"Weak Potion"}],"is_trial":false,"path_per_floor":["M","M","$","?","T","R","E","?","T","M","M","E","$","M","R","B",null,"M","$","?","M","?","E","R","M","T","E","$","M","E","?","R","B",null,"M","M","?","?","T","E","M"],"character_chosen":"THE_SILENT","items_purchased":["Footwork","Dodge and Roll+1","Panache","Well Laid Plans","Acrobatics+1","Well Laid Plans","Accuracy+1"],"campfire_rested":2,"item_purchase_floors":[13,13,13,19,19,19,28],"current_hp_per_floor":[70,70,70,70,70,70,61,61,61,61,61,30,30,30,51,29,70,64,64,64,64,64,53,53,39,39,34,34,27,7,7,28,25,70,50,50,50,41,41,9,0],"gold":417,"neow_bonus":"BOSS_RELIC","is_prod":false,"is_daily":false,"chose_seed":false,"campfire_upgraded":2,"win_rate":0,"timestamp":1560389508,"path_taken":["M","M","$","?","?","R","E","?","T","M","M","E","$","M","R","BOSS","M","$","?","M","?","E","R","M","T","E","$","M","E","?","R","BOSS","M","M","?","?","?","E","M"],"build_version":"2019-01-23","purchased_purges":0,"victory":false,"max_hp_per_floor":[70,70,70,70,70,70,70,70,70,70,70,70,70,70,70,70,70,70,70,70,70,70,70,70,70,70,70,70,70,70,70,70,70,70,70,70,70,70,70,70,70],"card_choices":[{"not_picked":["Flying Knee","Prepared"],"picked":"Dagger Throw","floor":1},{"not_picked":["Dodge and Roll","Masterful Stab"],"picked":"Backflip","floor":2},{"not_picked":["Unload","Dagger Spray"],"picked":"Terror","floor":7},{"not_picked":["Concentrate+1","Poisoned Stab"],"picked":"Dagger Throw","floor":10},{"not_picked":["Eviscerate","Masterful Stab"],"picked":"Accuracy","floor":11},{"not_picked":["PiercingWail+1","Flying Knee"],"picked":"Acrobatics+1","floor":12},{"not_picked":["Slice","Dagger Spray"],"picked":"Blur+1","floor":14},{"not_picked":["Envenom","Die Die Die"],"picked":"Phantasmal Killer+1","floor":16},{"not_picked":["PiercingWail+1","Bane"],"picked":"Cloak And Dagger+1","floor":17},{"not_picked":["Outmaneuver+1","Blade Dance+1"],"picked":"Tactician+1","floor":17},{"not_picked":["PiercingWail+1","Underhanded Strike"],"picked":"Backflip+1","floor":17},{"not_picked":["Outmaneuver+1","Crippling Poison+1"],"picked":"Cloak And Dagger+1","floor":17},{"not_picked":["Accuracy","Outmaneuver+1"],"picked":"Reflex+1","floor":17},{"not_picked":["Concentrate+1","Tactician+1"],"picked":"Cloak And Dagger+1","floor":18},{"not_picked":["Flying Knee","PiercingWail+1"],"picked":"Acrobatics+1","floor":21},{"not_picked":["Dagger Throw","Eviscerate"],"picked":"Blade Dance+1","floor":23},{"not_picked":["Calculated Gamble+1","Dash"],"picked":"Cloak And Dagger+1","floor":25},{"not_picked":["Slice","Acrobatics+1"],"picked":"Doppelganger+1","floor":27},{"not_picked":["Acrobatics+1","Quick Slash+1"],"picked":"Sucker Punch","floor":29},{"not_picked":["Tactician+1","Backflip+1"],"picked":"Finisher","floor":30},{"not_picked":["Venomology+1","Envenom+1"],"picked":"Tools of the Trade+1","floor":33},{"not_picked":["Calculated Gamble+1","Underhanded Strike"],"picked":"Outmaneuver+1","floor":35},{"not_picked":["Well Laid Plans+1","Noxious Fumes+1"],"picked":"Deflect+1","floor":36},{"not_picked":["Deadly Poison+1","Backflip+1"],"picked":"Footwork+1","floor":40}],"player_experience":198999,"relics_obtained":[{"floor":5,"key":"Paper Crane"},{"floor":7,"key":"Toxic Egg 2"},{"floor":9,"key":"Oddly Smooth Stone"},{"floor":12,"key":"The Courier"},{"floor":23,"key":"Frozen Egg 2"},{"floor":26,"key":"Snake Skull"},{"floor":27,"key":"Tiny Chest"},{"floor":30,"key":"Darkstone Periapt"},{"floor":39,"key":"Lantern"},{"floor":40,"key":"Singing Bowl"}],"event_choices":[{"damage_healed":0,"gold_gain":0,"cards_transformed":["Strike_G"],"player_choice":"Change","damage_taken":0,"max_hp_gain":0,"max_hp_loss":0,"event_name":"Living Wall","floor":4,"gold_loss":0,"cards_obtained":["Malaise"]},{"damage_healed":0,"gold_gain":0,"player_choice":"Box","damage_taken":0,"relics_obtained":["Anchor"],"max_hp_gain":0,"max_hp_loss":0,"event_name":"Big Fish","floor":8,"gold_loss":0,"cards_obtained":["Regret"]},{"damage_healed":0,"gold_gain":0,"player_choice":"Stole Relic","damage_taken":0,"relics_obtained":["Smiling Mask"],"max_hp_gain":0,"max_hp_loss":0,"event_name":"Addict","floor":20,"gold_loss":0,"cards_obtained":["Shame"]},{"damage_healed":0,"gold_gain":0,"player_choice":"Opened","damage_taken":0,"relics_obtained":["War Paint"],"max_hp_gain":0,"max_hp_loss":0,"event_name":"The Mausoleum","floor":22,"gold_loss":0},{"damage_healed":0,"gold_gain":0,"player_choice":"Inject Mutagens","damage_taken":0,"relics_obtained":["MutagenicStrength"],"max_hp_gain":0,"max_hp_loss":0,"event_name":"Drug Dealer","floor":31,"gold_loss":0},{"cards_removed":["Defend_G"],"damage_healed":0,"gold_gain":0,"player_choice":"Removed Skill","damage_taken":0,"max_hp_gain":0,"max_hp_loss":0,"event_name":"Falling","floor":37,"gold_loss":0},{"damage_healed":0,"gold_gain":0,"player_choice":"Embrace Madness","damage_taken":9,"max_hp_gain":0,"max_hp_loss":0,"event_name":"Winding Halls","floor":38,"gold_loss":0,"cards_obtained":["Madness","Madness"]}],"is_beta":false,"boss_relics":[{"not_picked":["Sozu","HoveringKite"],"picked":"Orrery"},{"not_picked":["Busted Crown","Cursed Key"],"picked":"Empty Cage"}],"items_purged_floors":[],"is_endless":false,"potions_floor_spawned":[2,11,12,16,21,29,30,33,36],"killed_by":"Spire Growth","ascension_level":1}