{"gold_per_floor":[99,117,132,142,158,185,203,203,230,246,261,261,261,296,296,391,391,376,393,393,412,140,140],"floor_reached":23,"playtime":1638,"items_purged":["Strike_B"],"score":207,"play_id":"a393e7f0-1a7d-4bc8-872a-637dcdcbef15","local_time":"20190224201853","is_ascension_mode":false,"campfire_choices":[{"data":"Beam Cell","floor":8,"key":"SMITH"},{"data":"Loop","floor":13,"key":"SMITH"},{"floor":15,"key":"REST"}],"neow_cost":"NONE","seed_source_timestamp":744424575485700,"circlet_count":0,"master_deck":["Strike_B","Strike_B","Strike_B","Defend_B","Defend_B","Defend_B","Defend_B","Zap","Dualcast","Streamline","Beam Cell+1","Streamline","Genetic Algorithm","Cold Snap","Leap","Redo","Loop+1","Compile Driver","Darkness","Coolheaded","Electrodynamics","Static Discharge","Hello World+1","Leap+1"],"relics":["Cracked Core","NeowsBlessing","Question Card","Dream Catcher","Darkstone Periapt","Coffee Dripper","MealTicket"],"potions_floor_usage":[16],"damage_taken":[{"damage":0,"enemies":"Cultist","floor":1,"turns":1},{"damage":0,"enemies":"Small Slimes","floor":2,"turns":1},{"damage":0,"enemies":"2 Louse","floor":3,"turns":1},{"damage":7,"enemies":"Blue Slaver","floor":4,"turns":2},{"damage":4,"enemies":"Looter","floor":5,"turns":2},{"damage":19,"enemies":"Lagavulin","floor":6,"turns":6},{"damage":0,"enemies":"2 Fungi Beasts","floor":7,"turns":3},{"damage":12,"enemies":"Gremlin Gang","floor":10,"turns":4},{"damage":1,"enemies":"3 Louse","floor":11,"turns":3},{"damage":29,"enemies":"Gremlin Nob","floor":14,"turns":4},{"damage":30,"enemies":"Hexaghost","floor":16,"turns":6},{"damage":27,"enemies":"2 Thieves","floor":18,"turns":4},{"damage":1,"enemies":"Chosen","floor":19,"turns":5},{"damage":14,"enemies":"Snake Plant","floor":21,"turns":4},{"damage":23,"enemies":"Book of Stabbing","floor":23,"turns":6}],"seed_played":"3843120145893422762","potions_obtained":[{"floor":2,"key":"SteroidPotion"},{"floor":3,"key":"Swift Potion"},{"floor":6,"key":"LiquidBronze"},{"floor":19,"key":"Swift Potion"}],"is_trial":false,"path_per_floor":["M","M","M","M","M","E","M","R","T","M","M","?","R","E","R","B",null,"M","M","?","M","$","E"],"character_chosen":"DEFECT","items_purchased":["MealTicket"],"campfire_rested":1,"item_purchase_floors":[22],"current_hp_per_floor":[75,75,75,68,64,45,45,45,45,33,32,57,57,28,50,20,75,48,47,47,33,33,10],"gold":140,"neow_bonus":"THREE_ENEMY_KILL","is_prod":false,"is_daily":false,"chose_seed":false,"campfire_upgraded":2,"win_rate":0.0,"timestamp":1551057533,"path_taken":["M","M","M","M","M","E","M","R","T","?","M","?","R","E","R","BOSS","M","M","?","?","$","E"],"build_version":"2019-01-23","purchased_purges":1,"victory":false,"max_hp_per_floor":[75,75,75,75,75,75,75,75,75,75,75,75,75,75,75,75,75,75,75,75,75,75,75],"card_choices":[{"not_picked":["Hologram","Steam Power"],"picked":"Streamline","floor":1},{"not_picked":["Doom and Gloom","Force Field"],"picked":"Beam Cell","floor":2},{"not_picked":["Beam Cell","Barrage"],"picked":"Streamline","floor":3},{"not_picked":["Beam Cell","White Noise"],"picked":"Genetic Algorithm","floor":4},{"not_picked":["Barrage","Sweeping Beam"],"picked":"Cold Snap","floor":5},{"not_picked":["Reprogram","Hologram"],"picked":"Leap","floor":6},{"not_picked":["Barrage","Conserve Battery","Cold Snap"],"picked":"Redo","floor":7},{"not_picked":["Consume","Rip and Tear","Ball Lightning"],"picked":"Loop","floor":10},{"not_picked":["Creative AI","Leap","Scrape"],"picked":"Compile Driver","floor":11},{"not_picked":["Fusion","Consume","Static Discharge"],"picked":"Darkness","floor":14},{"not_picked":["Streamline","Capacitor","Barrage"],"picked":"Coolheaded","floor":15},{"not_picked":["Creative AI","Machine Learning","Multi-Cast"],"picked":"Electrodynamics","floor":16},{"not_picked":["Scrape","Reinforced Body","Force Field"],"picked":"Static Discharge","floor":18},{"not_picked":["Steam","Sweeping Beam","FTL+1"],"picked":"Hello World+1","floor":19},{"not_picked":["Cold Snap","Stack+1","Reprogram"],"picked":"Leap+1","floor":21}],"player_experience":419856,"relics_obtained":[{"floor":6,"key":"Question Card"},{"floor":9,"key":"Dream Catcher"},{"floor":14,"key":"Darkstone Periapt"}],"event_choices":[{"damage_healed":25,"gold_gain":0,"player_choice":"Banana","damage_taken":0,"max_hp_gain":0,"max_hp_loss":0,"event_name":"Big Fish","floor":12,"gold_loss":0},{"damage_healed":0,"gold_gain":0,"player_choice":"Bought 0 Potions","damage_taken":0,"max_hp_gain":0,"max_hp_loss":0,"event_name":"The Woman in Blue","floor":20,"gold_loss":0}],"is_beta":false,"boss_relics":[{"not_picked":["Orrery","Ectoplasm"],"picked":"Coffee Dripper"}],"items_purged_floors":[22],"is_endless":false,"potions_floor_spawned":[2,3,6,7,11,19,21],"killed_by":"Book of Stabbing","ascension_level":0}