{"gold_per_floor":[117,117,138,138,138,138,182,182,208,249,249,288,288,302,302,391,391,410,132,132,159,183,183,183,218,265,303,303,319,319,358,358,454,454,474,494,508,531,551,551,587,31,31,31,46,46,69,90,90,90],"floor_reached":50,"playtime":3141,"items_purged":[],"score":1049,"play_id":"2a878ff2-422c-4229-bab5-fff1e553183b","local_time":"20190720131802","is_ascension_mode":true,"campfire_choices":[{"data":"Whirlwind","floor":6,"key":"SMITH"},{"data":"Cleave","floor":11,"key":"SMITH"},{"data":"Disarm","floor":13,"key":"SMITH"},{"data":"Disarm","floor":15,"key":"SMITH"},{"data":"Shrug It Off","floor":23,"key":"SMITH"},{"floor":28,"key":"DIG"},{"floor":32,"key":"DIG"},{"floor":40,"key":"DIG"},{"floor":46,"key":"DIG"},{"floor":49,"key":"REST"}],"neow_cost":"NONE","seed_source_timestamp":134559894902800,"circlet_count":0,"master_deck":["AscendersBane","Bash","Cleave+1","Whirlwind+1","Disarm+1","Clothesline","Immolate","Disarm+1","Reaper","Intimidate","Flex","Burning Pact+1","Pummel","Corruption+1","Seeing Red","Headbutt","Disarm","Seeing Red","Spot Weakness+1","Dark Shackles","Feel No Pain+1","Shrug It Off+1","Metallicize+1","Warcry","Power Through+1","Shockwave+1","Bludgeon","Dark Embrace+1","Flex+1","Warcry","Fire Breathing+1","Dropkick+1","Infernal Blade","Brutality+1","Fire Breathing+1","Shrug It Off","Pummel","Discovery","Dual Wield","Hemokinesis+1"],"relics":["Burning Blood","NeowsBlessing","Golden Idol","Frozen Egg 2","Lantern","Oddly Smooth Stone","Happy Flower","StoneCalendar","Pandora\u0027s Box","MutagenicStrength","War Paint","Shovel","Orichalcum","Gremlin Horn","Pen Nib","Nunchaku","Smiling Mask","Fusion Hammer","Omamori","Bag of Marbles","Blood Vial","Centennial Puzzle","Mercury Hourglass","FaceOfCleric","Du-Vu Doll"],"potions_floor_usage":[16,29,50,50],"damage_taken":[{"damage":0,"enemies":"2 Louse","floor":1,"turns":1},{"damage":0,"enemies":"Jaw Worm","floor":3,"turns":1},{"damage":0,"enemies":"Lagavulin","floor":7,"turns":1},{"damage":20,"enemies":"Gremlin Nob","floor":10,"turns":4},{"damage":10,"enemies":"3 Sentries","floor":12,"turns":3},{"damage":0,"enemies":"Small Slimes","floor":14,"turns":1},{"damage":8,"enemies":"The Guardian","floor":16,"turns":11},{"damage":22,"enemies":"2 Thieves","floor":18,"turns":2},{"damage":0,"enemies":"3 Byrds","floor":22,"turns":4},{"damage":28,"enemies":"Book of Stabbing","floor":25,"turns":6},{"damage":16,"enemies":"Gremlin Leader","floor":27,"turns":6},{"damage":13,"enemies":"Sentry and Sphere","floor":29,"turns":6},{"damage":21,"enemies":"Slavers","floor":31,"turns":3},{"damage":29,"enemies":"Automaton","floor":33,"turns":9},{"damage":22,"enemies":"3 Shapes","floor":35,"turns":2},{"damage":0,"enemies":"3 Darklings","floor":36,"turns":1},{"damage":3,"enemies":"Jaw Worm Horde","floor":37,"turns":4},{"damage":19,"enemies":"Writhing Mass","floor":38,"turns":5},{"damage":16,"enemies":"Transient","floor":39,"turns":5},{"damage":44,"enemies":"Giant Head","floor":41,"turns":9},{"damage":5,"enemies":"Spire Growth","floor":45,"turns":5},{"damage":13,"enemies":"Writhing Mass","floor":47,"turns":2},{"damage":8,"enemies":"4 Shapes","floor":48,"turns":1},{"damage":98,"enemies":"Awakened One","floor":50,"turns":10}],"seed_played":"-4372394888825220902","potions_obtained":[{"floor":10,"key":"SneckoOil"},{"floor":14,"key":"SkillPotion"},{"floor":27,"key":"SkillPotion"},{"floor":31,"key":"GamblersBrew"},{"floor":33,"key":"GamblersBrew"},{"floor":35,"key":"LiquidBronze"},{"floor":45,"key":"Regen Potion"}],"is_trial":false,"path_per_floor":["M","?","M","T","?","R","E","?","T","E","R","E","R","M","R","B",null,"M","$","?","T","M","R","?","E","T","E","R","M","?","E","R","B",null,"M","M","M","M","M","R","E","$","T","?","M","R","M","M","R","B"],"character_chosen":"IRONCLAD","items_purchased":["Seeing Red","Spot Weakness","Dark Shackles","Feel No Pain+1","Fire Breathing+1","Shrug It Off","Blood Vial","Pummel","Centennial Puzzle","Discovery"],"campfire_rested":1,"item_purchase_floors":[19,19,19,19,42,42,42,42,42,42],"current_hp_per_floor":[74,56,62,62,55,55,61,46,46,32,32,28,28,34,34,32,64,48,48,48,48,63,63,63,53,53,55,55,57,57,60,60,49,69,63,69,74,61,69,69,53,53,53,53,65,65,61,62,78,0],"gold":90,"neow_bonus":"THREE_ENEMY_KILL","is_prod":false,"is_daily":false,"chose_seed":false,"campfire_upgraded":5,"win_rate":0,"timestamp":1563643082,"path_taken":["M","?","M","?","?","R","E","?","T","E","R","E","R","M","R","BOSS","M","$","?","?","M","R","?","E","T","E","R","M","?","E","R","BOSS","M","M","M","M","M","R","E","$","T","?","M","R","?","M","R","BOSS"],"build_version":"2019-07-17","purchased_purges":0,"victory":false,"max_hp_per_floor":[75,75,75,75,75,75,75,75,75,75,75,75,75,75,75,75,75,75,75,75,75,75,75,75,75,75,75,75,75,75,75,75,75,75,75,75,75,75,75,75,75,75,75,75,76,76,77,78,78,78],"card_choices":[{"not_picked":["Sword Boomerang","Clash"],"picked":"Cleave","floor":1},{"not_picked":["Infernal Blade","Battle Trance"],"picked":"Whirlwind","floor":3},{"not_picked":["Body Slam","Anger"],"picked":"Disarm","floor":7},{"not_picked":["Twin Strike","Warcry"],"picked":"Clothesline","floor":10},{"not_picked":["Reckless Charge","Cleave"],"picked":"Immolate","floor":12},{"not_picked":["Anger","Cleave"],"picked":"Disarm","floor":14},{"not_picked":["Bludgeon","Immolate"],"picked":"Reaper","floor":16},{"not_picked":["Clothesline","Dropkick","Heavy Blade"],"picked":"SKIP","floor":18},{"not_picked":["Clash","Warcry"],"picked":"Shrug It Off","floor":22},{"not_picked":["Pommel Strike","Corruption+1"],"picked":"Warcry","floor":25},{"not_picked":["Shrug It Off","Thunderclap"],"picked":"Power Through+1","floor":27},{"not_picked":["Seeing Red","True Grit"],"picked":"Shockwave+1","floor":29},{"not_picked":["Warcry","Carnage"],"picked":"Bludgeon","floor":31},{"not_picked":["Limit Break","Bludgeon"],"picked":"Dark Embrace+1","floor":33},{"not_picked":["Heavy Blade","Wild Strike"],"picked":"Flex+1","floor":35},{"not_picked":["Thunderclap","Blood for Blood"],"picked":"Warcry","floor":36},{"not_picked":["Entrench","Havoc+1"],"picked":"Fire Breathing+1","floor":37},{"not_picked":["Pommel Strike","Clothesline"],"picked":"Dropkick+1","floor":38},{"not_picked":["Warcry","Twin Strike"],"picked":"Infernal Blade","floor":39},{"not_picked":["Offering","Warcry"],"picked":"Brutality+1","floor":41},{"not_picked":["Clothesline","Havoc"],"picked":"Dual Wield","floor":45},{"not_picked":["Pommel Strike","Flex+1"],"picked":"Hemokinesis+1","floor":47},{"not_picked":["Heavy Blade","Body Slam","Armaments"],"picked":"SKIP","floor":48}],"player_experience":665279,"relics_obtained":[{"floor":4,"key":"Frozen Egg 2"},{"floor":7,"key":"Lantern"},{"floor":9,"key":"Oddly Smooth Stone"},{"floor":10,"key":"Happy Flower"},{"floor":12,"key":"StoneCalendar"},{"floor":21,"key":"War Paint"},{"floor":25,"key":"Shovel"},{"floor":26,"key":"Orichalcum"},{"floor":27,"key":"Gremlin Horn"},{"floor":28,"key":"Pen Nib"},{"floor":31,"key":"Nunchaku"},{"floor":32,"key":"Smiling Mask"},{"floor":40,"key":"Omamori"},{"floor":41,"key":"Bag of Marbles"},{"floor":43,"key":"Mercury Hourglass"},{"floor":46,"key":"Du-Vu Doll"}],"event_choices":[{"damage_healed":0,"gold_gain":0,"player_choice":"Take Damage","damage_taken":18,"relics_obtained":["Golden Idol"],"max_hp_gain":0,"max_hp_loss":0,"event_name":"Golden Idol","floor":2,"gold_loss":0},{"cards_removed":["Strike_R"],"damage_healed":0,"gold_gain":0,"player_choice":"Card Removal","damage_taken":7,"max_hp_gain":0,"max_hp_loss":0,"event_name":"Golden Wing","floor":5,"gold_loss":0},{"damage_healed":0,"gold_gain":0,"player_choice":"Entered Light","damage_taken":15,"max_hp_gain":0,"max_hp_loss":0,"event_name":"Shining Light","floor":8,"gold_loss":0,"cards_upgraded":["Strike_R","Strike_R"]},{"damage_healed":0,"gold_gain":0,"player_choice":"Inject Mutagens","damage_taken":0,"relics_obtained":["MutagenicStrength"],"max_hp_gain":0,"max_hp_loss":0,"event_name":"Drug Dealer","floor":20,"gold_loss":0},{"damage_healed":0,"gold_gain":0,"player_choice":"Read","damage_taken":0,"max_hp_gain":0,"max_hp_loss":0,"event_name":"The Library","floor":24,"gold_loss":0,"cards_obtained":["Metallicize"]},{"damage_healed":0,"gold_gain":0,"player_choice":"Ignored","damage_taken":0,"max_hp_gain":0,"max_hp_loss":0,"event_name":"Ghosts","floor":30,"gold_loss":0},{"damage_healed":0,"gold_gain":0,"player_choice":"Trade","damage_taken":0,"relics_obtained":["FaceOfCleric"],"max_hp_gain":0,"max_hp_loss":0,"event_name":"FaceTrader","floor":44,"gold_loss":0}],"is_beta":false,"boss_relics":[{"not_picked":["Snecko Eye","Black Blood"],"picked":"Pandora\u0027s Box"},{"not_picked":["Tiny House","Coffee Dripper"],"picked":"Fusion Hammer"}],"items_purged_floors":[],"is_endless":false,"potions_floor_spawned":[10,14,27,31,33,35,39,45,48],"killed_by":"Awakened One","ascension_level":14}