{"gold_per_floor":[113,126,146,164,164,197,210,210,210,210,222,234,334,346,346,442,442,462,473,204,214,214],"floor_reached":22,"playtime":1553,"items_purged":["Strike_G"],"score":192,"play_id":"202a37b9-f87e-4406-a7e1-0b1a3e2bdee5","local_time":"20190714153836","is_ascension_mode":false,"campfire_choices":[{"data":"Bullet Time","floor":8,"key":"SMITH"},{"data":"Noxious Fumes","floor":10,"key":"SMITH"},{"floor":15,"key":"REST"}],"neow_cost":"NONE","seed_source_timestamp":336977649609900,"circlet_count":0,"master_deck":["Strike_G","Strike_G","Strike_G","Defend_G","Defend_G","Defend_G","Defend_G","Defend_G","Survivor","Neutralize","Backflip","Noxious Fumes+1","Bullet Time+1","Prepared","Prepared","Die Die Die","Deadly Poison","A Thousand Cuts","Cloak And Dagger","Deflect","Escape Plan","Infinite Blades","Poisoned Stab","Catalyst"],"relics":["Ring of the Snake","Meat on the Bone","Sozu"],"potions_floor_usage":[22,22,22],"damage_taken":[{"damage":0,"enemies":"Small Slimes","floor":1,"turns":3},{"damage":0,"enemies":"Cultist","floor":2,"turns":4},{"damage":3,"enemies":"2 Louse","floor":3,"turns":4},{"damage":16,"enemies":"Gremlin Gang","floor":4,"turns":6},{"damage":19,"enemies":"3 Sentries","floor":6,"turns":9},{"damage":8,"enemies":"2 Fungi Beasts","floor":7,"turns":5},{"damage":16,"enemies":"Large Slime","floor":11,"turns":8},{"damage":6,"enemies":"Exordium Thugs","floor":12,"turns":8},{"damage":5,"enemies":"2 Fungi Beasts","floor":14,"turns":3},{"damage":58,"enemies":"Hexaghost","floor":16,"turns":10},{"damage":17,"enemies":"Spheric Guardian","floor":18,"turns":6},{"damage":14,"enemies":"2 Thieves","floor":19,"turns":5},{"damage":11,"enemies":"Centurion and Healer","floor":21,"turns":6},{"damage":47,"enemies":"Cultist and Chosen","floor":22,"turns":6}],"seed_played":"5389431393864123095","potions_obtained":[{"floor":3,"key":"AttackPotion"},{"floor":12,"key":"PowerPotion"},{"floor":14,"key":"EntropicBrew"},{"floor":16,"key":"GamblersBrew"}],"is_trial":false,"path_per_floor":["M","M","M","M","?","E","M","R","T","R","M","M","?","M","R","B",null,"M","M","$","M","M"],"character_chosen":"THE_SILENT","items_purchased":["Escape Plan","Infinite Blades","Poisoned Stab"],"campfire_rested":1,"item_purchase_floors":[20,20,20],"current_hp_per_floor":[77,77,74,58,58,39,43,43,43,43,39,45,45,40,63,17,77,60,46,46,47,0],"gold":214,"neow_bonus":"TEN_PERCENT_HP_BONUS","is_prod":false,"is_daily":false,"chose_seed":false,"campfire_upgraded":2,"win_rate":0,"timestamp":1563143916,"path_taken":["M","M","M","M","?","E","M","R","T","R","?","M","?","?","R","BOSS","M","M","$","M","M"],"build_version":"2019-07-05","purchased_purges":1,"victory":false,"max_hp_per_floor":[77,77,77,77,77,77,77,77,77,77,77,77,77,77,77,77,77,77,77,77,77,77],"card_choices":[{"not_picked":["Flying Knee","Predator"],"picked":"Backflip","floor":1},{"not_picked":["Cloak And Dagger","Prepared"],"picked":"Noxious Fumes","floor":2},{"not_picked":["Deflect","Reflex","Blade Dance"],"picked":"SKIP","floor":3},{"not_picked":["Dodge and Roll","Blur"],"picked":"Bullet Time","floor":4},{"not_picked":["PiercingWail","Underhanded Strike","Flying Knee"],"picked":"SKIP","floor":6},{"not_picked":["Backflip","Poisoned Stab"],"picked":"Prepared","floor":7},{"not_picked":["Masterful Stab","Backflip"],"picked":"Prepared","floor":11},{"not_picked":["Dagger Spray","Blade Dance"],"picked":"Die Die Die","floor":12},{"not_picked":["Dodge and Roll","Accuracy"],"picked":"Deadly Poison","floor":14},{"not_picked":["Phantasmal Killer","Glass Knife"],"picked":"A Thousand Cuts","floor":16},{"not_picked":["Leg Sweep","Dodge and Roll"],"picked":"Cloak And Dagger","floor":18},{"not_picked":["Reflex","Terror"],"picked":"Deflect","floor":19},{"not_picked":["PiercingWail+1","Endless Agony"],"picked":"Catalyst","floor":21}],"player_experience":142340,"relics_obtained":[{"floor":6,"key":"Meat on the Bone"}],"event_choices":[{"cards_removed":["Strike_G"],"damage_healed":0,"gold_gain":0,"player_choice":"Purged","damage_taken":0,"max_hp_gain":0,"max_hp_loss":0,"event_name":"Purifier","floor":5,"gold_loss":0},{"damage_healed":0,"gold_gain":100,"player_choice":"Gold","damage_taken":0,"max_hp_gain":0,"max_hp_loss":0,"event_name":"Wheel of Change","floor":13,"gold_loss":0}],"is_beta":false,"boss_relics":[{"not_picked":["Black Star","Eternal Feather"],"picked":"Sozu"}],"items_purged_floors":[20],"is_endless":false,"potions_floor_spawned":[3,12,14,16],"killed_by":"Cultist and Chosen","ascension_level":0}