{"gold_per_floor":[362,375,388,68,168,168,193,193,193,213,244,254,254,268,268,372,372,389,409,409,419,435,435,30,60,60,60],"floor_reached":27,"playtime":1914,"items_purged":["Strike_R"],"score":282,"play_id":"6e5e0f81-4bd4-4baa-ad92-498d50b18da2","local_time":"20190715222648","is_ascension_mode":true,"campfire_choices":[{"data":"Uppercut","floor":6,"key":"SMITH"},{"data":"Rampage","floor":8,"key":"SMITH"},{"data":"Blind","floor":13,"key":"SMITH"},{"floor":15,"key":"REST"},{"data":"Berserk","floor":23,"key":"SMITH"}],"neow_cost":"CURSE","seed_source_timestamp":333206011134700,"circlet_count":0,"master_deck":["Strike_R","Strike_R","Strike_R","Strike_R","Defend_R","Defend_R","Defend_R","Defend_R","Bash","Decay","Shrug It Off","Armaments+1","Uppercut+1","Blind+1","Rampage+1","Shrug It Off+1","Battle Trance+1","Berserk+1","Rampage+1","Trip+1","Evolve"],"relics":["Burning Blood","Bronze Scales","Orichalcum","Toxic Egg 2","Potion Belt","Mark of Pain","Paper Frog","Dodecahedron"],"potions_floor_usage":[11,11,16,19,25,25,25],"damage_taken":[{"damage":6,"enemies":"Jaw Worm","floor":1,"turns":4},{"damage":3,"enemies":"Cultist","floor":2,"turns":3},{"damage":12,"enemies":"2 Louse","floor":3,"turns":3},{"damage":46,"enemies":"Lagavulin","floor":7,"turns":8},{"damage":0,"enemies":"Exordium Wildlife","floor":10,"turns":3},{"damage":9,"enemies":"Gremlin Nob","floor":11,"turns":3},{"damage":4,"enemies":"2 Fungi Beasts","floor":12,"turns":4},{"damage":6,"enemies":"Blue Slaver","floor":14,"turns":4},{"damage":29,"enemies":"The Guardian","floor":16,"turns":11},{"damage":8,"enemies":"3 Byrds","floor":18,"turns":4},{"damage":23,"enemies":"Spheric Guardian","floor":19,"turns":5},{"damage":16,"enemies":"Snake Plant","floor":21,"turns":4},{"damage":3,"enemies":"Centurion and Healer","floor":22,"turns":7},{"damage":40,"enemies":"Book of Stabbing","floor":25,"turns":5},{"damage":12,"enemies":"Sentry and Sphere","floor":27,"turns":3}],"seed_played":"-1915645003000647482","potions_obtained":[{"floor":2,"key":"GamblersBrew"},{"floor":10,"key":"Energy Potion"},{"floor":12,"key":"FearPotion"},{"floor":14,"key":"Dexterity Potion"},{"floor":18,"key":"Swift Potion"},{"floor":21,"key":"Weak Potion"}],"is_trial":false,"path_per_floor":["M","M","M","$","?","R","E","R","T","M","E","M","R","M","R","B",null,"M","M","?","M","M","R","$","E","T","M"],"character_chosen":"IRONCLAD","items_purchased":["Bronze Scales","Blind","Paper Frog","Trip+1","Block Potion"],"campfire_rested":1,"item_purchase_floors":[4,4,24,24,24],"current_hp_per_floor":[80,80,74,74,74,74,34,34,34,40,37,39,39,39,63,40,80,78,61,61,51,54,54,54,20,20,8],"gold":60,"neow_bonus":"TWO_FIFTY_GOLD","is_prod":false,"is_daily":false,"chose_seed":false,"campfire_upgraded":4,"win_rate":0,"timestamp":1563244008,"path_taken":["M","M","M","$","?","R","E","R","T","M","E","M","R","M","R","BOSS","M","?","?","?","M","R","$","E","T","?"],"build_version":"2019-07-05","purchased_purges":1,"victory":false,"max_hp_per_floor":[80,80,80,80,80,80,80,80,80,80,80,80,80,80,80,80,80,80,80,80,80,80,80,80,80,80,80],"card_choices":[{"not_picked":["Seeing Red","Body Slam"],"picked":"Shrug It Off","floor":1},{"not_picked":["Havoc","Warcry"],"picked":"Armaments","floor":2},{"not_picked":["Shrug It Off","Flex"],"picked":"Uppercut","floor":3},{"not_picked":["Thunderclap","Body Slam"],"picked":"Rampage","floor":7},{"not_picked":["Rampage","Sword Boomerang","Heavy Blade"],"picked":"SKIP","floor":10},{"not_picked":["Sword Boomerang","Exhume+1","Sever Soul"],"picked":"SKIP","floor":11},{"not_picked":["Feel No Pain","Pommel Strike"],"picked":"Shrug It Off+1","floor":12},{"not_picked":["Body Slam","Anger"],"picked":"Battle Trance+1","floor":14},{"not_picked":["Reaper","Exhume+1"],"picked":"Berserk","floor":16},{"not_picked":["Armaments+1","Spot Weakness+1","Iron Wave"],"picked":"SKIP","floor":18},{"not_picked":["Anger","Armaments+1"],"picked":"Rampage+1","floor":19},{"not_picked":["Clothesline+1","Spot Weakness+1","Combust"],"picked":"SKIP","floor":21},{"not_picked":["Perfected Strike","Rupture","Pommel Strike"],"picked":"SKIP","floor":22},{"not_picked":["Intimidate+1","Shockwave+1"],"picked":"Evolve","floor":25}],"player_experience":726398,"relics_obtained":[{"floor":7,"key":"Orichalcum"},{"floor":9,"key":"Toxic Egg 2"},{"floor":11,"key":"Potion Belt"},{"floor":25,"key":"Dodecahedron"}],"event_choices":[{"damage_healed":0,"gold_gain":100,"player_choice":"Pray","damage_taken":0,"max_hp_gain":0,"max_hp_loss":0,"event_name":"Golden Shrine","floor":5,"gold_loss":0},{"damage_healed":0,"gold_gain":0,"player_choice":"Upgraded","damage_taken":0,"max_hp_gain":0,"max_hp_loss":0,"event_name":"Upgrade Shrine","floor":20,"gold_loss":0,"cards_upgraded":["Armaments"]}],"is_beta":false,"boss_relics":[{"not_picked":["Black Star","Tiny House"],"picked":"Mark of Pain"}],"items_purged_floors":[4],"is_endless":false,"potions_floor_spawned":[2,10,12,14,18,21],"killed_by":"Sentry and Sphere","ascension_level":3}