{"gold_per_floor":[118,137,137,151,151,151,167,167,167,167,167,6,6,30,30,30],"floor_reached":16,"playtime":397,"items_purged":[],"score":180,"play_id":"9094e243-e5ff-47cd-9c11-9719cc84f482","local_time":"20190325131052","is_ascension_mode":true,"campfire_choices":[{"data":"Blizzard","floor":6.0,"key":"SMITH"},{"data":"Loop","floor":8,"key":"SMITH"},{"data":"Loop","floor":11,"key":"SMITH"},{"floor":15,"key":"REST"}],"neow_cost":"NONE","seed_source_timestamp":180299578224105,"circlet_count":0,"master_deck":["AscendersBane","Strike_B","Strike_B","Strike_B+1","Defend_B","Defend_B","Defend_B","Defend_B+1","Zap","Dualcast","Blizzard+1","Loop+1","Cold Snap","Loop+1","Injury","Self Repair","Cold Snap"],"special_seed":0,"relics":["Cracked Core","Ancient Tea Set","Kunai","Dream Catcher","Golden Idol"],"potions_floor_usage":[16],"damage_taken":[{"damage":0.0,"enemies":"Cultist","floor":1.0,"turns":3.0},{"damage":4.0,"enemies":"Small Slimes","floor":2.0,"turns":3.0},{"damage":9.0,"enemies":"Jaw Worm","floor":4.0,"turns":4.0},{"damage":7,"enemies":"3 Louse","floor":7,"turns":4},{"damage":25,"enemies":"Gremlin Gang","floor":14,"turns":4},{"damage":25,"enemies":"Hexaghost","floor":16,"turns":11}],"seed_played":"1282346907044937776","potions_obtained":[{"floor":1.0,"key":"FearPotion"},{"floor":7,"key":"Ancient Potion"}],"is_trial":false,"path_per_floor":["M","M","?","M","?","R","M","R","T","?","R","$","?","M","R","B"],"character_chosen":"DEFECT","items_purchased":["Dream Catcher"],"campfire_rested":1,"item_purchase_floors":[12],"current_hp_per_floor":[64,60,65,56,56,56,49,49,49,26,26,26,26,1,23,0],"gold":30,"neow_bonus":"RANDOM_COMMON_RELIC","is_prod":false,"is_daily":false,"chose_seed":false,"campfire_upgraded":3,"win_rate":0,"timestamp":1553533852,"path_taken":["M","M","?","M","?","R","?","R","T","?","R","$","?","M","R","BOSS"],"build_version":"2019-03-15","purchased_purges":0,"victory":false,"max_hp_per_floor":[71,71,76,76,76,76,76,76,76,76,76,76,76,76,76,76],"card_choices":[{"not_picked":["Leap","Sweeping Beam"],"picked":"Blizzard","floor":1.0},{"not_picked":["Coolheaded","Consume"],"picked":"Loop","floor":2.0},{"not_picked":["Stack","Go for the Eyes"],"picked":"Cold Snap","floor":4.0},{"not_picked":["Compile Driver","Self Repair"],"picked":"Loop","floor":7},{"not_picked":["Barrage","Redo"],"picked":"Self Repair","floor":14},{"not_picked":["Chaos","Stack"],"picked":"Cold Snap","floor":15}],"player_experience":1047387,"relics_obtained":[{"floor":9,"key":"Kunai"}],"event_choices":[{"damage_healed":0.0,"max_hp_gain":5.0,"max_hp_loss":0.0,"gold_gain":0.0,"event_name":"Big Fish","player_choice":"Donut","floor":3.0,"gold_loss":0.0,"damage_taken":0.0},{"cards_removed":["Strike_B"],"damage_healed":0.0,"max_hp_gain":0.0,"max_hp_loss":0.0,"gold_gain":0.0,"event_name":"Purifier","player_choice":"Purged","floor":5.0,"gold_loss":0.0,"damage_taken":0.0},{"damage_healed":0,"gold_gain":0,"player_choice":"Entered Light","damage_taken":23,"max_hp_gain":0,"max_hp_loss":0,"event_name":"Shining Light","floor":10,"gold_loss":0,"cards_upgraded":["Strike_B","Defend_B"]},{"damage_healed":0,"gold_gain":0,"player_choice":"Take Wound","damage_taken":0,"relics_obtained":["Golden Idol"],"max_hp_gain":0,"max_hp_loss":0,"event_name":"Golden Idol","floor":13,"gold_loss":0,"cards_obtained":["Injury"]}],"is_beta":true,"boss_relics":[],"items_purged_floors":[],"is_endless":false,"potions_floor_spawned":[1,7],"killed_by":"Hexaghost","ascension_level":20}