{"gold_per_floor":[112,122,137,155,155,155,180,180,205,244,271,303,315,347,359,468,480,506,532,644,669,700,712],"floor_reached":23,"playtime":1515,"items_purged":[],"score":217,"play_id":"cdcf5716-8b70-4580-82fa-22f9eca21981","local_time":"20190704193517","is_ascension_mode":true,"campfire_choices":[{"data":"Flechettes","floor":6.0,"key":"SMITH"},{"data":"Glass Knife","floor":8.0,"key":"SMITH"},{"data":"Footwork","floor":13.0,"key":"SMITH"},{"data":"Dash","floor":15.0,"key":"SMITH"}],"neow_cost":"TEN_PERCENT_HP_LOSS","seed_source_timestamp":0,"circlet_count":0,"master_deck":["Strike_G","Strike_G","Defend_G","Defend_G","Defend_G","Defend_G","Defend_G","Survivor","Neutralize","Glass Knife+1","Sucker Punch","Flechettes+1","Backflip","Backstab","Dash+1","Flying Knee","Footwork+1","Doppelganger","All Out Attack+1","Envenom+1","Accuracy+1","Quick Slash+1","Flying Knee+1"],"special_seed":0,"relics":["Ring of the Snake","CultistMask","Vajra","MawBank","Bag of Marbles","Astrolabe"],"potions_floor_usage":[16,21,22,23],"damage_taken":[{"damage":0.0,"enemies":"Cultist","floor":1.0,"turns":3.0},{"damage":5.0,"enemies":"2 Louse","floor":2.0,"turns":3.0},{"damage":0.0,"enemies":"Jaw Worm","floor":3.0,"turns":3.0},{"damage":0.0,"enemies":"Gremlin Gang","floor":4.0,"turns":8.0},{"damage":18.0,"enemies":"Gremlin Nob","floor":7.0,"turns":4.0},{"damage":6.0,"enemies":"Lagavulin","floor":10.0,"turns":5.0},{"damage":0.0,"enemies":"2 Fungi Beasts","floor":11.0,"turns":3.0},{"damage":4.0,"enemies":"Exordium Thugs","floor":12.0,"turns":2.0},{"damage":0.0,"enemies":"Looter","floor":14.0,"turns":2.0},{"damage":15,"enemies":"Slime Boss","floor":16,"turns":9},{"damage":19,"enemies":"3 Byrds","floor":18,"turns":5},{"damage":6,"enemies":"Chosen","floor":19,"turns":2},{"damage":0,"enemies":"Snecko","floor":21,"turns":2},{"damage":15,"enemies":"Snake Plant","floor":22,"turns":3},{"damage":32,"enemies":"Gremlin Leader","floor":23,"turns":7}],"seed_played":"8879690138231593362","potions_obtained":[{"floor":4.0,"key":"Ancient Potion"},{"floor":10.0,"key":"SkillPotion"},{"floor":11.0,"key":"Explosive Potion"},{"floor":16,"key":"Fire Potion"},{"floor":19,"key":"SteroidPotion"},{"floor":21,"key":"EssenceOfSteel"}],"is_trial":false,"path_per_floor":["M","M","M","M","?","R","E","R","T","E","M","M","R","M","R","B",null,"M","M","?","M","M","E"],"character_chosen":"THE_SILENT","items_purchased":[],"campfire_rested":0,"item_purchase_floors":[],"current_hp_per_floor":[63,58,58,58,58,58,40,40,40,34,34,30,30,30,30,15,63,44,38,38,38,23,0],"gold":712,"neow_bonus":"THREE_RARE_CARDS","is_prod":false,"is_daily":false,"chose_seed":false,"campfire_upgraded":4,"win_rate":0,"timestamp":1562283317,"path_taken":["M","M","M","?","?","R","E","R","T","E","?","M","R","M","R","BOSS","M","M","?","M","?","E"],"build_version":"2019-07-01","purchased_purges":0,"victory":false,"max_hp_per_floor":[63,63,63,63,63,63,63,63,63,63,63,63,63,63,63,63,63,63,63,63,63,63,63],"card_choices":[{"not_picked":["Burst","Corpse Explosion"],"picked":"Glass Knife","floor":0.0},{"not_picked":["Outmaneuver","Deadly Poison"],"picked":"Sucker Punch","floor":1.0},{"not_picked":["Dodge and Roll","Deflect"],"picked":"Flechettes","floor":2.0},{"not_picked":["Prepared","Dodge and Roll"],"picked":"Backflip","floor":3.0},{"not_picked":["Accuracy","Endless Agony"],"picked":"Backstab","floor":4.0},{"not_picked":["Prepared","Heel Hook"],"picked":"Dash","floor":7.0},{"not_picked":["Bane","Slice"],"picked":"Flying Knee","floor":10.0},{"not_picked":["Deadly Poison","Concentrate","Flying Knee"],"picked":"SKIP","floor":11.0},{"not_picked":["Dagger Spray","Masterful Stab"],"picked":"Footwork","floor":12.0},{"not_picked":["Deflect","Bane","Outmaneuver"],"picked":"SKIP","floor":14.0},{"not_picked":["Corpse Explosion","Night Terror"],"picked":"Doppelganger","floor":16},{"not_picked":["Cloak And Dagger+1","Flechettes"],"picked":"Quick Slash+1","floor":18},{"not_picked":["Dagger Throw","Quick Slash","Cloak And Dagger"],"picked":"SKIP","floor":19},{"not_picked":["All Out Attack+1","PiercingWail+1"],"picked":"Flying Knee+1","floor":21},{"not_picked":["Wraith Form v2","Quick Slash","Escape Plan"],"picked":"SKIP","floor":22}],"player_experience":597860,"relics_obtained":[{"floor":7.0,"key":"Vajra"},{"floor":9.0,"key":"MawBank"},{"floor":10.0,"key":"Bag of Marbles"}],"event_choices":[{"damage_healed":0.0,"max_hp_gain":0.0,"max_hp_loss":0.0,"gold_gain":0.0,"event_name":"FaceTrader","player_choice":"Trade","floor":5.0,"gold_loss":0.0,"damage_taken":0.0,"relics_obtained":["CultistMask"]},{"damage_healed":0,"gold_gain":100,"player_choice":"Pray","damage_taken":0,"max_hp_gain":0,"max_hp_loss":0,"event_name":"Golden Shrine","floor":20,"gold_loss":0}],"is_beta":false,"boss_relics":[{"not_picked":["Fusion Hammer","Tiny House"],"picked":"Astrolabe"}],"items_purged_floors":[],"is_endless":false,"potions_floor_spawned":[4,10,11,16,19,21],"killed_by":"Gremlin Leader","ascension_level":1}