{"gold_per_floor":[110,185,204,204,49,78,78,105,105,118,152,152,171,182,182,257,257,268,268,282,282,282,282,312,312,612,612],"floor_reached":27,"playtime":1050,"items_purged":["Strike_B"],"score":507,"play_id":"79c273d1-b928-49e8-b917-f92d42923a00","local_time":"20190204191139","is_ascension_mode":true,"campfire_choices":[{"data":"Chaos","floor":7.0,"key":"SMITH"},{"data":"Defragment","floor":12.0,"key":"SMITH"},{"data":"Zap","floor":15.0,"key":"SMITH"},{"floor":23.0,"key":"REST"},{"floor":25.0,"key":"REST"}],"neow_cost":"NONE","seed_source_timestamp":537255807919290,"circlet_count":0,"master_deck":["AscendersBane","Strike_B+1","Strike_B+1","Strike_B+1","Defend_B+1","Defend_B+1","Defend_B+1","Defend_B+1","Zap+1","Dualcast","Chaos+1","Defragment+1","Leap","Echo Form","BootSequence","Electrodynamics","Cold Snap+1","Reboot","FTL+1","Chaos","Writhe","Consume"],"special_seed":0,"relics":["Cracked Core","NeowsBlessing","Gremlin Horn","PreservedInsect","Orichalcum","Question Card","Mango","Inserter","Art of War","Whetstone","Old Coin"],"potions_floor_usage":[27,27],"damage_taken":[{"damage":0.0,"enemies":"Jaw Worm","floor":1.0,"turns":1.0},{"damage":0.0,"enemies":"Small Slimes","floor":3.0,"turns":1.0},{"damage":0.0,"enemies":"Gremlin Nob","floor":6.0,"turns":1.0},{"damage":2.0,"enemies":"Lagavulin","floor":8.0,"turns":8.0},{"damage":1.0,"enemies":"Cultist","floor":10.0,"turns":4.0},{"damage":11.0,"enemies":"3 Sentries","floor":11.0,"turns":7.0},{"damage":7.0,"enemies":"Blue Slaver","floor":13.0,"turns":3.0},{"damage":3.0,"enemies":"2 Fungi Beasts","floor":14.0,"turns":3.0},{"damage":28.0,"enemies":"The Guardian","floor":16.0,"turns":9.0},{"damage":23.0,"enemies":"2 Thieves","floor":18.0,"turns":3.0},{"damage":24.0,"enemies":"Colosseum Slavers","floor":19.0,"turns":3.0},{"damage":20.0,"enemies":"Spheric Guardian","floor":20.0,"turns":5.0},{"damage":19.0,"enemies":"Book of Stabbing","floor":24.0,"turns":6.0},{"damage":33,"enemies":"Gremlin Leader","floor":27,"turns":5}],"seed_played":"3702207323234928066","potions_obtained":[{"floor":10.0,"key":"Swift Potion"},{"floor":11.0,"key":"Poison Potion"},{"floor":14.0,"key":"SpeedPotion"},{"floor":16.0,"key":"LiquidBronze"},{"floor":18.0,"key":"EntropicBrew"},{"floor":24.0,"key":"FearPotion"}],"is_trial":false,"path_per_floor":["M","?","M","?","$","E","R","E","T","M","E","R","M","M","R","B",null,"M","?","M","?","?","R","E","R","T","E"],"character_chosen":"DEFECT","items_purchased":["Defragment"],"campfire_rested":2,"item_purchase_floors":[5],"current_hp_per_floor":[64,53,53,53,53,53,53,51,51,50,53,53,46,43,43,15,68,45,21,1,1,1,26,7,32,32,0],"gold":612,"neow_bonus":"THREE_ENEMY_KILL","is_prod":false,"is_daily":false,"chose_seed":false,"campfire_upgraded":3,"win_rate":0,"timestamp":1549325499,"path_taken":["M","?","M","?","$","E","R","E","T","M","E","R","M","?","R","BOSS","M","?","M","?","?","R","E","R","T","E"],"build_version":"2019-01-23","purchased_purges":1,"victory":false,"max_hp_per_floor":[71,71,71,71,71,71,71,71,71,71,85,85,85,85,85,85,85,85,85,85,85,85,85,85,85,85,85],"card_choices":[{"not_picked":["Gash","Beam Cell"],"picked":"Chaos","floor":1.0},{"not_picked":["Stack","Fusion"],"picked":"Hologram","floor":3.0},{"not_picked":["Lockon","Streamline"],"picked":"Leap","floor":6.0},{"not_picked":["Streamline","Conserve Battery"],"picked":"Echo Form","floor":8.0},{"not_picked":["Rebound","Undo","Cold Snap"],"picked":"BootSequence","floor":10.0},{"not_picked":["Gash","Coolheaded","Streamline"],"picked":"Electrodynamics","floor":11.0},{"not_picked":["Steam","Rebound","Sunder","BootSequence"],"picked":"SKIP","floor":13.0},{"not_picked":["Turbo","Beam Cell","Leap"],"picked":"Cold Snap","floor":14.0},{"not_picked":["Thunder Strike","Electrodynamics","Multi-Cast"],"picked":"Reboot","floor":16.0},{"not_picked":["Redo","Barrage","Conserve Battery"],"picked":"FTL+1","floor":18.0},{"not_picked":["Undo","Cold Snap+1","Streamline+1"],"picked":"Chaos","floor":20.0},{"not_picked":["Hologram","Fission","Coolheaded"],"picked":"Consume","floor":24.0}],"player_experience":906748,"relics_obtained":[{"floor":6.0,"key":"PreservedInsect"},{"floor":8.0,"key":"Orichalcum"},{"floor":9.0,"key":"Question Card"},{"floor":11.0,"key":"Mango"},{"floor":24.0,"key":"Whetstone"},{"floor":26.0,"key":"Old Coin"}],"event_choices":[{"damage_healed":0.0,"max_hp_gain":0.0,"max_hp_loss":0.0,"gold_gain":75.0,"event_name":"World of Goop","player_choice":"Gather Gold","floor":2.0,"gold_loss":0.0,"damage_taken":11.0},{"cards_removed":["Hologram"],"damage_healed":0.0,"max_hp_gain":0.0,"max_hp_loss":0.0,"gold_gain":0.0,"event_name":"WeMeetAgain","player_choice":"Gave Card","floor":4.0,"gold_loss":0.0,"damage_taken":0.0,"relics_obtained":["Gremlin Horn"]},{"damage_healed":0.0,"max_hp_gain":0.0,"max_hp_loss":0.0,"gold_gain":0.0,"event_name":"Colosseum","player_choice":"Fight","floor":19.0,"gold_loss":0.0,"damage_taken":0.0},{"damage_healed":0.0,"max_hp_gain":0.0,"max_hp_loss":0.0,"gold_gain":0.0,"event_name":"Colosseum","player_choice":"Fled From Nobs","floor":19.0,"gold_loss":0.0,"damage_taken":0.0},{"damage_healed":0.0,"max_hp_gain":0.0,"max_hp_loss":0.0,"gold_gain":0.0,"event_name":"Back to Basics","player_choice":"Simplicity","floor":21.0,"gold_loss":0.0,"damage_taken":0.0,"cards_upgraded":["Strike_B","Strike_B","Strike_B","Defend_B","Defend_B","Defend_B","Defend_B"]},{"damage_healed":0.0,"max_hp_gain":0.0,"max_hp_loss":0.0,"gold_gain":0.0,"event_name":"The Mausoleum","player_choice":"Opened","floor":22.0,"gold_loss":0.0,"damage_taken":0.0,"relics_obtained":["Art of War"],"cards_obtained":["Writhe"]}],"is_beta":true,"boss_relics":[{"not_picked":["Coffee Dripper","Philosopher\u0027s Stone"],"picked":"Inserter"}],"items_purged_floors":[5],"is_endless":false,"potions_floor_spawned":[10,11,14,16,18,19,24],"killed_by":"Gremlin Leader","ascension_level":17}