{"gold_per_floor":[112,128,303,314,122,122,122,134,187,187,222,233,257,275,275,374,374,390,410,410,410,410],"floor_reached":22,"playtime":9498,"items_purged":[],"score":230,"play_id":"93652cf9-0102-4089-a7ba-a83f39c73caf","local_time":"20190709215405","is_ascension_mode":true,"campfire_choices":[{"data":"Apotheosis","floor":6,"key":"SMITH"},{"data":"Melter","floor":15,"key":"SMITH"}],"neow_cost":"NONE","seed_source_timestamp":1448090884299000,"circlet_count":0,"master_deck":["Defend_B+1","Defend_B+1","Defend_B+1","Defend_B+1","Zap","Dualcast","Rebound","Fusion","Melter+1","Apotheosis+1","Redo","Darkness","Rip and Tear","Seek","Tempest+1","Genetic Algorithm+1","Loop+1","Stack+1","Go for the Eyes","Bite","Bite","Bite","Bite","Bite"],"relics":["Cracked Core","Omamori","Pen Nib","The Courier","Boot","Vajra","Astrolabe"],"potions_floor_usage":[11],"damage_taken":[{"damage":0,"enemies":"2 Louse","floor":1,"turns":3},{"damage":0,"enemies":"Small Slimes","floor":2,"turns":3},{"damage":6,"enemies":"Cultist","floor":4,"turns":4},{"damage":0,"enemies":"Exordium Thugs","floor":8,"turns":3},{"damage":4,"enemies":"Lagavulin","floor":11,"turns":4},{"damage":5,"enemies":"Gremlin Gang","floor":12,"turns":4},{"damage":0,"enemies":"Exordium Wildlife","floor":14,"turns":2},{"damage":22,"enemies":"The Guardian","floor":16,"turns":7},{"damage":23,"enemies":"2 Thieves","floor":18,"turns":4},{"damage":8,"enemies":"Chosen","floor":19,"turns":4},{"damage":24,"enemies":"Centurion and Healer","floor":22,"turns":4}],"seed_played":"5498655517500839077","potions_obtained":[{"floor":2,"key":"Explosive Potion"},{"floor":4,"key":"Strength Potion"},{"floor":16,"key":"Strength Potion"}],"is_trial":false,"path_per_floor":["M","M","?","M","$","R","?","M","T","T","E","M","T","M","R","B",null,"M","M","?","?","M"],"character_chosen":"DEFECT","items_purchased":["Apotheosis"],"campfire_rested":0,"item_purchase_floors":[5],"current_hp_per_floor":[75,75,75,69,69,69,69,69,69,69,65,60,60,60,60,38,75,52,44,44,44,26],"gold":410,"neow_bonus":"RANDOM_COMMON_RELIC","is_prod":false,"is_daily":false,"chose_seed":false,"campfire_upgraded":2,"win_rate":0,"timestamp":1562723645,"path_taken":["M","M","?","M","$","R","?","?","T","?","E","?","?","M","R","BOSS","M","M","?","?","M"],"build_version":"2019-07-05","purchased_purges":0,"victory":false,"max_hp_per_floor":[75,75,75,75,75,75,75,75,75,75,75,75,75,75,75,75,75,75,75,75,52,52],"card_choices":[{"not_picked":["Skim","Coolheaded"],"picked":"Rebound","floor":1},{"not_picked":["Rebound","Ball Lightning"],"picked":"Fusion","floor":2},{"not_picked":["Streamline","Recycle"],"picked":"Melter","floor":4},{"not_picked":["Compile Driver","Core Surge","Sweeping Beam"],"picked":"SKIP","floor":8},{"not_picked":["Go for the Eyes","Streamline"],"picked":"Redo","floor":11},{"not_picked":["Ball Lightning","Reboot"],"picked":"Darkness","floor":12},{"not_picked":["Hologram","Gash"],"picked":"Rip and Tear","floor":14},{"not_picked":["Reboot","Electrodynamics"],"picked":"Seek","floor":16},{"not_picked":["Rebound","Tempest"],"picked":"Stack+1","floor":18},{"not_picked":["Stack","Hologram+1"],"picked":"Go for the Eyes","floor":19}],"player_experience":682585,"relics_obtained":[{"floor":9,"key":"Pen Nib"},{"floor":10,"key":"The Courier"},{"floor":11,"key":"Boot"},{"floor":13,"key":"Vajra"}],"event_choices":[{"damage_healed":0,"gold_gain":175,"player_choice":"AGREE","damage_taken":0,"max_hp_gain":0,"max_hp_loss":0,"event_name":"Liars Game","floor":3,"gold_loss":0,"cards_obtained":["Doubt"]},{"cards_removed":["Strike_B"],"damage_healed":0,"gold_gain":0,"player_choice":"Offered Basic","damage_taken":0,"max_hp_gain":0,"max_hp_loss":0,"event_name":"Bonfire Elementals","floor":7,"gold_loss":0},{"damage_healed":0,"gold_gain":0,"player_choice":"Simplicity","damage_taken":0,"max_hp_gain":0,"max_hp_loss":0,"event_name":"Back to Basics","floor":20,"gold_loss":0,"cards_upgraded":["Defend_B","Defend_B","Defend_B","Defend_B"]},{"damage_healed":0,"gold_gain":0,"player_choice":"Became a vampire","damage_taken":0,"max_hp_gain":0,"max_hp_loss":23,"event_name":"Vampires","floor":21,"gold_loss":0,"cards_obtained":["Bite","Bite","Bite","Bite","Bite"]}],"is_beta":false,"boss_relics":[{"not_picked":["Busted Crown","Inserter"],"picked":"Astrolabe"}],"items_purged_floors":[],"is_endless":false,"potions_floor_spawned":[2,4,16],"killed_by":"Centurion and Healer","ascension_level":2}