{"gold_per_floor":[116,133,152,162,182,182,201,201,252,38,38,48,48,64,64,162,162,175,175,90,110,122,155,169,169,169,169,169,180,180,180,180,180],"floor_reached":33,"playtime":4232,"items_purged":[],"score":286,"play_id":"22fcf6f3-a981-4edc-9732-1fe094bbba46","local_time":"20180728101835","is_ascension_mode":false,"campfire_choices":[{"data":"Deadly Poison","floor":6.0,"key":"SMITH"},{"data":"Neutralize","floor":8.0,"key":"SMITH"},{"data":"PiercingWail","floor":13.0,"key":"SMITH"},{"data":"Crippling Poison","floor":15.0,"key":"SMITH"},{"data":"Adrenaline","floor":25.0,"key":"SMITH"},{"floor":27.0,"key":"REST"},{"data":"Die Die Die","floor":32.0,"key":"SMITH"}],"neow_cost":"","seed_source_timestamp":0,"circlet_count":0,"master_deck":["Defend_G","Defend_G","Defend_G","Defend_G","Defend_G","Strike_G","Strike_G","Strike_G","Strike_G","Survivor","Neutralize+1","Deflect","Deadly Poison+1","Deadly Poison","PiercingWail+1","Poisoned Stab","Underhanded Strike","Slice","Poisoned Stab","Crippling Poison+1","Die Die Die+1","Dodge and Roll","Deadly Poison","Flying Knee","Adrenaline+1","Deadly Poison","Bouncing Flask+1","Blur"],"special_seed":0,"relics":["Ring of the Snake","Omamori","ClockworkSouvenir","Runic Pyramid","Happy Flower","Dodecahedron","Calipers"],"potions_floor_usage":[33,33],"damage_taken":[{"damage":0.0,"enemies":"Cultist","floor":1.0,"turns":4.0},{"damage":2.0,"enemies":"Jaw Worm","floor":2.0,"turns":7.0},{"damage":0.0,"enemies":"2 Louse","floor":3.0,"turns":4.0},{"damage":10.0,"enemies":"Lots of Slimes","floor":4.0,"turns":5.0},{"damage":18.0,"enemies":"Large Slime","floor":5.0,"turns":9.0},{"damage":8.0,"enemies":"2 Fungi Beasts","floor":7.0,"turns":4.0},{"damage":2.0,"enemies":"Blue Slaver","floor":12.0,"turns":3.0},{"damage":8.0,"enemies":"Exordium Wildlife","floor":14.0,"turns":4.0},{"damage":21.0,"enemies":"The Guardian","floor":16.0,"turns":8.0},{"damage":0.0,"enemies":"Chosen","floor":18.0,"turns":4.0},{"damage":3.0,"enemies":"Shell Parasite","floor":21.0,"turns":5.0},{"damage":5.0,"enemies":"Cultist and Chosen","floor":22.0,"turns":8.0},{"damage":24.0,"enemies":"Slavers","floor":23.0,"turns":5.0},{"damage":4.0,"enemies":"Snecko","floor":24.0,"turns":5.0},{"damage":12.0,"enemies":"3 Cultists","floor":29.0,"turns":5.0},{"damage":78,"enemies":"Champ","floor":33,"turns":13}],"seed_played":"210930532645210580","potions_obtained":[{"floor":1.0,"key":"FearPotion"},{"floor":3.0,"key":"SpeedPotion"},{"floor":5.0,"key":"LiquidBronze"},{"floor":12.0,"key":"GamblersBrew"},{"floor":14.0,"key":"Strength Potion"},{"floor":16.0,"key":"Poison Potion"},{"floor":22.0,"key":"Regen Potion"},{"floor":24.0,"key":"EssenceOfSteel"},{"floor":29.0,"key":"Regen Potion"}],"is_trial":false,"path_per_floor":["M","M","M","M","M","R","M","R","T","$","?","M","R","M","R","B",null,"M","?","?","M","M","E","M","R","T","R","?","M","?","$","R"],"character_chosen":"THE_SILENT","items_purchased":["ClockworkSouvenir","Slice"],"campfire_rested":1,"item_purchase_floors":[10,10],"current_hp_per_floor":[70,68,68,58,40,40,32,32,32,32,55,53,53,45,45,24,70,70,70,70,67,62,52,48,48,48,69,69,57,57,57,57,0],"gold":180,"neow_bonus":"","is_prod":false,"is_daily":false,"chose_seed":false,"campfire_upgraded":6,"win_rate":0.0,"timestamp":1532787515,"path_taken":["M","M","M","?","M","R","M","R","T","$","?","M","R","M","R","BOSS","M","?","?","M","M","E","M","R","T","R","?","?","?","?","R","BOSS"],"build_version":"2018-07-26","purchased_purges":0,"victory":false,"max_hp_per_floor":[70,70,70,70,70,70,70,70,70,70,70,70,70,70,70,70,70,70,70,70,70,70,70,70,70,70,70,70,70,70,70,70,70],"card_choices":[{"not_picked":["Bouncing Flask","Leg Sweep"],"picked":"Deflect","floor":1.0},{"not_picked":["Quick Slash","Bane"],"picked":"Deadly Poison","floor":2.0},{"not_picked":["Underhanded Strike","Flying Knee"],"picked":"Deadly Poison","floor":3.0},{"not_picked":["Backflip","After Image"],"picked":"PiercingWail","floor":4.0},{"not_picked":["Masterful Stab","PiercingWail"],"picked":"Poisoned Stab","floor":5.0},{"not_picked":["Leg Sweep","Prepared"],"picked":"Underhanded Strike","floor":7.0},{"not_picked":["Dodge and Roll","Backstab"],"picked":"Poisoned Stab","floor":12.0},{"not_picked":["Outmaneuver","Deflect"],"picked":"Crippling Poison","floor":14.0},{"not_picked":["Venomology","Tools of the Trade"],"picked":"Die Die Die","floor":16.0},{"not_picked":["Quick Slash","Infinite Blades"],"picked":"Dodge and Roll","floor":18.0},{"not_picked":["Flechettes+1","Outmaneuver"],"picked":"Deadly Poison","floor":21.0},{"not_picked":["Calculated Gamble","Slice"],"picked":"Flying Knee","floor":22.0},{"not_picked":["Poisoned Stab+1","Predator"],"picked":"Adrenaline","floor":23.0},{"not_picked":["PiercingWail","Deflect"],"picked":"Deadly Poison","floor":24.0},{"not_picked":["Backflip","Venomology"],"picked":"Blur","floor":29.0}],"player_experience":149050,"relics_obtained":[{"floor":9.0,"key":"Omamori"},{"floor":23.0,"key":"Dodecahedron"},{"floor":26.0,"key":"Calipers"}],"event_choices":[{"event_name":"Big Fish","player_choice":"Banana","floor":11.0,"damage_taken":0.0},{"event_name":"Ghosts","player_choice":"Ignored","floor":19.0,"damage_taken":0.0},{"event_name":"Addict","player_choice":"Obtained Relic","floor":20.0,"damage_taken":0.0},{"event_name":"Transmorgrifier","player_choice":"Transform","floor":28.0,"damage_taken":0.0},{"event_name":"Upgrade Shrine","player_choice":"Upgraded","floor":30.0,"damage_taken":0.0}],"is_beta":false,"boss_relics":[{"not_picked":["Tiny House","Black Star"],"picked":"Runic Pyramid"}],"items_purged_floors":[],"is_endless":false,"potions_floor_spawned":[1,3,5,12,14,16,22,24,29],"killed_by":"Champ","ascension_level":0}