{"gold_per_floor":[11,25,25,25,42,72,72,101,127,127,139,139,139,104,104,208,208,224,494,78,89,100,100,60,60,60,92,106,136,146,228,228,324,324,340,353,353,363,463,463,477,511,586,618,634,31,44,58,58,58],"floor_reached":51,"playtime":5247,"items_purged":["Parasite"],"score":732,"play_id":"9c50f1a8-815d-4bef-bdcb-234b456c3851","local_time":"20190624184831","is_ascension_mode":false,"campfire_choices":[{"data":"Disarm","floor":7.0,"key":"SMITH"},{"data":"Impervious","floor":10.0,"key":"SMITH"},{"data":"Infernal Blade","floor":13.0,"key":"SMITH"},{"data":"Intimidate","floor":15.0,"key":"SMITH"},{"data":"Inflame","floor":23.0,"key":"SMITH"},{"data":"Inflame","floor":25.0,"key":"SMITH"},{"data":"Flame Barrier","floor":32.0,"key":"SMITH"},{"data":"Barricade","floor":40.0,"key":"SMITH"},{"floor":49,"key":"REST"}],"neow_cost":"NO_GOLD","seed_source_timestamp":0,"circlet_count":0,"master_deck":["Strike_R+1","Strike_R+1","Strike_R","Strike_R","Defend_R","Defend_R+1","Defend_R","Defend_R","Bash","Disarm+1","Intimidate+1","Impervious+1","Iron Wave","Infernal Blade+1","Impervious","Double Tap","Inflame+1","Flame Barrier+1","Sword Boomerang+1","Inflame+1","Fire Breathing","Flame Barrier","Dropkick","Barricade+1","Clothesline","Armaments","Madness","Madness","Spot Weakness+1","Ghostly Armor+1","Pummel+1","Cleave+1"],"special_seed":0,"relics":["Burning Blood","Magic Flower","Boot","PreservedInsect","Oddly Smooth Stone","Busted Crown","Happy Flower","Tiny Chest","Bottled Lightning","Du-Vu Doll","Vajra","Meat on the Bone","Lizard Tail","Incense Burner","Bag of Preparation","Letter Opener","Strawberry","Kunai","Whetstone"],"potions_floor_usage":[42,44,50,50],"damage_taken":[{"damage":0.0,"enemies":"Small Slimes","floor":1.0,"turns":3.0},{"damage":11.0,"enemies":"Jaw Worm","floor":2.0,"turns":4.0},{"damage":12.0,"enemies":"2 Louse","floor":5.0,"turns":3.0},{"damage":7.0,"enemies":"3 Sentries","floor":6.0,"turns":9.0},{"damage":24.0,"enemies":"Lagavulin","floor":8.0,"turns":9.0},{"damage":3.0,"enemies":"Exordium Thugs","floor":11.0,"turns":6.0},{"damage":43.0,"enemies":"The Guardian","floor":16.0,"turns":18.0},{"damage":4.0,"enemies":"3 Byrds","floor":18.0,"turns":6.0},{"damage":8.0,"enemies":"2 Thieves","floor":21.0,"turns":4.0},{"damage":8.0,"enemies":"Centurion and Healer","floor":22.0,"turns":5.0},{"damage":12.0,"enemies":"Slavers","floor":27.0,"turns":3.0},{"damage":10.0,"enemies":"Shelled Parasite and Fungi","floor":28.0,"turns":5.0},{"damage":13.0,"enemies":"Book of Stabbing","floor":29.0,"turns":4.0},{"damage":0.0,"enemies":"Snecko","floor":30.0,"turns":3.0},{"damage":30.0,"enemies":"Champ","floor":33.0,"turns":10.0},{"damage":7.0,"enemies":"3 Shapes","floor":35.0,"turns":6.0},{"damage":28.0,"enemies":"3 Darklings","floor":36.0,"turns":6.0},{"damage":14.0,"enemies":"4 Shapes","floor":38.0,"turns":9.0},{"damage":7.0,"enemies":"Mind Bloom Boss Battle","floor":39.0,"turns":8.0},{"damage":13,"enemies":"Writhing Mass","floor":41,"turns":9},{"damage":19,"enemies":"Giant Head","floor":42,"turns":11},{"damage":25,"enemies":"Nemesis","floor":44,"turns":5},{"damage":30,"enemies":"Jaw Worm Horde","floor":45,"turns":6},{"damage":24,"enemies":"Transient","floor":47,"turns":5},{"damage":34,"enemies":"Sphere and 2 Shapes","floor":48,"turns":9},{"damage":11,"enemies":"Time Eater","floor":50,"turns":10}],"seed_played":"7050282385132478565","potions_obtained":[{"floor":2.0,"key":"Energy Potion"},{"floor":5.0,"key":"Weak Potion"},{"floor":16.0,"key":"AttackPotion"},{"floor":21.0,"key":"Regen Potion"},{"floor":27.0,"key":"Energy Potion"},{"floor":28.0,"key":"Explosive Potion"},{"floor":29.0,"key":"Fruit Juice"},{"floor":35.0,"key":"Swift Potion"},{"floor":36.0,"key":"GamblersBrew"},{"floor":42,"key":"FearPotion"},{"floor":47,"key":"PowerPotion"}],"is_trial":false,"path_per_floor":["M","M","?","$","M","E","R","E","T","R","M","?","R","?","R","B",null,"M","?","$","M","M","R","$","R","T","E","M","E","M","T","R","B",null,"M","M","?","M","?","R","M","E","T","E","M","$","M","M","R","B",null],"character_chosen":"IRONCLAD","items_purchased":["Happy Flower","Tiny Chest","Inflame","FairyPotion","Inflame","Kunai","Whetstone","LiquidBronze","Poison Potion"],"campfire_rested":1,"item_purchase_floors":[20,20,20,20,24,46,46,46,46],"current_hp_per_floor":[80,78,62,62,59,61,61,46,46,46,52,52,52,72,72,38,80,80,48,48,49,72,72,72,72,72,69,68,64,81,81,81,60,85,85,66,55,68,70,70,66,56,56,65,62,62,65,58,84,82],"gold":58,"neow_bonus":"ONE_RARE_RELIC","is_prod":false,"is_daily":false,"chose_seed":false,"campfire_upgraded":8,"win_rate":0,"timestamp":1561420111,"path_taken":["M","M","?","$","M","E","R","E","T","R","M","?","R","?","R","BOSS","M","?","$","?","M","R","$","R","T","E","M","E","M","?","R","BOSS","M","M","?","M","?","R","M","E","T","E","M","$","M","M","R","BOSS"],"build_version":"2019-01-23","purchased_purges":1,"victory":true,"max_hp_per_floor":[80,80,80,80,80,80,80,80,80,80,80,80,80,80,80,80,80,80,80,80,80,80,80,80,80,80,80,80,80,85,85,85,85,85,85,85,85,85,85,85,85,85,85,92,92,89,89,89,89,89],"card_choices":[{"not_picked":["Shrug It Off","Bloodletting"],"picked":"Disarm","floor":1.0},{"not_picked":["Pommel Strike","Combust","Warcry"],"picked":"SKIP","floor":2.0},{"not_picked":["Warcry","Wild Strike"],"picked":"Intimidate","floor":5.0},{"not_picked":["Iron Wave","Armaments"],"picked":"Impervious","floor":6.0},{"not_picked":["Perfected Strike","Clothesline"],"picked":"Iron Wave","floor":8.0},{"not_picked":["Flex","Fire Breathing"],"picked":"Infernal Blade","floor":11.0},{"not_picked":["Feed","Reaper"],"picked":"Double Tap","floor":16.0},{"not_picked":["Warcry"],"picked":"SKIP","floor":18.0},{"not_picked":[],"picked":"Flame Barrier","floor":21.0},{"not_picked":[],"picked":"Sword Boomerang","floor":22.0},{"not_picked":[],"picked":"Fire Breathing","floor":27.0},{"not_picked":[],"picked":"Flame Barrier","floor":28.0},{"not_picked":[],"picked":"Dropkick","floor":29.0},{"not_picked":["Sentinel"],"picked":"SKIP","floor":30.0},{"not_picked":[],"picked":"Barricade","floor":33.0},{"not_picked":[],"picked":"Clothesline","floor":35.0},{"not_picked":[],"picked":"Armaments","floor":36.0},{"not_picked":["Wild Strike"],"picked":"SKIP","floor":38.0},{"not_picked":[],"picked":"Spot Weakness+1","floor":39.0},{"not_picked":["Warcry"],"picked":"SKIP","floor":41},{"not_picked":["Warcry"],"picked":"SKIP","floor":41},{"not_picked":[],"picked":"Ghostly Armor+1","floor":42},{"not_picked":[],"picked":"Pummel+1","floor":44},{"not_picked":["True Grit"],"picked":"SKIP","floor":45},{"not_picked":[],"picked":"Cleave+1","floor":47},{"not_picked":["Havoc+1"],"picked":"SKIP","floor":48}],"player_experience":92479,"relics_obtained":[{"floor":6.0,"key":"Boot"},{"floor":8.0,"key":"PreservedInsect"},{"floor":9.0,"key":"Oddly Smooth Stone"},{"floor":26.0,"key":"Bottled Lightning"},{"floor":27.0,"key":"Du-Vu Doll"},{"floor":29.0,"key":"Vajra"},{"floor":31.0,"key":"Meat on the Bone"},{"floor":39.0,"key":"Incense Burner"},{"floor":42,"key":"Bag of Preparation"},{"floor":43,"key":"Letter Opener"},{"floor":44,"key":"Strawberry"}],"event_choices":[{"damage_healed":0.0,"max_hp_gain":0.0,"max_hp_loss":0.0,"gold_gain":0.0,"event_name":"Shining Light","player_choice":"Entered Light","floor":3.0,"gold_loss":0.0,"damage_taken":16.0,"cards_upgraded":["Strike_R","Defend_R"]},{"damage_healed":0.0,"max_hp_gain":0.0,"max_hp_loss":0.0,"gold_gain":0.0,"cards_transformed":["Strike_R"],"event_name":"Living Wall","player_choice":"Change","floor":12.0,"gold_loss":0.0,"damage_taken":0.0,"cards_obtained":["Impervious"]},{"damage_healed":20.0,"max_hp_gain":0.0,"max_hp_loss":0.0,"gold_gain":0.0,"event_name":"The Cleric","player_choice":"Healed","floor":14.0,"gold_loss":35.0,"damage_taken":0.0},{"damage_healed":0.0,"max_hp_gain":0.0,"max_hp_loss":0.0,"gold_gain":270.0,"event_name":"Knowing Skull","player_choice":"GOLD GOLD GOLD ","floor":19.0,"potions_obtained":[],"gold_loss":0.0,"damage_taken":32.0,"cards_obtained":[]},{"damage_healed":0.0,"max_hp_gain":0.0,"max_hp_loss":0.0,"gold_gain":0.0,"event_name":"Winding Halls","player_choice":"Embrace Madness","floor":37.0,"gold_loss":0.0,"damage_taken":11.0,"cards_obtained":["Madness","Madness"]},{"damage_healed":0.0,"max_hp_gain":0.0,"max_hp_loss":0.0,"gold_gain":0.0,"event_name":"MindBloom","player_choice":"Fight","floor":39.0,"gold_loss":0.0,"damage_taken":0.0}],"is_beta":false,"boss_relics":[{"not_picked":["Calling Bell","Cursed Key"],"picked":"Busted Crown"},{"not_picked":["Runic Cube","Mark of Pain"],"picked":"Lizard Tail"}],"items_purged_floors":[46],"is_endless":false,"potions_floor_spawned":[2,5,16,21,27,28,29,35,36,42,47],"ascension_level":0}