{"gold_per_floor":[111,124,141,157,174,174,202,202,226,226,401,421,421,441,441,538,538,555,555,542,116,141,141,152,172,172,172],"floor_reached":27,"playtime":1324,"items_purged":["Strike_R"],"score":323,"play_id":"86b68f61-206f-4170-b46f-cfda422fec1b","local_time":"20181203235105","is_ascension_mode":true,"campfire_choices":[{"data":"Barricade","floor":6,"key":"SMITH"},{"floor":8,"key":"REST"},{"data":"Juggernaut","floor":10,"key":"SMITH"},{"floor":15,"key":"REST"},{"floor":23,"key":"REST"}],"neow_cost":"NONE","seed_source_timestamp":463711826572030,"circlet_count":0,"master_deck":["AscendersBane","Strike_R","Strike_R","Defend_R","Defend_R","Defend_R","Defend_R","Bash","Barricade+1","Pommel Strike","Entrench","Power Through","True Grit","True Grit","Juggernaut+1","Iron Wave","Impervious","Infernal Blade+1","Impervious","Metallicize","Armaments","Metallicize"],"relics":["Burning Blood","Boot","Vajra","Odd Mushroom","Empty Cage","Incense Burner","Smiling Mask","PreservedInsect"],"potions_floor_usage":[7,16,16,20,24],"damage_taken":[{"damage":6,"enemies":"Cultist","floor":1,"turns":3},{"damage":0,"enemies":"Small Slimes","floor":2,"turns":3},{"damage":7,"enemies":"2 Louse","floor":3,"turns":3},{"damage":17,"enemies":"Lots of Slimes","floor":4,"turns":8},{"damage":2,"enemies":"Red Slaver","floor":5,"turns":6},{"damage":51,"enemies":"Lagavulin","floor":7,"turns":14},{"damage":35,"enemies":"The Mushroom Lair","floor":12,"turns":6},{"damage":11,"enemies":"Exordium Thugs","floor":14,"turns":7},{"damage":30,"enemies":"The Guardian","floor":16,"turns":13},{"damage":39,"enemies":"Spheric Guardian","floor":18,"turns":8},{"damage":5,"enemies":"2 Thieves","floor":20,"turns":4},{"damage":36,"enemies":"3 Cultists","floor":24,"turns":6},{"damage":12,"enemies":"Snake Plant","floor":25,"turns":6},{"damage":18,"enemies":"Sentry and Sphere","floor":27,"turns":4}],"seed_played":"-463151101537246922","potions_obtained":[{"floor":3,"key":"PowerPotion"},{"floor":4,"key":"AttackPotion"},{"floor":12,"key":"SkillPotion"},{"floor":18,"key":"Energy Potion"}],"is_trial":false,"path_per_floor":["M","M","M","M","M","R","E","R","T","R","?","?","?","M","R","B",null,"M","?","M","$","T","R","M","M","T","M"],"character_chosen":"IRONCLAD","items_purchased":["Incense Burner","PowerPotion"],"campfire_rested":3,"item_purchase_floors":[21,21],"current_hp_per_floor":[72,78,77,66,70,70,25,49,49,49,49,20,13,8,32,8,62,29,29,30,30,30,54,24,18,18,0],"gold":172,"neow_bonus":"ONE_RANDOM_RARE_CARD","is_prod":false,"is_daily":false,"chose_seed":false,"campfire_upgraded":2,"win_rate":0,"timestamp":1543899065,"path_taken":["M","M","?","M","M","R","E","R","T","R","?","?","?","M","R","BOSS","M","?","?","$","?","R","?","M","T","M"],"build_version":"2018-11-15","purchased_purges":1,"victory":false,"max_hp_per_floor":[80,80,80,80,80,80,80,80,80,80,80,80,80,80,80,80,80,80,80,80,80,80,80,80,80,80,80],"card_choices":[{"not_picked":["Clash","Rage"],"picked":"Pommel Strike","floor":1},{"not_picked":["Perfected Strike","Bloodletting"],"picked":"Entrench","floor":2},{"not_picked":["Warcry","Corruption"],"picked":"Power Through","floor":3},{"not_picked":["Intimidate","Clothesline"],"picked":"True Grit","floor":4},{"not_picked":["Clothesline","Armaments"],"picked":"True Grit","floor":5},{"not_picked":["Armaments","Heavy Blade"],"picked":"Juggernaut","floor":7},{"not_picked":["Body Slam","Sword Boomerang"],"picked":"Iron Wave","floor":12},{"not_picked":["Wild Strike","Clothesline","Pummel"],"picked":"SKIP","floor":14},{"not_picked":["Demon Form","Double Tap"],"picked":"Impervious","floor":16},{"not_picked":["Corruption+1","Rampage"],"picked":"Infernal Blade+1","floor":18},{"not_picked":["Second Wind","Twin Strike"],"picked":"Metallicize","floor":20},{"not_picked":["Clash+1","Rampage"],"picked":"Armaments","floor":24},{"not_picked":["Clash","Cleave"],"picked":"Metallicize","floor":25}],"player_experience":577702,"relics_obtained":[{"floor":7,"key":"Boot"},{"floor":9,"key":"Vajra"},{"floor":12,"key":"Odd Mushroom"},{"floor":22,"key":"Smiling Mask"},{"floor":26,"key":"PreservedInsect"}],"event_choices":[{"damage_healed":0,"gold_gain":175,"player_choice":"AGREE","damage_taken":0,"max_hp_gain":0,"max_hp_loss":0,"event_name":"Liars Game","floor":11,"gold_loss":0,"cards_obtained":["Doubt"]},{"damage_healed":0,"gold_gain":0,"player_choice":"Fought Mushrooms","damage_taken":0,"max_hp_gain":0,"max_hp_loss":0,"event_name":"Mushrooms","floor":12,"gold_loss":0},{"cards_removed":["Doubt"],"damage_healed":0,"gold_gain":0,"player_choice":"Card Removal","damage_taken":7,"max_hp_gain":0,"max_hp_loss":0,"event_name":"Golden Wing","floor":13,"gold_loss":0},{"damage_healed":0,"gold_gain":0,"player_choice":"Copied","damage_taken":0,"max_hp_gain":0,"max_hp_loss":0,"event_name":"Duplicator","floor":19,"gold_loss":0,"cards_obtained":["Impervious"]}],"is_beta":true,"boss_relics":[{"not_picked":["Sozu","Velvet Choker"],"picked":"Empty Cage"}],"items_purged_floors":[21],"is_endless":false,"potions_floor_spawned":[3,4,12,18],"killed_by":"Sentry and Sphere","ascension_level":10}