{"gold_per_floor":[119,138,138,159,124,124,138,177,204,228,261,275,275,39,39,167,167,192,215,215,215,215,246,246,287,364,156,156,189,189,208,208,331,331,345,178,194,209,222,222,257,283,295,307,319,374,35,160,160,160],"floor_reached":51,"playtime":3764,"items_purged":[],"score":1294,"play_id":"ee13f8e2-1e88-4abd-a1a4-12a7262f385a","local_time":"20190710135246","is_ascension_mode":true,"campfire_choices":[{"data":"Corruption","floor":6,"key":"SMITH"},{"data":"Inflame","floor":15,"key":"SMITH"},{"floor":28,"key":"REST"},{"data":"Limit Break","floor":30,"key":"SMITH"},{"data":"Limit Break","floor":32,"key":"SMITH"},{"data":"Demon Form","floor":40,"key":"SMITH"},{"floor":45,"key":"REST"},{"floor":49,"key":"REST"}],"neow_cost":"NONE","seed_source_timestamp":1266185937278200,"circlet_count":0,"master_deck":["AscendersBane","Strike_R+1","Strike_R+1","Strike_R+1","Strike_R+1","Strike_R+1","Defend_R+1","Defend_R+1","Defend_R+1","Defend_R+1","Bash+1","Corruption+1","Feel No Pain","Sword Boomerang","Shrug It Off","Metallicize","Pommel Strike","Inflame+1","Clash","Ghostly Armor+1","Limit Break+1","Intimidate+1","Battle Trance","Armaments+1","Iron Wave","Clothesline","Headbutt+1","Thunderclap+1","Limit Break+1","Iron Wave","Armaments+1","Immolate","True Grit+1","Disarm","Demon Form+1","Seeing Red","Shockwave","Power Through+1","Warcry+1","Shrug It Off","Trip","Exhume","Uppercut","Intimidate","Sword Boomerang"],"relics":["Burning Blood","Golden Idol","Oddly Smooth Stone","Juzu Bracelet","Vajra","Lantern","Bag of Preparation","Orrery","Centennial Puzzle","Red Skull","Blue Candle","Membership Card","Omamori","Busted Crown","Pear","MawBank","Shuriken","War Paint","Dream Catcher","Boot","Mango"],"potions_floor_usage":[7,12,23,38,41,50,50],"damage_taken":[{"damage":0,"enemies":"2 Louse","floor":1,"turns":3},{"damage":13,"enemies":"Jaw Worm","floor":2,"turns":5},{"damage":5,"enemies":"Small Slimes","floor":4,"turns":3},{"damage":22,"enemies":"3 Louse","floor":7,"turns":3},{"damage":41,"enemies":"Lagavulin","floor":8,"turns":9},{"damage":13,"enemies":"Gremlin Nob","floor":11,"turns":5},{"damage":6,"enemies":"Lots of Slimes","floor":12,"turns":5},{"damage":30,"enemies":"Hexaghost","floor":16,"turns":9},{"damage":7,"enemies":"Shell Parasite","floor":18,"turns":6},{"damage":15,"enemies":"Spheric Guardian","floor":19,"turns":4},{"damage":32,"enemies":"Book of Stabbing","floor":23,"turns":5},{"damage":21,"enemies":"Gremlin Leader","floor":25,"turns":6},{"damage":15,"enemies":"Book of Stabbing","floor":29,"turns":3},{"damage":0,"enemies":"3 Cultists","floor":31,"turns":3},{"damage":8,"enemies":"Collector","floor":33,"turns":7},{"damage":4,"enemies":"Orb Walker","floor":35,"turns":4},{"damage":10,"enemies":"3 Shapes","floor":37,"turns":3},{"damage":14,"enemies":"Maw","floor":38,"turns":7},{"damage":9,"enemies":"Sphere and 2 Shapes","floor":39,"turns":3},{"damage":26,"enemies":"Giant Head","floor":41,"turns":7},{"damage":15,"enemies":"Jaw Worm Horde","floor":42,"turns":3},{"damage":5,"enemies":"Nemesis","floor":46,"turns":5},{"damage":3,"enemies":"Mind Bloom Boss Battle","floor":48,"turns":7},{"damage":31,"enemies":"Donu and Deca","floor":50,"turns":7}],"seed_played":"5461572909166731605","potions_obtained":[{"floor":1,"key":"FearPotion"},{"floor":2,"key":"Regen Potion"},{"floor":12,"key":"Swift Potion"},{"floor":18,"key":"AttackPotion"},{"floor":25,"key":"GamblersBrew"},{"floor":29,"key":"Fire Potion"},{"floor":42,"key":"Weak Potion"},{"floor":46,"key":"BloodPotion"},{"floor":48,"key":"PowerPotion"}],"is_trial":false,"path_per_floor":["M","M","?","M","?","R","M","E","T","T","E","M","?","$","R","B",null,"M","M","?","?","?","E","?","E","T","$","R","E","R","M","R","B",null,"M","$","M","M","M","R","E","M","T","?","R","E","$","?","R","B",null],"character_chosen":"IRONCLAD","items_purchased":["Clash","Bag of Preparation","Ghostly Armor","Membership Card","Pear","Shockwave","Trip","Exhume","Uppercut","Intimidate","Dream Catcher","Boot"],"campfire_rested":3,"item_purchase_floors":[14,14,14,27,36,36,47,47,47,47,47,47],"current_hp_per_floor":[86,79,57,58,80,80,64,29,29,29,22,36,36,36,36,12,69,68,59,59,59,59,33,33,18,18,18,44,35,35,41,41,39,76,78,88,84,76,73,73,53,44,44,44,73,74,74,91,112,87],"gold":160,"neow_bonus":"TEN_PERCENT_HP_BONUS","is_prod":false,"is_daily":false,"chose_seed":false,"campfire_upgraded":5,"win_rate":0,"timestamp":1562781166,"path_taken":["M","M","?","M","?","R","?","E","T","?","E","M","?","$","R","BOSS","M","M","?","?","?","E","?","E","T","$","R","E","R","M","R","BOSS","M","$","M","M","M","R","E","M","T","?","R","E","$","?","R","BOSS"],"build_version":"2019-07-05","purchased_purges":0,"victory":true,"max_hp_per_floor":[88,88,88,88,88,88,88,88,88,88,88,88,88,88,88,88,88,88,88,88,88,88,88,88,88,88,88,88,88,88,88,88,88,88,88,98,98,98,98,98,98,98,98,98,98,98,98,112,112,112],"card_choices":[{"not_picked":["Clash","Thunderclap"],"picked":"Corruption","floor":1},{"not_picked":["Blood for Blood","Cleave"],"picked":"Feel No Pain","floor":2},{"not_picked":["Fire Breathing","Havoc"],"picked":"Sword Boomerang","floor":4},{"not_picked":["True Grit","Havoc"],"picked":"Shrug It Off","floor":7},{"not_picked":["Clash","True Grit"],"picked":"Metallicize","floor":8},{"not_picked":["Bloodletting","Clash"],"picked":"Pommel Strike","floor":11},{"not_picked":["Body Slam","Blood for Blood"],"picked":"Inflame","floor":12},{"not_picked":["Fiend Fire","Reaper"],"picked":"Limit Break","floor":16},{"not_picked":["Body Slam","Clothesline"],"picked":"Intimidate","floor":17},{"not_picked":["Cleave","Shrug It Off"],"picked":"Battle Trance","floor":17},{"not_picked":["Body Slam","Warcry"],"picked":"Armaments","floor":17},{"not_picked":["Bloodletting","Burning Pact"],"picked":"Iron Wave","floor":17},{"not_picked":["Wild Strike","Power Through"],"picked":"Clothesline","floor":17},{"not_picked":["Sever Soul+1","Ghostly Armor+1"],"picked":"Headbutt+1","floor":18},{"not_picked":["Sentinel","Intimidate"],"picked":"Thunderclap+1","floor":19},{"not_picked":["Cleave","Clash"],"picked":"Iron Wave","floor":23},{"not_picked":["Searing Blow+1","Carnage"],"picked":"Immolate","floor":25},{"not_picked":["Sentinel","Sword Boomerang"],"picked":"True Grit+1","floor":29},{"not_picked":["Fire Breathing","Clash"],"picked":"Disarm","floor":31},{"not_picked":["Fiend Fire","Dark Embrace"],"picked":"Demon Form","floor":33},{"not_picked":[],"picked":"Seeing Red","floor":35},{"not_picked":[],"picked":"Power Through+1","floor":37},{"not_picked":["Cleave"],"picked":"SKIP","floor":38},{"not_picked":["Second Wind"],"picked":"SKIP","floor":39},{"not_picked":["Second Wind"],"picked":"SKIP","floor":39},{"not_picked":[],"picked":"Warcry+1","floor":41},{"not_picked":[],"picked":"Shrug It Off","floor":42},{"not_picked":["Body Slam"],"picked":"SKIP","floor":46},{"not_picked":[],"picked":"Sword Boomerang","floor":49}],"player_experience":605228,"relics_obtained":[{"floor":8,"key":"Oddly Smooth Stone"},{"floor":9,"key":"Juzu Bracelet"},{"floor":10,"key":"Vajra"},{"floor":11,"key":"Lantern"},{"floor":23,"key":"Centennial Puzzle"},{"floor":25,"key":"Red Skull"},{"floor":26,"key":"Blue Candle"},{"floor":29,"key":"Omamori"},{"floor":41,"key":"MawBank"},{"floor":43,"key":"Shuriken"},{"floor":46,"key":"War Paint"},{"floor":48,"key":"Mango"}],"event_choices":[{"damage_healed":0,"gold_gain":0,"player_choice":"Take Damage","damage_taken":22,"relics_obtained":["Golden Idol"],"max_hp_gain":0,"max_hp_loss":0,"event_name":"Golden Idol","floor":3,"gold_loss":0},{"damage_healed":22,"gold_gain":0,"player_choice":"Healed","damage_taken":0,"max_hp_gain":0,"max_hp_loss":0,"event_name":"The Cleric","floor":5,"gold_loss":35},{"damage_healed":0,"gold_gain":0,"player_choice":"Grow","damage_taken":0,"max_hp_gain":0,"max_hp_loss":0,"event_name":"Living Wall","floor":13,"gold_loss":0,"cards_upgraded":["Bash"]},{"damage_healed":0,"gold_gain":0,"player_choice":"Simplicity","damage_taken":0,"max_hp_gain":0,"max_hp_loss":0,"event_name":"Back to Basics","floor":20,"gold_loss":0,"cards_upgraded":["Strike_R","Strike_R","Strike_R","Strike_R","Strike_R","Defend_R","Defend_R","Defend_R","Defend_R"]},{"damage_healed":0,"gold_gain":0,"player_choice":"Read","damage_taken":0,"max_hp_gain":0,"max_hp_loss":0,"event_name":"The Library","floor":21,"gold_loss":0,"cards_obtained":["Limit Break"]},{"damage_healed":0,"gold_gain":0,"player_choice":"Upgraded","damage_taken":0,"max_hp_gain":0,"max_hp_loss":0,"event_name":"Upgrade Shrine","floor":22,"gold_loss":0,"cards_upgraded":["Armaments"]},{"damage_healed":0,"gold_gain":0,"player_choice":"Copied","damage_taken":0,"max_hp_gain":0,"max_hp_loss":0,"event_name":"Duplicator","floor":24,"gold_loss":0,"cards_obtained":["Armaments"]},{"damage_healed":0,"gold_gain":0,"player_choice":"Ignored","damage_taken":0,"max_hp_gain":0,"max_hp_loss":0,"event_name":"Tomb of Lord Red Mask","floor":44,"gold_loss":0},{"damage_healed":0,"gold_gain":0,"player_choice":"Fight","damage_taken":0,"max_hp_gain":0,"max_hp_loss":0,"event_name":"MindBloom","floor":48,"gold_loss":0}],"is_beta":false,"boss_relics":[{"not_picked":["White Beast Statue","Fusion Hammer"],"picked":"Orrery"},{"not_picked":["Black Star","Pandora\u0027s Box"],"picked":"Busted Crown"}],"items_purged_floors":[],"is_endless":false,"potions_floor_spawned":[1,2,4,12,18,25,29,35,42,46,48],"ascension_level":12}