{"gold_per_floor":[13,13,13,27,27,27,27,27,27,101,276,300,315,336,336,460,460,479,479,479,56,56,56,56,56,109,109,109,109,133,156,156,284,284,308,308,323,337,69,69,90,90,114,147,211,211,211,336,336,336],"floor_reached":51,"playtime":3398,"items_purged":["Doubt"],"score":997,"play_id":"3e0a1f39-fc0d-43bf-bb79-8869447790e3","local_time":"20181111093731","is_ascension_mode":true,"campfire_choices":[{"data":"Chaos","floor":6,"key":"SMITH"},{"data":"Redo","floor":8,"key":"SMITH"},{"data":"Zap","floor":15,"key":"SMITH"},{"data":"Defragment","floor":23,"key":"SMITH"},{"data":"Defragment","floor":27,"key":"SMITH"},{"data":"Buffer","floor":32,"key":"SMITH"},{"floor":40,"key":"REST"},{"floor":42,"key":"REST"},{"data":"1","floor":46,"key":"LIFT"},{"data":"2","floor":49,"key":"LIFT"}],"neow_cost":"NO_GOLD","seed_source_timestamp":2703181147756,"circlet_count":0,"master_deck":["Defend_B+1","Defend_B+1","Defend_B+1","Zap+1","Dualcast","Electrodynamics","Tempest+1","Redo+1","Chaos+1","All For One","Aggregate","Recycle","Compile Driver","Buffer+1","Go for the Eyes","Cold Snap","Aggregate","Defragment+1","Defragment+1","Hologram+1","Double Energy+1","Buffer+1","Chaos+1","Defragment+1","Capacitor+1","Double Energy","Glacier","Reinforced Body+1","Enlightenment"],"relics":["Cracked Core","Golden Idol","Juzu Bracelet","Calipers","Inserter","Chemical X","Orichalcum","Bag of Preparation","Frozen Egg 2","Runic Pyramid","Toolbox","War Paint","Girya","Incense Burner"],"potions_floor_usage":[16,31,33,38,38],"damage_taken":[{"damage":10,"enemies":"Small Slimes","floor":1,"turns":3},{"damage":0,"enemies":"Cultist","floor":4,"turns":3},{"damage":5,"enemies":"3 Sentries","floor":10,"turns":2},{"damage":1,"enemies":"2 Louse","floor":12,"turns":2},{"damage":7,"enemies":"2 Fungi Beasts","floor":13,"turns":2},{"damage":6,"enemies":"Blue Slaver","floor":14,"turns":3},{"damage":0,"enemies":"Slime Boss","floor":16,"turns":5},{"damage":17,"enemies":"Spheric Guardian","floor":18,"turns":4},{"damage":4,"enemies":"Shell Parasite","floor":30,"turns":4},{"damage":0,"enemies":"Snake Plant","floor":31,"turns":4},{"damage":0,"enemies":"Champ","floor":33,"turns":10},{"damage":18,"enemies":"3 Darklings","floor":35,"turns":3},{"damage":0,"enemies":"3 Shapes","floor":37,"turns":3},{"damage":18,"enemies":"Writhing Mass","floor":38,"turns":4},{"damage":1,"enemies":"Sphere and 2 Shapes","floor":41,"turns":5},{"damage":1,"enemies":"Reptomancer","floor":44,"turns":4},{"damage":0,"enemies":"2 Orb Walkers","floor":45,"turns":4},{"damage":0,"enemies":"Mind Bloom Boss Battle","floor":48,"turns":6},{"damage":12,"enemies":"Donu and Deca","floor":50,"turns":6}],"seed_played":"4880937532033552562","potions_obtained":[{"floor":12,"key":"FearPotion"},{"floor":13,"key":"SpeedPotion"},{"floor":14,"key":"Energy Potion"},{"floor":16,"key":"PowerPotion"},{"floor":33,"key":"AttackPotion"},{"floor":37,"key":"FearPotion"},{"floor":41,"key":"Ancient Potion"},{"floor":48,"key":"SpeedPotion"}],"is_trial":false,"path_per_floor":["M","?","$","M","?","R","?","R","T","?","?","M","M","M","R","B",null,"M","?","?","$","?","R","?","?","T","R","?","T","M","M","R","B",null,"M","?","M","M","$","R","M","R","T","E","?","R","?","?","R","B",null],"character_chosen":"DEFECT","items_purchased":["Chemical X","Orichalcum","Double Energy","Toolbox"],"campfire_rested":2,"item_purchase_floors":[21,21,39,39],"current_hp_per_floor":[58,58,58,58,58,58,58,58,58,53,53,52,45,39,39,39,66,49,49,49,49,49,49,49,49,49,49,49,49,45,45,45,45,68,50,50,50,32,32,54,53,75,75,74,74,74,74,74,74,62],"gold":336,"neow_bonus":"THREE_RARE_CARDS","is_prod":false,"is_daily":false,"chose_seed":false,"campfire_upgraded":6,"win_rate":0,"timestamp":1541947051,"path_taken":["M","?","?","M","?","R","?","R","T","?","?","M","M","M","R","BOSS","M","?","?","$","?","R","?","?","T","R","?","?","M","M","R","BOSS","M","?","M","M","$","R","M","R","T","E","?","R","?","?","R","BOSS"],"build_version":"2018-11-08","purchased_purges":1,"victory":true,"max_hp_per_floor":[75,75,75,75,75,75,75,75,75,75,75,75,75,75,75,75,75,75,75,75,75,75,75,75,75,75,75,75,75,75,75,75,75,75,75,75,75,75,75,75,75,75,75,75,75,75,75,75,75,75],"card_choices":[{"not_picked":["Fission","Amplify"],"picked":"Electrodynamics","floor":0},{"not_picked":["Stack","Streamline"],"picked":"Tempest","floor":1},{"not_picked":["Chill","Rip and Tear"],"picked":"Chaos","floor":4},{"not_picked":["Sunder","Coolheaded"],"picked":"Aggregate","floor":10},{"not_picked":["Reprogram","Sweeping Beam","Fusion"],"picked":"SKIP","floor":12},{"not_picked":["Streamline","Blizzard"],"picked":"Recycle","floor":13},{"not_picked":["Cold Snap","Blizzard"],"picked":"Compile Driver","floor":14},{"not_picked":["Seek","Electrodynamics"],"picked":"Buffer","floor":16},{"not_picked":["Steam","Rebound"],"picked":"Go for the Eyes","floor":18},{"not_picked":["Auto Shields+1","Rip and Tear"],"picked":"Hologram+1","floor":30},{"not_picked":["Gash","Barrage+1"],"picked":"Double Energy","floor":31},{"not_picked":["Hyperbeam","Core Surge"],"picked":"Buffer+1","floor":33},{"not_picked":["Undo","Streamline+1"],"picked":"Chaos+1","floor":35},{"not_picked":["Rebound","Capacitor+1","Blizzard"],"picked":"SKIP","floor":37},{"not_picked":["Rebound","Blizzard"],"picked":"Capacitor+1","floor":37},{"not_picked":["Auto Shields","Steam Power+1","Genetic Algorithm+1"],"picked":"SKIP","floor":38},{"not_picked":["Barrage","Streamline"],"picked":"Glacier","floor":41},{"not_picked":["Turbo","Ball Lightning+1"],"picked":"Reinforced Body+1","floor":44},{"not_picked":["Blind","Mind Blast"],"picked":"Enlightenment","floor":47}],"player_experience":357346,"relics_obtained":[{"floor":9,"key":"Juzu Bracelet"},{"floor":10,"key":"Calipers"},{"floor":26,"key":"Bag of Preparation"},{"floor":29,"key":"Frozen Egg 2"},{"floor":44,"key":"War Paint"},{"floor":45,"key":"Girya"},{"floor":48,"key":"Incense Burner"}],"event_choices":[{"damage_healed":0,"gold_gain":0,"cards_transformed":["Strike_B"],"player_choice":"Transformed","damage_taken":0,"max_hp_gain":0,"max_hp_loss":0,"event_name":"Transmorgrifier","floor":2,"gold_loss":0,"cards_obtained":["Redo"]},{"damage_healed":0,"gold_gain":0,"player_choice":"Take Wound","damage_taken":0,"relics_obtained":["Golden Idol"],"max_hp_gain":0,"max_hp_loss":0,"event_name":"Golden Idol","floor":5,"gold_loss":0,"cards_obtained":["Injury"]},{"damage_healed":0,"gold_gain":0,"cards_transformed":["Strike_B"],"player_choice":"Change","damage_taken":0,"max_hp_gain":0,"max_hp_loss":0,"event_name":"Living Wall","floor":7,"gold_loss":0,"cards_obtained":["All For One"]},{"damage_healed":0,"gold_gain":30,"player_choice":"Searched \u00272\u0027 times","damage_taken":0,"max_hp_gain":0,"max_hp_loss":0,"event_name":"Dead Adventurer","floor":10,"gold_loss":0},{"damage_healed":0,"gold_gain":175,"player_choice":"AGREE","damage_taken":0,"max_hp_gain":0,"max_hp_loss":0,"event_name":"Liars Game","floor":11,"gold_loss":0,"cards_obtained":["Doubt"]},{"damage_healed":0,"gold_gain":0,"cards_transformed":["Strike_B"],"player_choice":"Transformed","damage_taken":0,"max_hp_gain":0,"max_hp_loss":0,"event_name":"Transmorgrifier","floor":19,"gold_loss":0,"cards_obtained":["Cold Snap"]},{"damage_healed":0,"gold_gain":0,"cards_transformed":["Strike_B","Defend_B"],"player_choice":"Became Test Subject","damage_taken":0,"max_hp_gain":0,"max_hp_loss":0,"event_name":"Drug Dealer","floor":20,"gold_loss":0,"cards_obtained":["Aggregate","Defragment"]},{"damage_healed":0,"gold_gain":0,"player_choice":"Ignored","damage_taken":0,"max_hp_gain":0,"max_hp_loss":0,"event_name":"Cursed Tome","floor":22,"gold_loss":0},{"damage_healed":0,"gold_gain":0,"player_choice":"Read","damage_taken":0,"max_hp_gain":0,"max_hp_loss":0,"event_name":"The Library","floor":24,"gold_loss":0,"cards_obtained":["Defragment"]},{"cards_removed":["Injury"],"damage_healed":0,"gold_gain":0,"player_choice":"Removed Curses","damage_taken":0,"max_hp_gain":0,"max_hp_loss":0,"event_name":"Fountain of Cleansing","floor":25,"gold_loss":0},{"damage_healed":0,"gold_gain":0,"player_choice":"Simplicity","damage_taken":0,"max_hp_gain":0,"max_hp_loss":0,"event_name":"Back to Basics","floor":28,"gold_loss":0,"cards_upgraded":["Defend_B","Defend_B","Defend_B"]},{"damage_healed":0,"gold_gain":0,"player_choice":"Copied","damage_taken":0,"max_hp_gain":0,"max_hp_loss":0,"event_name":"Duplicator","floor":36,"gold_loss":0,"cards_obtained":["Defragment"]},{"damage_healed":0,"gold_gain":0,"player_choice":"Fight","damage_taken":0,"max_hp_gain":0,"max_hp_loss":0,"event_name":"Mysterious Sphere","floor":45,"gold_loss":0},{"damage_healed":0,"gold_gain":0,"player_choice":"Memory 1","damage_taken":0,"max_hp_gain":0,"max_hp_loss":0,"event_name":"SensoryStone","floor":47,"gold_loss":0},{"damage_healed":0,"gold_gain":0,"player_choice":"Fight","damage_taken":0,"max_hp_gain":0,"max_hp_loss":0,"event_name":"MindBloom","floor":48,"gold_loss":0}],"is_beta":true,"boss_relics":[{"not_picked":["Calling Bell","Orrery"],"picked":"Inserter"},{"not_picked":["Snecko Eye","Philosopher\u0027s Stone"],"picked":"Runic Pyramid"}],"items_purged_floors":[21],"is_endless":false,"potions_floor_spawned":[12,13,14,16,33,37,41,48],"ascension_level":6}