{"gold_per_floor":[114,124,144,163,179,179,199,199,199,199,232,259,139,155,155,251,251,267,285,295,309,325,325,355,367,367,367,384,404,404,424,424,525,525,544,64,78,95,0,0,34,49,49,78,91,91,91,110,110,110],"floor_reached":51,"playtime":2587,"items_purged":[],"score":1462,"play_id":"80ab9520-8d5f-4864-b6fc-07e434fecc06","local_time":"20190713174858","daily_mods":["Draft","Hoarder","Vintage"],"is_ascension_mode":true,"campfire_choices":[{"data":"Gash","floor":6,"key":"SMITH"},{"floor":10,"key":"REST"},{"data":"Gash","floor":15,"key":"SMITH"},{"data":"Gash","floor":23,"key":"SMITH"},{"data":"Gash","floor":30,"key":"SMITH"},{"data":"Gash","floor":32,"key":"SMITH"},{"data":"Gash","floor":40,"key":"SMITH"},{"floor":49,"key":"REST"}],"neow_cost":"","seed_source_timestamp":0,"circlet_count":0,"master_deck":["Chill+1","Chill+1","Chill+1","Darkness+1","Darkness+1","Darkness+1","Go for the Eyes+1","Go for the Eyes+1","Go for the Eyes+1","Hologram+1","Hologram+1","Hologram+1","Defragment+1","Defragment+1","Defragment+1","Darkness+1","Darkness+1","Darkness+1","Steam+1","Steam+1","Steam+1","Beam Cell+1","Beam Cell+1","Beam Cell+1","Go for the Eyes+1","Go for the Eyes+1","Go for the Eyes+1","Steam+1","Steam+1","Steam+1","Gash+1","Gash+1","Gash+1","Gash+1","Gash+1","Gash+1","Conserve Battery+1","Conserve Battery+1","Conserve Battery+1","Gash+1","Gash+1","Gash+1","Gash+1","Gash+1","Gash+1","All For One+1","All For One+1","All For One+1","Go for the Eyes+1","Go for the Eyes+1","Go for the Eyes+1","Melter+1","Melter+1","Melter+1","Undo+1","Undo+1","Undo+1","Electrodynamics+1","Electrodynamics+1","Tempest+1","Tempest+1","Tempest+1","Chaos+1","Chaos+1","Chaos+1","Rip and Tear+1","Rip and Tear+1","Rip and Tear+1","Barrage+1","Barrage+1","Barrage+1","Gash+1","Gash+1","Gash+1"],"relics":["Cracked Core","Lantern","Dodecahedron","FossilizedHelix","The Courier","Cables","Bottled Lightning","Ice Cream","Emotion Chip","Odd Mushroom","Unceasing Top","Orrery","Orichalcum","Pen Nib","Ancient Tea Set","Bag of Marbles","Vajra","Frozen Egg 2","Omamori","Anchor","PreservedInsect","Pear","Letter Opener","Astrolabe","Toxic Egg 2","Potion Belt","Singing Bowl","Strange Spoon","Sundial","Centennial Puzzle","Red Mask","Meat on the Bone","Ornamental Fan","Torii","Thread and Needle","Mark of the Bloom","Question Card"],"potions_floor_usage":[4,20,29,44],"damage_taken":[{"damage":0,"enemies":"2 Louse","floor":1,"turns":3},{"damage":0,"enemies":"Cultist","floor":2,"turns":4},{"damage":9,"enemies":"Jaw Worm","floor":3,"turns":2},{"damage":0,"enemies":"2 Fungi Beasts","floor":4,"turns":3},{"damage":0,"enemies":"Blue Slaver","floor":5,"turns":3},{"damage":0,"enemies":"Red Slaver","floor":7,"turns":3},{"damage":11,"enemies":"Lagavulin","floor":11,"turns":5},{"damage":0,"enemies":"The Mushroom Lair","floor":12,"turns":4},{"damage":0,"enemies":"3 Louse","floor":14,"turns":3},{"damage":0,"enemies":"Slime Boss","floor":16,"turns":4},{"damage":0,"enemies":"Spheric Guardian","floor":18,"turns":1},{"damage":0,"enemies":"2 Thieves","floor":19,"turns":3},{"damage":0,"enemies":"Snecko","floor":20,"turns":3},{"damage":0,"enemies":"Sentry and Sphere","floor":21,"turns":2},{"damage":0,"enemies":"Snake Plant","floor":22,"turns":1},{"damage":0,"enemies":"Book of Stabbing","floor":24,"turns":2},{"damage":0,"enemies":"3 Cultists","floor":25,"turns":3},{"damage":0,"enemies":"Shelled Parasite and Fungi","floor":28,"turns":2},{"damage":0,"enemies":"Snecko","floor":29,"turns":3},{"damage":0,"enemies":"Chosen and Byrds","floor":31,"turns":2},{"damage":0,"enemies":"Collector","floor":33,"turns":4},{"damage":0,"enemies":"Orb Walker","floor":35,"turns":2},{"damage":0,"enemies":"3 Shapes","floor":37,"turns":1},{"damage":0,"enemies":"Maw","floor":38,"turns":4},{"damage":0,"enemies":"Reptomancer","floor":41,"turns":2},{"damage":0,"enemies":"Jaw Worm Horde","floor":42,"turns":1},{"damage":0,"enemies":"Nemesis","floor":44,"turns":3},{"damage":0,"enemies":"Spire Growth","floor":45,"turns":3},{"damage":0,"enemies":"3 Darklings","floor":48,"turns":2},{"damage":0,"enemies":"Donu and Deca","floor":50,"turns":3}],"seed_played":"2784920036635331477","potions_obtained":[{"floor":2,"key":"Regen Potion"},{"floor":3,"key":"SteroidPotion"},{"floor":14,"key":"Strength Potion"},{"floor":19,"key":"Strength Potion"},{"floor":24,"key":"Fire Potion"},{"floor":31,"key":"Dexterity Potion"},{"floor":37,"key":"PowerPotion"},{"floor":42,"key":"Swift Potion"},{"floor":45,"key":"Swift Potion"}],"is_trial":true,"path_per_floor":["M","M","M","M","M","R","M","?","T","R","E","?","$","M","R","B",null,"M","M","M","M","M","R","E","M","T","?","M","M","R","M","R","B",null,"M","$","M","M","?","R","E","M","T","E","M","?","?","M","R","B",null],"character_chosen":"DEFECT","items_purchased":["All For One","Potion Belt","Singing Bowl","Strange Spoon"],"campfire_rested":2,"item_purchase_floors":[13,36,36,36],"current_hp_per_floor":[75,75,66,75,75,75,75,60,60,75,64,64,64,64,64,64,75,75,75,75,75,75,75,75,75,75,75,75,85,85,85,85,85,85,85,85,85,85,85,85,85,85,85,87,87,87,87,87,87,87],"gold":110,"neow_bonus":"","is_prod":false,"is_daily":false,"chose_seed":false,"campfire_upgraded":6,"win_rate":0,"timestamp":1563054538,"path_taken":["M","M","M","M","M","R","M","?","T","R","E","?","$","M","R","BOSS","M","M","M","M","M","R","E","M","T","?","M","?","R","M","R","BOSS","M","$","M","M","?","R","E","M","T","E","M","?","?","?","R","BOSS"],"build_version":"2019-07-05","purchased_purges":0,"victory":true,"max_hp_per_floor":[75,75,75,75,75,75,75,75,75,75,75,75,75,75,75,75,75,75,75,75,75,75,75,75,75,75,75,75,85,85,85,85,85,85,85,85,85,85,85,85,85,85,85,87,87,87,97,97,97,97],"card_choices":[{"not_picked":["Conserve Battery","Compile Driver"],"picked":"Chill","floor":0},{"not_picked":["Rebound","Undo"],"picked":"Darkness","floor":0},{"not_picked":["Rebound","Leap"],"picked":"Go for the Eyes","floor":0},{"not_picked":["Redo","Compile Driver"],"picked":"Hologram","floor":0},{"not_picked":["Steam Power","Hello World"],"picked":"Cold Snap","floor":0},{"not_picked":["Turbo","Leap"],"picked":"Defragment","floor":0},{"not_picked":["Hello World","Redo"],"picked":"Darkness","floor":0},{"not_picked":["Hologram","Coolheaded"],"picked":"Steam","floor":0},{"not_picked":["Storm","Barrage"],"picked":"Beam Cell","floor":0},{"not_picked":["Stack","Cold Snap"],"picked":"Go for the Eyes","floor":0},{"not_picked":["Reinforced Body","Static Discharge"],"picked":"Steam","floor":0},{"not_picked":["Beam Cell","Scrape"],"picked":"Gash","floor":0},{"not_picked":["Leap","Reinforced Body"],"picked":"Gash","floor":0},{"not_picked":["Stack","Leap"],"picked":"Conserve Battery","floor":0},{"not_picked":["Cold Snap","Barrage"],"picked":"Gash","floor":0},{"not_picked":["Coolheaded","Recycle","White Noise"],"picked":"SKIP","floor":11},{"not_picked":["Redo","Turbo"],"picked":"Gash","floor":12},{"not_picked":["Auto Shields","Compile Driver"],"picked":"Go for the Eyes","floor":17},{"not_picked":["Steam","Hologram"],"picked":"Melter","floor":17},{"not_picked":["Defragment","Conserve Battery"],"picked":"Undo","floor":17},{"not_picked":["Rebound","Heatsinks"],"picked":"Electrodynamics","floor":24},{"not_picked":["Amplify+1","Storm+1"],"picked":"Gash+1","floor":41},{"not_picked":["Rebound","Steam+1","Barrage"],"picked":"Singing Bowl","floor":44}],"player_experience":544852,"relics_obtained":[{"floor":1,"key":"Lantern"},{"floor":2,"key":"Dodecahedron"},{"floor":3,"key":"FossilizedHelix"},{"floor":4,"key":"The Courier"},{"floor":5,"key":"Cables"},{"floor":7,"key":"Bottled Lightning"},{"floor":9,"key":"Ice Cream"},{"floor":11,"key":"Emotion Chip"},{"floor":12,"key":"Odd Mushroom"},{"floor":14,"key":"Unceasing Top"},{"floor":18,"key":"Orichalcum"},{"floor":19,"key":"Pen Nib"},{"floor":20,"key":"Ancient Tea Set"},{"floor":21,"key":"Bag of Marbles"},{"floor":22,"key":"Vajra"},{"floor":24,"key":"Frozen Egg 2"},{"floor":25,"key":"Omamori"},{"floor":26,"key":"Anchor"},{"floor":28,"key":"PreservedInsect"},{"floor":29,"key":"Pear"},{"floor":31,"key":"Letter Opener"},{"floor":35,"key":"Toxic Egg 2"},{"floor":37,"key":"Sundial"},{"floor":38,"key":"Centennial Puzzle"},{"floor":41,"key":"Meat on the Bone"},{"floor":42,"key":"Ornamental Fan"},{"floor":43,"key":"Torii"},{"floor":45,"key":"Thread and Needle"},{"floor":48,"key":"Question Card"}],"event_choices":[{"damage_healed":0,"gold_gain":0,"player_choice":"Entered Light","damage_taken":15,"max_hp_gain":0,"max_hp_loss":0,"event_name":"Shining Light","floor":8,"gold_loss":0,"cards_upgraded":["Go for the Eyes","Defragment"]},{"damage_healed":0,"gold_gain":0,"player_choice":"Fought Mushrooms","damage_taken":0,"max_hp_gain":0,"max_hp_loss":0,"event_name":"Mushrooms","floor":12,"gold_loss":0},{"damage_healed":0,"gold_gain":0,"player_choice":"1 cards matched","damage_taken":0,"max_hp_gain":0,"max_hp_loss":0,"event_name":"Match and Keep!","floor":27,"gold_loss":0,"cards_obtained":["Tempest"]},{"damage_healed":0,"gold_gain":0,"player_choice":"Paid","damage_taken":0,"relics_obtained":["Red Mask"],"max_hp_gain":0,"max_hp_loss":0,"event_name":"Tomb of Lord Red Mask","floor":39,"gold_loss":95},{"damage_healed":0,"gold_gain":0,"player_choice":"Upgrade","damage_taken":0,"relics_obtained":["Mark of the Bloom"],"max_hp_gain":0,"max_hp_loss":0,"event_name":"MindBloom","floor":46,"gold_loss":0,"cards_upgraded":["Chill","Chill","Chill","Darkness","Darkness","Darkness","Go for the Eyes","Go for the Eyes","Go for the Eyes","Hologram","Hologram","Hologram","Defragment","Defragment","Darkness","Darkness","Darkness","Steam","Steam","Steam","Beam Cell","Beam Cell","Beam Cell","Go for the Eyes","Go for the Eyes","Steam","Steam","Steam","Gash","Conserve Battery","Conserve Battery","Conserve Battery","Gash","Gash","Gash","Gash","Gash","All For One","All For One","All For One","Go for the Eyes","Go for the Eyes","Go for the Eyes","Melter","Melter","Melter","Undo","Undo","Undo","Tempest","Tempest","Tempest"]},{"cards_removed":["Electrodynamics"],"damage_healed":0,"gold_gain":0,"player_choice":"Offered Rare","damage_taken":0,"max_hp_gain":10,"max_hp_loss":0,"event_name":"Bonfire Elementals","floor":47,"gold_loss":0}],"is_beta":false,"boss_relics":[{"not_picked":["Calling Bell","Snecko Eye"],"picked":"Orrery"},{"not_picked":["Fusion Hammer","Sozu"],"picked":"Astrolabe"}],"items_purged_floors":[],"is_endless":false,"potions_floor_spawned":[2,3,14,19,24,28,31,37,42,45,48],"ascension_level":4}