{"gold_per_floor":[111,111,32,107,282,315,315,331,361,77,112,112,123,137,137,236,236,253,253,74,74,85,110,122,149,161,173,198,210,232,275,287,398,410,442,472,27,39,39,69,69,69,69,87,115,134,154,173,173,173],"floor_reached":50,"playtime":2207,"items_purged":[],"score":998,"play_id":"f0fd6198-13ab-44f4-aec6-8f6bdc1ab97a","local_time":"20190709220624","is_ascension_mode":true,"campfire_choices":[{"data":"Metallicize","floor":7,"key":"SMITH"},{"data":"Apotheosis","floor":15,"key":"SMITH"},{"data":"Juggernaut","floor":24,"key":"SMITH"},{"floor":29,"key":"REST"},{"data":"Shockwave","floor":32,"key":"SMITH"},{"floor":41,"key":"REST"},{"floor":49,"key":"REST"}],"neow_cost":"NONE","seed_source_timestamp":1210960094998900,"circlet_count":0,"master_deck":["AscendersBane","Defend_R","Defend_R","Defend_R","Defend_R","Anger","Metallicize+1","Iron Wave","Iron Wave","Apotheosis+1","Blind","Whirlwind","Shrug It Off","Reaper","Juggernaut+1","Dual Wield","Body Slam+1","Thunderclap","Pummel+1","Clothesline","Bite","Bite","Bite","Bite","Bite","Shockwave+1","Seeing Red","Cleave+1","Limit Break","Seeing Red","Spot Weakness+1","Barricade","Panacea","Shrug It Off","Madness","Madness","Heavy Blade","Havoc","Exhume","Headbutt","Intimidate"],"relics":["Burning Blood","NeowsBlessing","Orichalcum","Tiny Chest","Bronze Scales","Cursed Key","MutagenicStrength","PreservedInsect","MawBank","Mummified Hand","Fusion Hammer","Thread and Needle","Red Skull","Letter Opener"],"potions_floor_usage":[28,33,44,45,48,50],"damage_taken":[{"damage":0,"enemies":"2 Louse","floor":1,"turns":1},{"damage":0,"enemies":"3 Sentries","floor":6,"turns":2},{"damage":0,"enemies":"Small Slimes","floor":8,"turns":1},{"damage":17,"enemies":"Gremlin Nob","floor":11,"turns":6},{"damage":4,"enemies":"Jaw Worm","floor":13,"turns":4},{"damage":0,"enemies":"3 Louse","floor":14,"turns":1},{"damage":41,"enemies":"Slime Boss","floor":16,"turns":14},{"damage":7,"enemies":"Shell Parasite","floor":18,"turns":4},{"damage":10,"enemies":"Chosen","floor":22,"turns":6},{"damage":8,"enemies":"Gremlin Leader","floor":23,"turns":6},{"damage":10,"enemies":"3 Cultists","floor":25,"turns":4},{"damage":42,"enemies":"Cultist and Chosen","floor":28,"turns":7},{"damage":14,"enemies":"Centurion and Healer","floor":30,"turns":4},{"damage":22,"enemies":"Book of Stabbing","floor":31,"turns":5},{"damage":9,"enemies":"Champ","floor":33,"turns":7},{"damage":9,"enemies":"Orb Walker","floor":35,"turns":3},{"damage":29,"enemies":"3 Shapes","floor":36,"turns":3},{"damage":0,"enemies":"3 Darklings","floor":38,"turns":2},{"damage":16,"enemies":"Giant Head","floor":40,"turns":7},{"damage":0,"enemies":"Jaw Worm Horde","floor":44,"turns":2},{"damage":46,"enemies":"Reptomancer","floor":45,"turns":5},{"damage":8,"enemies":"Sphere and 2 Shapes","floor":46,"turns":5},{"damage":20,"enemies":"4 Shapes","floor":47,"turns":2},{"damage":18,"enemies":"Transient","floor":48,"turns":5},{"damage":71,"enemies":"Donu and Deca","floor":50,"turns":4}],"seed_played":"-1943416510013914857","potions_obtained":[{"floor":6,"key":"SpeedPotion"},{"floor":8,"key":"BloodPotion"},{"floor":16,"key":"Dexterity Potion"},{"floor":31,"key":"PowerPotion"},{"floor":33,"key":"Fire Potion"},{"floor":44,"key":"Ancient Potion"},{"floor":46,"key":"Regen Potion"}],"is_trial":false,"path_per_floor":["M","?","$","?","?","E","R","M","T","$","E","?","M","M","R","B",null,"M","?","$","?","M","E","R","M","T","?","M","R","M","E","R","B",null,"M","M","$","M","?","E","R","?","T","M","E","M","M","M","R","B"],"character_chosen":"IRONCLAD","items_purchased":["Metallicize","Apotheosis","Blind","PreservedInsect","Body Slam","Barricade","Thread and Needle","Panacea"],"campfire_rested":3,"item_purchase_floors":[3,10,10,20,20,37,37,37],"current_hp_per_floor":[78,71,71,60,60,66,66,72,72,72,61,61,63,69,69,44,71,70,70,70,70,73,80,80,76,76,56,26,42,50,49,49,56,56,56,45,45,53,46,46,56,56,56,56,34,40,26,56,56,0],"gold":173,"neow_bonus":"THREE_ENEMY_KILL","is_prod":false,"is_daily":false,"chose_seed":false,"campfire_upgraded":4,"win_rate":0,"timestamp":1562724384,"path_taken":["M","?","$","?","?","E","R","M","T","?","E","?","?","M","R","BOSS","M","?","$","?","?","E","R","M","T","?","M","R","M","E","R","BOSS","M","M","$","M","?","E","R","?","T","M","E","M","M","?","R","BOSS"],"build_version":"2019-07-05","purchased_purges":0,"victory":false,"max_hp_per_floor":[80,80,80,80,80,80,80,80,80,80,80,80,80,80,80,80,80,80,80,80,80,80,80,80,80,80,56,56,56,56,56,56,56,56,56,56,56,56,56,56,56,56,56,56,56,56,56,56,56,56],"card_choices":[{"not_picked":["Heavy Blade","Havoc"],"picked":"Anger","floor":1},{"not_picked":["Blood for Blood","Feel No Pain"],"picked":"Iron Wave","floor":6},{"not_picked":["Sentinel","Body Slam"],"picked":"Iron Wave","floor":8},{"not_picked":["Rupture","Cleave"],"picked":"Whirlwind","floor":11},{"not_picked":["Feel No Pain","Anger"],"picked":"Shrug It Off","floor":13},{"not_picked":["True Grit","Heavy Blade"],"picked":"Reaper","floor":14},{"not_picked":["Dark Embrace","Fiend Fire"],"picked":"Juggernaut","floor":16},{"not_picked":["Pommel Strike","Havoc"],"picked":"Dual Wield","floor":18},{"not_picked":["Sword Boomerang","Iron Wave"],"picked":"Thunderclap","floor":22},{"not_picked":["Power Through","Battle Trance"],"picked":"Pummel+1","floor":23},{"not_picked":["Burning Pact","Evolve"],"picked":"Clothesline","floor":25},{"not_picked":["Dual Wield","Rupture"],"picked":"Shockwave","floor":28},{"not_picked":["Sever Soul","Cleave"],"picked":"Seeing Red","floor":30},{"not_picked":["Bloodletting","True Grit"],"picked":"Cleave+1","floor":31},{"not_picked":["Reaper","Immolate"],"picked":"Limit Break","floor":33},{"not_picked":["Wild Strike","Body Slam"],"picked":"Seeing Red","floor":35},{"not_picked":["Pommel Strike+1","Searing Blow+1"],"picked":"Spot Weakness+1","floor":36},{"not_picked":["Wild Strike","Disarm"],"picked":"Shrug It Off","floor":38},{"not_picked":["Twin Strike","Perfected Strike+1"],"picked":"Heavy Blade","floor":40},{"not_picked":["Whirlwind","Twin Strike"],"picked":"Havoc","floor":44},{"not_picked":["Clash","Bloodletting"],"picked":"Exhume","floor":45},{"not_picked":["Second Wind+1","Feel No Pain","Cleave"],"picked":"SKIP","floor":46},{"not_picked":["True Grit","Body Slam"],"picked":"Headbutt","floor":47},{"not_picked":["Shockwave","Twin Strike"],"picked":"Intimidate","floor":48}],"player_experience":599184,"relics_obtained":[{"floor":6,"key":"Orichalcum"},{"floor":9,"key":"Tiny Chest"},{"floor":11,"key":"Bronze Scales"},{"floor":23,"key":"MawBank"},{"floor":31,"key":"Mummified Hand"},{"floor":40,"key":"Red Skull"},{"floor":45,"key":"Letter Opener"}],"event_choices":[{"cards_removed":["Bash"],"damage_healed":0,"gold_gain":0,"player_choice":"Card Removal","damage_taken":7,"max_hp_gain":0,"max_hp_loss":0,"event_name":"Golden Wing","floor":2,"gold_loss":0},{"damage_healed":0,"gold_gain":75,"player_choice":"Gather Gold","damage_taken":11,"max_hp_gain":0,"max_hp_loss":0,"event_name":"World of Goop","floor":4,"gold_loss":0},{"damage_healed":0,"gold_gain":175,"player_choice":"AGREE","damage_taken":0,"max_hp_gain":0,"max_hp_loss":0,"event_name":"Liars Game","floor":5,"gold_loss":0,"cards_obtained":["Doubt"]},{"cards_removed":["Doubt"],"damage_healed":0,"gold_gain":0,"player_choice":"Card Removal","damage_taken":0,"max_hp_gain":0,"max_hp_loss":0,"event_name":"Wheel of Change","floor":12,"gold_loss":0},{"damage_healed":0,"gold_gain":0,"player_choice":"Inject Mutagens","damage_taken":0,"relics_obtained":["MutagenicStrength"],"max_hp_gain":0,"max_hp_loss":0,"event_name":"Drug Dealer","floor":19,"gold_loss":0},{"damage_healed":0,"gold_gain":0,"player_choice":"Upgraded","damage_taken":0,"max_hp_gain":0,"max_hp_loss":0,"event_name":"Upgrade Shrine","floor":21,"gold_loss":0,"cards_upgraded":["Body Slam"]},{"damage_healed":0,"gold_gain":0,"player_choice":"Became a vampire","damage_taken":0,"max_hp_gain":0,"max_hp_loss":24,"event_name":"Vampires","floor":27,"gold_loss":0,"cards_obtained":["Bite","Bite","Bite","Bite","Bite"]},{"damage_healed":0,"gold_gain":0,"player_choice":"Embrace Madness","damage_taken":7,"max_hp_gain":0,"max_hp_loss":0,"event_name":"Winding Halls","floor":39,"gold_loss":0,"cards_obtained":["Madness","Madness"]},{"damage_healed":0,"gold_gain":0,"player_choice":"Ignored","damage_taken":0,"max_hp_gain":0,"max_hp_loss":0,"event_name":"Purifier","floor":42,"gold_loss":0}],"is_beta":false,"boss_relics":[{"not_picked":["Runic Cube","Coffee Dripper"],"picked":"Cursed Key"},{"not_picked":["Sozu","Calling Bell"],"picked":"Fusion Hammer"}],"items_purged_floors":[],"is_endless":false,"potions_floor_spawned":[6,8,14,16,18,23,31,33,35,44,46,47],"killed_by":"Donu and Deca","ascension_level":12}