{"gold_per_floor":[116,291,306,33,44,102,116,142,169,180,34,63,84,6,6,107,107,126,226,226,243,72,103,115,142,154,193,205,217],"floor_reached":29,"playtime":2043,"items_purged":["Doubt","Defend_R","Defend_R"],"score":296,"play_id":"e5fdecfc-62dd-4a4c-a84a-b7381615d58d","local_time":"20190724205816","is_ascension_mode":false,"campfire_choices":[{"floor":15,"key":"REST"}],"neow_cost":"NONE","seed_source_timestamp":3016501095670300,"circlet_count":0,"master_deck":["Strike_R","Strike_R","Strike_R","Strike_R","Strike_R","Defend_R","Defend_R","Bash","Armaments","Inflame+1","Shrug It Off","Auto Shields","Sweeping Beam","Heavy Blade","Clothesline","Conserve Battery","Seeing Red","Feel No Pain","Reaper","Shrug It Off+1","Dropkick","Armaments","Terror","Seeing Red+1","Swift Strike"],"relics":["Burning Blood","NeowsBlessing","PrismaticShard","Tiny Chest","Boot","Oddly Smooth Stone","Juzu Bracelet","Odd Mushroom","Snecko Eye","MawBank","The Courier","Kunai","Regal Pillow"],"potions_floor_usage":[6,10,16,23,23],"damage_taken":[{"damage":0,"enemies":"Small Slimes","floor":1,"turns":1},{"damage":0,"enemies":"Jaw Worm","floor":3,"turns":1},{"damage":0,"enemies":"Cultist","floor":5,"turns":1},{"damage":29,"enemies":"Gremlin Nob","floor":6,"turns":5},{"damage":1,"enemies":"2 Fungi Beasts","floor":7,"turns":6},{"damage":6,"enemies":"Lots of Slimes","floor":10,"turns":2},{"damage":24,"enemies":"3 Sentries","floor":12,"turns":8},{"damage":23,"enemies":"The Mushroom Lair","floor":13,"turns":6},{"damage":47,"enemies":"Hexaghost","floor":16,"turns":13},{"damage":0,"enemies":"Chosen","floor":18,"turns":5},{"damage":7,"enemies":"Shell Parasite","floor":21,"turns":7},{"damage":0,"enemies":"Gremlin Leader","floor":23,"turns":6},{"damage":13,"enemies":"Snake Plant","floor":25,"turns":6},{"damage":58,"enemies":"Slavers","floor":27,"turns":9},{"damage":69,"enemies":"Gremlin Leader","floor":29,"turns":7}],"seed_played":"-8031873622092676587","potions_obtained":[{"floor":1,"key":"FearPotion"},{"floor":5,"key":"Explosive Potion"},{"floor":12,"key":"Strength Potion"},{"floor":16,"key":"Explosive Potion"},{"floor":18,"key":"SkillPotion"},{"floor":27,"key":"Ancient Potion"}],"is_trial":false,"path_per_floor":["M","?","M","$","M","E","M","T","T","M","$","E","?","$","R","B",null,"M","?","?","M","$","E","T","M","T","E","?","E"],"character_chosen":"IRONCLAD","items_purchased":["PrismaticShard","Clothesline","Feel No Pain","Armaments"],"campfire_rested":1,"item_purchase_floors":[4,11,14,22],"current_hp_per_floor":[80,80,80,80,80,57,62,62,62,62,62,44,27,27,51,10,80,80,80,80,79,79,80,80,77,77,40,40,0],"gold":217,"neow_bonus":"THREE_ENEMY_KILL","is_prod":false,"is_daily":false,"chose_seed":false,"campfire_upgraded":0,"win_rate":0.0,"timestamp":1564027096,"path_taken":["M","?","M","$","M","E","M","?","T","M","?","E","?","$","R","BOSS","M","?","?","M","$","E","?","M","T","E","?","E"],"build_version":"2019-07-17","purchased_purges":3,"victory":false,"max_hp_per_floor":[80,80,80,80,80,80,80,80,80,80,80,80,80,80,80,80,80,80,80,80,80,80,80,80,80,80,80,80,80],"card_choices":[{"not_picked":["Dropkick","True Grit"],"picked":"Armaments","floor":1},{"not_picked":["Sever Soul","Clothesline"],"picked":"Inflame","floor":3},{"not_picked":["Steam","Cold Snap"],"picked":"Shrug It Off","floor":5},{"not_picked":["Flying Knee","Undo"],"picked":"Auto Shields","floor":6},{"not_picked":["Aggregate","Rebound"],"picked":"Sweeping Beam","floor":7},{"not_picked":["Redo","Prepared"],"picked":"Heavy Blade","floor":10},{"not_picked":["Sweeping Beam","Ghostly Armor"],"picked":"Conserve Battery","floor":12},{"not_picked":["Sucker Punch","Clothesline"],"picked":"Seeing Red","floor":13},{"not_picked":["Night Terror","Metamorphosis"],"picked":"Reaper","floor":16},{"not_picked":["Deflect","Body Slam"],"picked":"Shrug It Off+1","floor":18},{"not_picked":["Go for the Eyes","Steam Power"],"picked":"Dropkick","floor":21},{"not_picked":["Forethought","Power Through","Concentrate+1"],"picked":"SKIP","floor":23},{"not_picked":["Slice","Distraction"],"picked":"Terror","floor":25},{"not_picked":["Battle Trance","Deflect"],"picked":"Seeing Red+1","floor":27}],"player_experience":72108,"relics_obtained":[{"floor":6,"key":"Tiny Chest"},{"floor":8,"key":"Boot"},{"floor":9,"key":"Oddly Smooth Stone"},{"floor":12,"key":"Juzu Bracelet"},{"floor":13,"key":"Odd Mushroom"},{"floor":23,"key":"MawBank"},{"floor":24,"key":"The Courier"},{"floor":26,"key":"Kunai"},{"floor":27,"key":"Regal Pillow"}],"event_choices":[{"damage_healed":0,"gold_gain":175,"player_choice":"AGREE","damage_taken":0,"max_hp_gain":0,"max_hp_loss":0,"event_name":"Liars Game","floor":2,"gold_loss":0,"cards_obtained":["Doubt"]},{"damage_healed":0,"gold_gain":0,"player_choice":"Fought Mushrooms","damage_taken":0,"max_hp_gain":0,"max_hp_loss":0,"event_name":"Mushrooms","floor":13,"gold_loss":0},{"damage_healed":0,"gold_gain":100,"player_choice":"Pray","damage_taken":0,"max_hp_gain":0,"max_hp_loss":0,"event_name":"Golden Shrine","floor":19,"gold_loss":0},{"damage_healed":0,"gold_gain":0,"player_choice":"Upgraded","damage_taken":0,"max_hp_gain":0,"max_hp_loss":0,"event_name":"Upgrade Shrine","floor":20,"gold_loss":0,"cards_upgraded":["Inflame"]},{"damage_healed":0,"gold_gain":0,"player_choice":"1 cards matched","damage_taken":0,"max_hp_gain":0,"max_hp_loss":0,"event_name":"Match and Keep!","floor":28,"gold_loss":0,"cards_obtained":["Swift Strike"]}],"is_beta":false,"boss_relics":[{"not_picked":["Sozu","Runic Dome"],"picked":"Snecko Eye"}],"items_purged_floors":[4,11,22],"is_endless":false,"potions_floor_spawned":[1,5,12,16,18,27],"killed_by":"Gremlin Leader","ascension_level":0}