{"gold_per_floor":[114,114,129,129,54,54,71,97,97,97,116,127,127,143,143,220,220,240,252,252,165,242,275,275,287,287,287,300,311,361,411,411,411],"floor_reached":33,"playtime":1251,"items_purged":[],"score":488,"play_id":"53dbcb10-87c0-49b4-b0a4-86d54c3bde50","local_time":"20190205154241","is_ascension_mode":true,"campfire_choices":[{"data":"Loop","floor":6.0,"key":"SMITH"},{"data":"Force Field","floor":13.0,"key":"SMITH"},{"data":"Melter","floor":15.0,"key":"SMITH"},{"floor":24.0,"key":"REST"},{"data":"1","floor":27.0,"key":"LIFT"},{"floor":32,"key":"REST"}],"neow_cost":"NONE","seed_source_timestamp":611144401898743,"circlet_count":0,"master_deck":["AscendersBane","Strike_B","Defend_B","Defend_B","Defend_B","Defend_B","Zap+1","Dualcast","Self Repair","Force Field+1","Loop+1","Cold Snap","Gash","Gash","Leap","Melter+1","Rainbow","Sweeping Beam","Loop","Defragment+1","Steam Power+1"],"special_seed":0,"relics":["Cracked Core","Odd Mushroom","Darkstone Periapt","Ornamental Fan","Busted Crown","SsserpentHead","Omamori","Anchor","Girya","WarpedTongs"],"potions_floor_usage":[33],"damage_taken":[{"damage":0.0,"enemies":"Small Slimes","floor":1.0,"turns":3.0},{"damage":1.0,"enemies":"Cultist","floor":3.0,"turns":3.0},{"damage":3.0,"enemies":"2 Louse","floor":7.0,"turns":2.0},{"damage":27.0,"enemies":"The Mushroom Lair","floor":8.0,"turns":5.0},{"damage":4.0,"enemies":"Large Slime","floor":11.0,"turns":4.0},{"damage":11.0,"enemies":"Gremlin Gang","floor":12.0,"turns":4.0},{"damage":10.0,"enemies":"Exordium Thugs","floor":14.0,"turns":6.0},{"damage":20.0,"enemies":"Slime Boss","floor":16.0,"turns":8.0},{"damage":0.0,"enemies":"Spheric Guardian","floor":18.0,"turns":3.0},{"damage":2.0,"enemies":"Chosen","floor":19.0,"turns":5.0},{"damage":47.0,"enemies":"Gremlin Leader","floor":23.0,"turns":9.0},{"damage":10.0,"enemies":"Snake Plant","floor":25.0,"turns":4.0},{"damage":1.0,"enemies":"Chosen and Byrds","floor":28.0,"turns":5.0},{"damage":5.0,"enemies":"Sentry and Sphere","floor":29.0,"turns":5.0},{"damage":44,"enemies":"Colosseum Slavers","floor":30,"turns":5},{"damage":66,"enemies":"Collector","floor":33,"turns":9}],"seed_played":"-7014810783710179876","potions_obtained":[{"floor":7.0,"key":"Poison Potion"},{"floor":8.0,"key":"Regen Potion"},{"floor":12.0,"key":"PowerPotion"},{"floor":16.0,"key":"Ancient Potion"},{"floor":19.0,"key":"GamblersBrew"},{"floor":29.0,"key":"EssenceOfSteel"}],"is_trial":false,"path_per_floor":["M","?","M","?","?","R","M","?","T","T","M","M","R","M","R","B",null,"M","M","?","$","T","E","R","M","T","R","M","M","?","?","R","B"],"character_chosen":"DEFECT","items_purchased":["Loop"],"campfire_rested":2,"item_purchase_floors":[21],"current_hp_per_floor":[71,71,71,64,64,64,68,48,48,48,51,59,59,56,56,43,64,71,71,71,71,71,31,52,49,49,49,55,57,20,20,41,0],"gold":411,"neow_bonus":"TRANSFORM_CARD","is_prod":false,"is_daily":false,"chose_seed":false,"campfire_upgraded":3,"win_rate":0,"timestamp":1549399361,"path_taken":["M","?","?","?","?","R","M","?","T","?","M","?","R","M","R","BOSS","M","M","?","$","?","E","R","M","T","R","M","M","?","?","R","BOSS"],"build_version":"2019-01-23","purchased_purges":0,"victory":false,"max_hp_per_floor":[71,71,71,71,71,71,71,71,71,71,71,71,71,71,71,71,71,71,71,71,71,71,71,71,71,71,71,71,71,71,71,71,71],"card_choices":[{"not_picked":["Turbo","Steam"],"picked":"Force Field","floor":1.0},{"not_picked":["FTL","Conserve Battery"],"picked":"Loop","floor":3.0},{"not_picked":["Redo","Leap"],"picked":"Cold Snap","floor":7.0},{"not_picked":["Double Energy","Steam"],"picked":"Gash","floor":8.0},{"not_picked":["Ball Lightning","Beam Cell"],"picked":"Gash","floor":11.0},{"not_picked":["Redo","Hyperbeam"],"picked":"Leap","floor":12.0},{"not_picked":["Redo","Leap"],"picked":"Melter","floor":14.0},{"not_picked":["Thunder Strike","Multi-Cast"],"picked":"Rainbow","floor":16.0},{"not_picked":["Turbo"],"picked":"SKIP","floor":18.0},{"not_picked":[],"picked":"Sweeping Beam","floor":19.0},{"not_picked":["Reprogram"],"picked":"SKIP","floor":23.0},{"not_picked":[],"picked":"Defragment+1","floor":25.0},{"not_picked":["Rebound"],"picked":"SKIP","floor":28.0},{"not_picked":["Steam Power+1"],"picked":"SKIP","floor":29.0},{"not_picked":[],"picked":"Steam Power+1","floor":29.0}],"player_experience":916425,"relics_obtained":[{"floor":8.0,"key":"Odd Mushroom"},{"floor":9.0,"key":"Darkstone Periapt"},{"floor":10.0,"key":"Ornamental Fan"},{"floor":22.0,"key":"Omamori"},{"floor":23.0,"key":"Anchor"},{"floor":26.0,"key":"Girya"}],"event_choices":[{"damage_healed":0.0,"max_hp_gain":0.0,"max_hp_loss":0.0,"gold_gain":0.0,"event_name":"Upgrade Shrine","player_choice":"Upgraded","floor":2.0,"gold_loss":0.0,"damage_taken":0.0,"cards_upgraded":["Zap"]},{"cards_removed":["Strike_B"],"damage_healed":0.0,"max_hp_gain":0.0,"max_hp_loss":0.0,"gold_gain":0.0,"event_name":"Golden Wing","player_choice":"Card Removal","floor":4.0,"gold_loss":0.0,"damage_taken":7.0},{"cards_removed":["Strike_B"],"damage_healed":0.0,"max_hp_gain":0.0,"max_hp_loss":0.0,"gold_gain":0.0,"event_name":"The Cleric","player_choice":"Card Removal","floor":5.0,"gold_loss":75.0,"damage_taken":0.0},{"damage_healed":0.0,"max_hp_gain":0.0,"max_hp_loss":0.0,"gold_gain":0.0,"event_name":"Mushrooms","player_choice":"Fought Mushrooms","floor":8.0,"gold_loss":0.0,"damage_taken":0.0},{"damage_healed":0.0,"max_hp_gain":0.0,"max_hp_loss":0.0,"gold_gain":0.0,"event_name":"FaceTrader","player_choice":"Trade","floor":20.0,"gold_loss":0.0,"damage_taken":0.0,"relics_obtained":["SsserpentHead"]},{"damage_healed":0,"gold_gain":0,"player_choice":"Fight","damage_taken":0,"max_hp_gain":0,"max_hp_loss":0,"event_name":"Colosseum","floor":30,"gold_loss":0},{"damage_healed":0,"gold_gain":0,"player_choice":"Fled From Nobs","damage_taken":0,"max_hp_gain":0,"max_hp_loss":0,"event_name":"Colosseum","floor":30,"gold_loss":0},{"damage_healed":0,"gold_gain":0,"player_choice":"Rummage","damage_taken":0,"relics_obtained":["WarpedTongs"],"max_hp_gain":0,"max_hp_loss":0,"event_name":"Accursed Blacksmith","floor":31,"gold_loss":0,"cards_obtained":["Pain"]}],"is_beta":true,"boss_relics":[{"not_picked":["Philosopher\u0027s Stone","Orrery"],"picked":"Busted Crown"}],"items_purged_floors":[],"is_endless":false,"potions_floor_spawned":[7,8,11,12,16,19,29,30],"killed_by":"Collector","ascension_level":18}