{"gold_per_floor":[109,109,122,142,161,161,191,221,221,221,221,234,245,256,256,355,355,365,383,383,383,125,125,125,189,243,271,284,284,295,320,320,422,422,433,447,447,1446,494,540,555,117,141,155,184,184,184,184,184,184],"floor_reached":51,"playtime":4599,"items_purged":[],"score":860,"play_id":"25d405e5-c650-4daa-8c1c-dbedb13de15e","local_time":"20190620192639","is_ascension_mode":false,"campfire_choices":[{"data":"Slice","floor":6.0,"key":"SMITH"},{"floor":11.0,"key":"REST"},{"floor":15.0,"key":"REST"},{"floor":23.0,"key":"REST"},{"floor":29,"key":"REST"},{"floor":32,"key":"REST"},{"data":"Blade Dance","floor":46,"key":"SMITH"},{"floor":49,"key":"REST"}],"neow_cost":"NONE","seed_source_timestamp":0,"circlet_count":0,"master_deck":["Defend_G+1","Defend_G+1","Defend_G+1","Defend_G+1","Defend_G+1","Strike_G+1","Strike_G+1","Strike_G+1","Strike_G+1","Strike_G+1","Survivor","Neutralize","Infinite Blades+1","Slice+1","Bane","Infinite Blades+1","Accuracy+1","Blade Dance+1","After Image+1","Backflip+1","Cloak And Dagger","After Image+1","Footwork+1","Cloak And Dagger","Cloak And Dagger+1","Blur+1","Corpse Explosion","Caltrops+1","Crippling Poison+1","Noxious Fumes+1","Catalyst","Sadistic Nature+1","Accuracy+1","Bane+1","Accuracy+1","Good Instincts","Dagger Spray+1","Cloak And Dagger+1","Deadly Poison+1","Dark Shackles"],"special_seed":0,"relics":["Black Star","Frozen Egg 2","Molten Egg 2","Odd Mushroom","Gremlin Horn","Sozu","Enchiridion","Matryoshka","Ancient Tea Set","Tiny Chest","Centennial Puzzle","Omamori","Anchor","Torii","Mummified Hand","Bottled Lightning","Lizard Tail","Shuriken","Blood Vial","Sling","Pocketwatch","Mercury Hourglass","Vajra","Bag of Preparation","Meat on the Bone","Ornamental Fan"],"potions_floor_usage":[50],"damage_taken":[{"damage":0.0,"enemies":"Small Slimes","floor":1.0,"turns":6.0},{"damage":1.0,"enemies":"Cultist","floor":3.0,"turns":4.0},{"damage":6.0,"enemies":"Jaw Worm","floor":4.0,"turns":5.0},{"damage":7.0,"enemies":"Large Slime","floor":5.0,"turns":7.0},{"damage":18.0,"enemies":"3 Sentries","floor":7.0,"turns":9.0},{"damage":16.0,"enemies":"The Mushroom Lair","floor":8.0,"turns":6.0},{"damage":3.0,"enemies":"Exordium Wildlife","floor":12.0,"turns":3.0},{"damage":12.0,"enemies":"Looter","floor":13.0,"turns":3.0},{"damage":16.0,"enemies":"Large Slime","floor":14.0,"turns":4.0},{"damage":47.0,"enemies":"The Guardian","floor":16.0,"turns":13.0},{"damage":14.0,"enemies":"2 Thieves","floor":18.0,"turns":4.0},{"damage":9.0,"enemies":"Chosen","floor":19.0,"turns":3.0},{"damage":17.0,"enemies":"Book of Stabbing","floor":25.0,"turns":5.0},{"damage":28.0,"enemies":"Slavers","floor":27.0,"turns":7.0},{"damage":0,"enemies":"Centurion and Healer","floor":28,"turns":4},{"damage":0,"enemies":"3 Cultists","floor":30,"turns":5},{"damage":0,"enemies":"Gremlin Leader","floor":31,"turns":5},{"damage":8,"enemies":"Automaton","floor":33,"turns":10},{"damage":9,"enemies":"3 Darklings","floor":35,"turns":4},{"damage":0,"enemies":"Orb Walker","floor":36,"turns":3},{"damage":0,"enemies":"2 Orb Walkers","floor":40,"turns":5},{"damage":9,"enemies":"Jaw Worm Horde","floor":41,"turns":3},{"damage":20,"enemies":"3 Darklings","floor":44,"turns":3},{"damage":0,"enemies":"Giant Head","floor":45,"turns":6},{"damage":32,"enemies":"Time Eater","floor":50,"turns":7}],"seed_played":"-3417017568200247404","potions_obtained":[{"floor":1.0,"key":"GamblersBrew"},{"floor":8.0,"key":"PowerPotion"},{"floor":12.0,"key":"Regen Potion"},{"floor":14.0,"key":"PowerPotion"},{"floor":16.0,"key":"FearPotion"}],"is_trial":false,"path_per_floor":["M","?","M","M","M","R","E","?","T","?","R","M","M","M","R","B",null,"M","M","?","?","$","R","?","E","T","E","M","R","M","E","R","B",null,"M","M","?","?","$","?","M","$","T","M","E","R","?","$","R","B",null],"character_chosen":"THE_SILENT","items_purchased":["Matryoshka","Shuriken","Blood Vial","Sling","Noxious Fumes+1","Catalyst","Sadistic Nature+1","Mercury Hourglass","Accuracy+1","Good Instincts","Dagger Spray+1"],"campfire_rested":6,"item_purchase_floors":[22,39,39,39,39,39,39,42,42,42,42],"current_hp_per_floor":[70,70,69,63,56,56,38,22,22,22,43,40,28,12,33,1,70,56,47,47,31,31,52,70,53,53,25,25,46,46,46,67,59,70,61,61,61,61,61,63,56,56,56,38,40,40,40,40,61,43],"gold":184,"neow_bonus":"BOSS_RELIC","is_prod":false,"is_daily":false,"chose_seed":false,"campfire_upgraded":2,"win_rate":0.0,"timestamp":1561076799,"path_taken":["M","?","M","?","?","R","E","?","T","?","R","M","M","?","R","BOSS","M","M","?","?","?","R","?","E","T","E","M","R","M","E","R","BOSS","M","M","?","?","$","?","M","$","T","M","E","R","?","$","R","BOSS"],"build_version":"2019-01-23","purchased_purges":0,"victory":true,"max_hp_per_floor":[70,70,70,70,70,70,70,70,70,70,70,70,70,70,70,70,70,70,70,70,70,70,70,70,70,70,70,70,70,70,70,70,70,70,70,70,70,70,70,70,70,70,70,70,70,70,70,70,70,70],"card_choices":[{"not_picked":["Finisher","Dodge and Roll"],"picked":"Infinite Blades","floor":1.0},{"not_picked":["Dodge and Roll","Bane"],"picked":"Slice","floor":3.0},{"not_picked":["Acrobatics","Prepared"],"picked":"Backflip","floor":4.0},{"not_picked":["Quick Slash","Dagger Throw"],"picked":"Bane","floor":5.0},{"not_picked":["Eviscerate","PiercingWail","Unload"],"picked":"SKIP","floor":7.0},{"not_picked":["Cloak And Dagger","Bane+1"],"picked":"Infinite Blades+1","floor":12.0},{"not_picked":["Bane+1","Dagger Spray+1"],"picked":"Accuracy+1","floor":13.0},{"not_picked":["Underhanded Strike+1","Acrobatics"],"picked":"Blade Dance","floor":14.0},{"not_picked":["Tools of the Trade+1","Burst"],"picked":"After Image+1","floor":16.0},{"not_picked":["Sucker Punch+1","Reflex"],"picked":"Backflip+1","floor":18.0},{"not_picked":["Quick Slash+1","Catalyst"],"picked":"Cloak And Dagger","floor":19.0},{"not_picked":["Deadly Poison","Prepared"],"picked":"After Image+1","floor":25.0},{"not_picked":["Calculated Gamble","Distraction"],"picked":"Footwork+1","floor":27.0},{"not_picked":["Dagger Spray+1","Sucker Punch+1"],"picked":"Cloak And Dagger","floor":28},{"not_picked":["Underhanded Strike+1","Well Laid Plans+1"],"picked":"Cloak And Dagger+1","floor":30},{"not_picked":["Acrobatics","Dagger Spray+1"],"picked":"Blur+1","floor":31},{"not_picked":["Storm of Steel","Bullet Time"],"picked":"Corpse Explosion","floor":33},{"not_picked":["Quick Slash+1","Masterful Stab+1"],"picked":"Caltrops+1","floor":35},{"not_picked":["Flechettes+1","Bane+1"],"picked":"Crippling Poison+1","floor":36},{"not_picked":["Quick Slash+1","Dodge and Roll"],"picked":"Accuracy+1","floor":40},{"not_picked":["PiercingWail+1","Flying Knee+1"],"picked":"Bane+1","floor":41},{"not_picked":["Dodge and Roll+1","Heel Hook+1"],"picked":"Cloak And Dagger+1","floor":44},{"not_picked":["Dagger Spray+1","Reflex"],"picked":"Deadly Poison+1","floor":45},{"not_picked":["Deep Breath","Purity"],"picked":"Dark Shackles","floor":47}],"player_experience":59788,"relics_obtained":[{"floor":7.0,"key":"Frozen Egg 2"},{"floor":7.0,"key":"Molten Egg 2"},{"floor":8.0,"key":"Odd Mushroom"},{"floor":9.0,"key":"Gremlin Horn"},{"floor":21.0,"key":"Enchiridion"},{"floor":25.0,"key":"Ancient Tea Set"},{"floor":25.0,"key":"Tiny Chest"},{"floor":26.0,"key":"Centennial Puzzle"},{"floor":26.0,"key":"Omamori"},{"floor":27.0,"key":"Anchor"},{"floor":27.0,"key":"Torii"},{"floor":31,"key":"Mummified Hand"},{"floor":31,"key":"Bottled Lightning"},{"floor":40,"key":"Pocketwatch"},{"floor":43,"key":"Vajra"},{"floor":43,"key":"Bag of Preparation"},{"floor":45,"key":"Meat on the Bone"},{"floor":45,"key":"Ornamental Fan"}],"event_choices":[{"damage_healed":0.0,"max_hp_gain":0.0,"max_hp_loss":0.0,"gold_gain":0.0,"event_name":"Accursed Blacksmith","player_choice":"Forge","floor":2.0,"gold_loss":0.0,"damage_taken":0.0,"cards_upgraded":["Infinite Blades"]},{"damage_healed":0.0,"max_hp_gain":0.0,"max_hp_loss":0.0,"gold_gain":0.0,"event_name":"Mushrooms","player_choice":"Fought Mushrooms","floor":8.0,"gold_loss":0.0,"damage_taken":0.0},{"cards_removed":["Backflip"],"damage_healed":0.0,"max_hp_gain":0.0,"max_hp_loss":0.0,"gold_gain":0.0,"event_name":"Purifier","player_choice":"Purged","floor":10.0,"gold_loss":0.0,"damage_taken":0.0},{"damage_healed":0.0,"max_hp_gain":0.0,"max_hp_loss":0.0,"gold_gain":0.0,"event_name":"Back to Basics","player_choice":"Simplicity","floor":20.0,"gold_loss":0.0,"damage_taken":0.0,"cards_upgraded":["Defend_G","Defend_G","Defend_G","Defend_G","Defend_G","Strike_G","Strike_G","Strike_G","Strike_G","Strike_G"]},{"damage_healed":0.0,"max_hp_gain":0.0,"max_hp_loss":0.0,"gold_gain":0.0,"event_name":"Cursed Tome","player_choice":"Obtained Book","floor":21.0,"gold_loss":0.0,"damage_taken":16.0},{"damage_healed":23.0,"max_hp_gain":0.0,"max_hp_loss":0.0,"gold_gain":0.0,"event_name":"The Library","player_choice":"Heal","floor":24.0,"gold_loss":0.0,"damage_taken":0.0},{"damage_healed":0,"gold_gain":0,"player_choice":"Ignored","damage_taken":0,"max_hp_gain":0,"max_hp_loss":0,"event_name":"Tomb of Lord Red Mask","floor":37,"gold_loss":0},{"damage_healed":0,"gold_gain":999,"player_choice":"Gold","damage_taken":0,"max_hp_gain":0,"max_hp_loss":0,"event_name":"MindBloom","floor":38,"gold_loss":0,"cards_obtained":["Normality","Normality"]},{"damage_healed":0,"gold_gain":0,"player_choice":"Fight","damage_taken":0,"max_hp_gain":0,"max_hp_loss":0,"event_name":"Mysterious Sphere","floor":40,"gold_loss":0},{"damage_healed":0,"gold_gain":0,"player_choice":"Memory 1","damage_taken":0,"max_hp_gain":0,"max_hp_loss":0,"event_name":"SensoryStone","floor":47,"gold_loss":0}],"is_beta":false,"boss_relics":[{"not_picked":["Velvet Choker","Tiny House"],"picked":"Sozu"},{"not_picked":["Astrolabe","Eternal Feather"],"picked":"Lizard Tail"}],"items_purged_floors":[],"is_endless":false,"potions_floor_spawned":[1,8,12,14,16,25,28,30,31,36,40,44,45],"ascension_level":0}