{"gold_per_floor":[118,137,117,128,146,146,146,158,158,171,171,190,200,121,121,221,221,233,249,249,259,174,174,61,61,61,77,77,28,74,91,91,91],"floor_reached":33,"playtime":2869,"items_purged":[],"score":265,"play_id":"331c3c4e-69c5-4bd2-82d5-c14d9e3a2462","local_time":"20190705000418","is_ascension_mode":true,"campfire_choices":[{"data":"Zap","floor":6,"key":"SMITH"},{"data":"Auto Shields","floor":15,"key":"SMITH"},{"data":"Blizzard","floor":23,"key":"SMITH"},{"data":"Forethought","floor":25,"key":"SMITH"},{"data":"Barrage","floor":32,"key":"SMITH"}],"neow_cost":"NONE","seed_source_timestamp":0,"circlet_count":0,"master_deck":["Strike_B+1","Strike_B+1","Strike_B+1","Strike_B+1","Defend_B+1","Defend_B+1","Defend_B+1","Defend_B+1","Zap+1","Dualcast","Dramatic Entrance","Consume","Redo","Conserve Battery","Capacitor","Rebound","Hologram","Blizzard+1","Auto Shields+1","Cold Snap","Hologram","Redo","FTL","Glacier","Cold Snap","Leap","Forethought+1","Barrage+1","Necronomicurse","Streamline"],"special_seed":0,"relics":["Cracked Core","Incense Burner","Thread and Needle","Orrery","Mercury Hourglass","Kunai","Necronomicon","Happy Flower"],"potions_floor_usage":[3,10,13,18,19,21,21,21,21,33,33],"damage_taken":[{"damage":2.0,"enemies":"Jaw Worm","floor":1.0,"turns":4.0},{"damage":1.0,"enemies":"Cultist","floor":2.0,"turns":3.0},{"damage":0,"enemies":"Small Slimes","floor":4,"turns":2},{"damage":0,"enemies":"3 Louse","floor":5,"turns":3},{"damage":1,"enemies":"Exordium Thugs","floor":8,"turns":3},{"damage":0,"enemies":"Blue Slaver","floor":10,"turns":2},{"damage":0,"enemies":"3 Louse","floor":12,"turns":2},{"damage":4,"enemies":"Large Slime","floor":13,"turns":6},{"damage":48,"enemies":"Hexaghost","floor":16,"turns":11},{"damage":0,"enemies":"Shell Parasite","floor":18,"turns":7},{"damage":6,"enemies":"3 Byrds","floor":19,"turns":5},{"damage":0,"enemies":"Snake Plant","floor":21,"turns":5},{"damage":0,"enemies":"Shelled Parasite and Fungi","floor":27,"turns":8},{"damage":19,"enemies":"Centurion and Healer","floor":31,"turns":7},{"damage":64,"enemies":"Champ","floor":33,"turns":13}],"seed_played":"7384857756755358589","potions_obtained":[{"floor":1.0,"key":"PowerPotion"},{"floor":2.0,"key":"Explosive Potion"},{"floor":3,"key":"Fruit Juice"},{"floor":10,"key":"FocusPotion"},{"floor":11,"key":"EntropicBrew"},{"floor":16,"key":"SteroidPotion"},{"floor":18,"key":"Weak Potion"},{"floor":31,"key":"Fire Potion"}],"is_trial":false,"path_per_floor":["M","M","?","M","M","R","?","M","T","M","?","M","M","$","R","B",null,"M","M","?","M","?","R","$","R","T","M","?","$","T","M","R","B"],"character_chosen":"DEFECT","items_purchased":["Auto Shields","Leap","Forethought","Streamline"],"campfire_rested":0,"item_purchase_floors":[14,24,24,29],"current_hp_per_floor":[73,72,77,77,77,77,77,76,76,76,76,76,72,72,72,24,80,80,74,74,74,74,74,74,74,74,74,58,58,58,39,39,0],"gold":91,"neow_bonus":"RANDOM_COLORLESS","is_prod":false,"is_daily":false,"chose_seed":false,"campfire_upgraded":5,"win_rate":0,"timestamp":1562299458,"path_taken":["M","M","?","?","M","R","?","M","T","M","?","?","M","?","R","BOSS","M","M","?","M","?","R","$","R","T","M","?","$","?","M","R","BOSS"],"build_version":"2019-07-01","purchased_purges":0,"victory":false,"max_hp_per_floor":[75,75,80,80,80,80,80,80,80,80,80,80,80,80,80,80,80,80,80,80,80,80,80,80,80,80,80,80,80,80,80,80,80],"card_choices":[{"not_picked":["Darkness","Beam Cell"],"picked":"Consume","floor":1.0},{"not_picked":["Sweeping Beam","Gash"],"picked":"Redo","floor":2.0},{"not_picked":["Barrage","Turbo"],"picked":"Conserve Battery","floor":4},{"not_picked":["Core Surge","Genetic Algorithm"],"picked":"Capacitor","floor":5},{"not_picked":["Cold Snap","Undo"],"picked":"Rebound","floor":8},{"not_picked":["Sunder","Streamline"],"picked":"Hologram","floor":10},{"not_picked":["Turbo","Doom and Gloom"],"picked":"Blizzard","floor":12},{"not_picked":["Chaos","Turbo","Stack"],"picked":"SKIP","floor":13},{"not_picked":["Stack","Skim"],"picked":"Cold Snap","floor":17},{"not_picked":["Ball Lightning","Rebound"],"picked":"Hologram","floor":17},{"not_picked":["Consume","Turbo"],"picked":"Redo","floor":17},{"not_picked":["Scrape","Rip and Tear"],"picked":"FTL","floor":17},{"not_picked":["Scrape","Ball Lightning"],"picked":"Glacier","floor":17},{"not_picked":["Stack","Storm","Skim"],"picked":"SKIP","floor":18},{"not_picked":["Conserve Battery","Leap","Undo"],"picked":"SKIP","floor":19},{"not_picked":["Turbo","Rebound+1"],"picked":"Cold Snap","floor":21},{"not_picked":["Sweeping Beam","Rip and Tear+1"],"picked":"Barrage","floor":27},{"not_picked":["Reboot","Chaos","Rebound"],"picked":"SKIP","floor":31}],"player_experience":611832,"relics_obtained":[{"floor":9,"key":"Thread and Needle"},{"floor":26,"key":"Kunai"},{"floor":28,"key":"Necronomicon"},{"floor":30,"key":"Happy Flower"}],"event_choices":[{"damage_healed":0,"gold_gain":0,"player_choice":"Bought 1 Potion","damage_taken":0,"max_hp_gain":0,"max_hp_loss":0,"event_name":"The Woman in Blue","floor":3,"gold_loss":0},{"damage_healed":0,"gold_gain":0,"player_choice":"Searched \u00272\u0027 times","damage_taken":0,"relics_obtained":["Incense Burner"],"max_hp_gain":0,"max_hp_loss":0,"event_name":"Dead Adventurer","floor":7,"gold_loss":0},{"damage_healed":0,"gold_gain":0,"player_choice":"Got Potions","damage_taken":0,"max_hp_gain":0,"max_hp_loss":0,"event_name":"Lab","floor":11,"gold_loss":0},{"damage_healed":0,"gold_gain":0,"player_choice":"Simplicity","damage_taken":0,"max_hp_gain":0,"max_hp_loss":0,"event_name":"Back to Basics","floor":20,"gold_loss":0,"cards_upgraded":["Strike_B","Strike_B","Strike_B","Strike_B","Defend_B","Defend_B","Defend_B","Defend_B"]},{"damage_healed":0,"gold_gain":0,"player_choice":"Obtained Relic","damage_taken":0,"relics_obtained":["Mercury Hourglass"],"max_hp_gain":0,"max_hp_loss":0,"event_name":"Addict","floor":22,"gold_loss":85},{"damage_healed":0,"gold_gain":0,"player_choice":"Obtained Book","damage_taken":16,"max_hp_gain":0,"max_hp_loss":0,"event_name":"Cursed Tome","floor":28,"gold_loss":0}],"is_beta":false,"boss_relics":[{"not_picked":["Runic Dome","Tiny House"],"picked":"Orrery"}],"items_purged_floors":[],"is_endless":false,"potions_floor_spawned":[1,2,10,16,18,31],"killed_by":"Champ","ascension_level":2}