{"gold_per_floor":[212,111,111,76,90,122,122,177,177,177,191,209,209,7,7,109,109,121,36,36,48,58,58,58,93,93,93,103,103,122,47,47,47],"floor_reached":33,"playtime":2074,"items_purged":["Strike_R"],"score":408,"play_id":"a27c0789-73e3-4b16-922f-da0a2e8945ef","local_time":"20190102034734","is_ascension_mode":true,"campfire_choices":[{"data":"Flame Barrier","floor":7.0,"key":"SMITH"},{"floor":10.0,"key":"REST"},{"floor":13.0,"key":"DIG"},{"floor":15.0,"key":"DIG"},{"floor":24.0,"key":"DIG"},{"floor":27.0,"key":"DIG"},{"floor":29.0,"key":"DIG"},{"floor":32.0,"key":"DIG"}],"neow_cost":"NONE","seed_source_timestamp":140726603375417,"circlet_count":0,"master_deck":["AscendersBane","Strike_R","Strike_R","Strike_R","Defend_R","Defend_R","Defend_R","Defend_R","Bash","Iron Wave","Shrug It Off","Inflame","Flame Barrier+1","Metallicize","Battle Trance","Shockwave","Limit Break","Dual Wield","Metallicize","Clothesline+1","Rage","Shockwave+1"],"special_seed":0,"relics":["Burning Blood","Centennial Puzzle","Letter Opener","Shovel","Omamori","Bag of Marbles","Medical Kit","FossilizedHelix","Eternal Feather","Pocketwatch","MutagenicStrength","Dodecahedron","Mercury Hourglass","Question Card","Mummified Hand","Regal Pillow","Ancient Tea Set"],"potions_floor_usage":[],"damage_taken":[{"damage":7.0,"enemies":"Jaw Worm","floor":1.0,"turns":5.0},{"damage":6.0,"enemies":"2 Louse","floor":5.0,"turns":4.0},{"damage":35.0,"enemies":"3 Sentries","floor":6.0,"turns":11.0},{"damage":28.0,"enemies":"Lagavulin Event","floor":8.0,"turns":8.0},{"damage":10.0,"enemies":"Small Slimes","floor":11.0,"turns":6.0},{"damage":0.0,"enemies":"2 Fungi Beasts","floor":12.0,"turns":5.0},{"damage":12.0,"enemies":"Slime Boss","floor":16.0,"turns":11.0},{"damage":9.0,"enemies":"Shell Parasite","floor":18.0,"turns":16.0},{"damage":23.0,"enemies":"Chosen","floor":21.0,"turns":8.0},{"damage":7.0,"enemies":"Shelled Parasite and Fungi","floor":22.0,"turns":12.0},{"damage":41.0,"enemies":"Book of Stabbing","floor":25.0,"turns":11.0},{"damage":13.0,"enemies":"Centurion and Healer","floor":28.0,"turns":8.0},{"damage":0.0,"enemies":"Chosen and Byrds","floor":30.0,"turns":5.0},{"damage":0,"enemies":"Collector","floor":33,"turns":2}],"seed_played":"5048739108892972219","potions_obtained":[{"floor":6.0,"key":"Fire Potion"},{"floor":11.0,"key":"SkillPotion"},{"floor":12.0,"key":"AttackPotion"},{"floor":16.0,"key":"Dexterity Potion"},{"floor":18.0,"key":"GamblersBrew"},{"floor":28.0,"key":"SpeedPotion"}],"is_trial":false,"path_per_floor":["M","$","?","?","M","E","R","?","T","R","M","M","R","$","R","B",null,"M","?","?","M","M","?","R","E","T","R","M","R","M","$","R","B"],"character_chosen":"IRONCLAD","items_purchased":["Shrug It Off","Inflame","Medical Kit"],"campfire_rested":1,"item_purchase_floors":[2,2,14],"current_hp_per_floor":[71,71,46,66,66,37,37,15,15,39,35,41,41,41,41,35,69,66,66,66,49,48,48,60,25,25,37,30,42,48,48,60,60],"gold":47,"neow_bonus":"HUNDRED_GOLD","is_prod":false,"is_daily":false,"chose_seed":false,"campfire_upgraded":1,"win_rate":0,"timestamp":1546418854,"path_taken":["M","$","?","?","M","E","R","?","T","R","M","M","R","$","R","BOSS","M","?","?","M","M","?","R","E","T","R","M","R","?","$","R","BOSS"],"build_version":"2019-01-01v2","purchased_purges":1,"victory":false,"max_hp_per_floor":[80,80,80,80,80,80,80,80,80,80,80,80,80,80,80,80,80,80,80,80,80,80,80,80,80,80,80,80,80,80,80,80,80],"card_choices":[{"not_picked":["Body Slam","Anger"],"picked":"Iron Wave","floor":1.0},{"not_picked":["Cleave","Spot Weakness"],"picked":"Flame Barrier","floor":5.0},{"not_picked":["Heavy Blade","Shrug It Off"],"picked":"Metallicize","floor":6.0},{"not_picked":["Reckless Charge","Havoc"],"picked":"Battle Trance","floor":8.0},{"not_picked":["Pommel Strike","Hemokinesis"],"picked":"Shockwave","floor":11.0},{"not_picked":["Havoc","Wild Strike","Body Slam"],"picked":"SKIP","floor":12.0},{"not_picked":["Double Tap","Berserk"],"picked":"Limit Break","floor":16.0},{"not_picked":["Combust","Feel No Pain"],"picked":"Dual Wield","floor":18.0},{"not_picked":["Shockwave","Havoc"],"picked":"Metallicize","floor":21.0},{"not_picked":["Armaments","Heavy Blade"],"picked":"Clothesline+1","floor":22.0},{"not_picked":["Searing Blow","Clothesline","Sword Boomerang"],"picked":"SKIP","floor":25.0},{"not_picked":["Iron Wave+1","Body Slam","Entrench"],"picked":"Rage","floor":28.0},{"not_picked":["Blood for Blood+1","Corruption","Cleave+1"],"picked":"Shockwave+1","floor":30.0}],"player_experience":727373,"relics_obtained":[{"floor":6.0,"key":"Letter Opener"},{"floor":8.0,"key":"Shovel"},{"floor":9.0,"key":"Omamori"},{"floor":13.0,"key":"Bag of Marbles"},{"floor":15.0,"key":"FossilizedHelix"},{"floor":24.0,"key":"Dodecahedron"},{"floor":25.0,"key":"Mercury Hourglass"},{"floor":26.0,"key":"Question Card"},{"floor":27.0,"key":"Mummified Hand"},{"floor":29.0,"key":"Regal Pillow"},{"floor":32.0,"key":"Ancient Tea Set"}],"event_choices":[{"damage_healed":0.0,"max_hp_gain":0.0,"max_hp_loss":0.0,"gold_gain":0.0,"event_name":"Scrap Ooze","player_choice":"Success","floor":3.0,"gold_loss":0.0,"damage_taken":25.0,"relics_obtained":["Centennial Puzzle"]},{"damage_healed":20.0,"max_hp_gain":0.0,"max_hp_loss":0.0,"gold_gain":0.0,"event_name":"The Cleric","player_choice":"Healed","floor":4.0,"gold_loss":35.0,"damage_taken":0.0},{"damage_healed":0.0,"max_hp_gain":0.0,"max_hp_loss":0.0,"gold_gain":0.0,"event_name":"Dead Adventurer","player_choice":"Searched \u00272\u0027 times","floor":8.0,"gold_loss":0.0,"damage_taken":0.0},{"damage_healed":0.0,"max_hp_gain":0.0,"max_hp_loss":0.0,"gold_gain":0.0,"event_name":"Addict","player_choice":"Obtained Relic","floor":19.0,"gold_loss":85.0,"damage_taken":0.0,"relics_obtained":["Pocketwatch"]},{"damage_healed":0.0,"max_hp_gain":0.0,"max_hp_loss":0.0,"gold_gain":0.0,"event_name":"Drug Dealer","player_choice":"Inject Mutagens","floor":20.0,"gold_loss":0.0,"damage_taken":0.0,"relics_obtained":["MutagenicStrength"]},{"cards_removed":["Strike_R"],"damage_healed":0.0,"max_hp_gain":0.0,"max_hp_loss":0.0,"gold_gain":0.0,"event_name":"Purifier","player_choice":"Purged","floor":23.0,"gold_loss":0.0,"damage_taken":0.0}],"is_beta":true,"boss_relics":[{"not_picked":["Coffee Dripper","Runic Dome"],"picked":"Eternal Feather"}],"items_purged_floors":[31],"is_endless":false,"potions_floor_spawned":[6,11,12,16,18,21,28],"killed_by":"Collector","ascension_level":11}