{"gold_per_floor":[116,129,22,38,56,88,101,117,117,146,156,191,191,206,206,303,303,317,328,58,71,71,71,101,101,154,154,168,193,211,222,222,319,319,333,353,353,364,149,481,500,500,526,526,536,536,153,153],"floor_reached":48,"playtime":2809,"items_purged":["Strike_G","Strike_G"],"score":707,"play_id":"026f0a3d-0c9d-4d74-932a-1178f0793160","local_time":"20190630230222","is_ascension_mode":true,"campfire_choices":[{"data":"Corpse Explosion","floor":13,"key":"SMITH"},{"data":"Backstab","floor":15,"key":"SMITH"},{"data":"Choke","floor":23,"key":"SMITH"},{"data":"Accuracy","floor":25,"key":"SMITH"},{"data":"Blade Dance","floor":27,"key":"SMITH"},{"data":"Accuracy","floor":32,"key":"SMITH"},{"floor":42,"key":"REST"},{"data":"Transmutation","floor":46,"key":"SMITH"}],"neow_cost":"NONE","seed_source_timestamp":681292996098600,"circlet_count":0,"master_deck":["Defend_G","Defend_G","Defend_G","Defend_G","Defend_G","Strike_G","Strike_G","Survivor","Neutralize","Cloak And Dagger","Backstab+1","Accuracy+1","Backstab","Cloak And Dagger","Slice","Corpse Explosion+1","Backstab","Blade Dance+1","Quick Slash","Endless Agony","Cloak And Dagger","Sucker Punch","Wraith Form v2","Deflect+1","Cloak And Dagger","Backstab+1","Leg Sweep","Choke+1","Endless Agony","Cloak And Dagger+1","Deflect","Accuracy+1","Adrenaline","Cloak And Dagger","Slice","Transmutation+1","Slice+1","Blade Dance+1","Accuracy"],"relics":["WristBlade","Darkstone Periapt","Incense Burner","Ancient Tea Set","Dead Branch","Philosopher\u0027s Stone","DollysMirror","Gambling Chip","Bronze Scales","Tingsha","Busted Crown","Old Coin","Boot","Sling"],"potions_floor_usage":[12,12,24,29,40,40,48,48],"damage_taken":[{"damage":0,"enemies":"Cultist","floor":1,"turns":5},{"damage":5,"enemies":"2 Louse","floor":2,"turns":2},{"damage":0,"enemies":"Small Slimes","floor":4,"turns":3},{"damage":0,"enemies":"3 Louse","floor":5,"turns":1},{"damage":12,"enemies":"Gremlin Nob","floor":6,"turns":4},{"damage":0,"enemies":"Lots of Slimes","floor":7,"turns":4},{"damage":0,"enemies":"Looter","floor":8,"turns":1},{"damage":4,"enemies":"3 Sentries","floor":10,"turns":6},{"damage":0,"enemies":"Exordium Thugs","floor":11,"turns":1},{"damage":0,"enemies":"Gremlin Nob","floor":12,"turns":3},{"damage":0,"enemies":"Blue Slaver","floor":14,"turns":1},{"damage":16,"enemies":"Hexaghost","floor":16,"turns":8},{"damage":0,"enemies":"Spheric Guardian","floor":18,"turns":1},{"damage":0,"enemies":"Shell Parasite","floor":19,"turns":1},{"damage":1,"enemies":"Snake Plant","floor":21,"turns":3},{"damage":3,"enemies":"Book of Stabbing","floor":24,"turns":4},{"damage":8,"enemies":"Cultist and Chosen","floor":28,"turns":3},{"damage":1,"enemies":"Slavers","floor":29,"turns":3},{"damage":0,"enemies":"Shelled Parasite and Fungi","floor":30,"turns":1},{"damage":0,"enemies":"Chosen and Byrds","floor":31,"turns":2},{"damage":25,"enemies":"Champ","floor":33,"turns":7},{"damage":2,"enemies":"3 Darklings","floor":35,"turns":2},{"damage":6,"enemies":"3 Shapes","floor":36,"turns":1},{"damage":0,"enemies":"Jaw Worm Horde","floor":38,"turns":2},{"damage":34,"enemies":"Nemesis","floor":40,"turns":7},{"damage":1,"enemies":"Transient","floor":41,"turns":5},{"damage":11,"enemies":"Writhing Mass","floor":45,"turns":4},{"damage":65,"enemies":"Reptomancer","floor":48,"turns":2}],"seed_played":"-1517117010684418301","potions_obtained":[{"floor":2,"key":"Regen Potion"},{"floor":7,"key":"Block Potion"},{"floor":10,"key":"Dexterity Potion"},{"floor":12,"key":"Strength Potion"},{"floor":14,"key":"GhostInAJar"},{"floor":19,"key":"PowerPotion"},{"floor":29,"key":"LiquidBronze"},{"floor":30,"key":"Weak Potion"},{"floor":41,"key":"Ancient Potion"},{"floor":44,"key":"Regen Potion"}],"is_trial":false,"path_per_floor":["M","M","$","M","M","E","M","M","T","E","M","E","R","M","R","B",null,"M","M","$","M","?","R","E","R","T","R","M","E","M","M","R","B",null,"M","M","?","M","$","E","M","R","T","?","M","R","$","E"],"character_chosen":"THE_SILENT","items_purchased":["Accuracy","Backstab","DollysMirror","Slice","Transmutation","Accuracy","Sling"],"campfire_rested":1,"item_purchase_floors":[3,3,20,39,39,47,47],"current_hp_per_floor":[70,65,65,65,65,53,53,53,53,49,49,54,54,54,54,38,70,70,70,70,69,69,69,66,66,66,66,58,57,57,57,57,32,70,68,62,62,62,62,28,27,48,48,48,37,37,37,0],"gold":153,"neow_bonus":"BOSS_RELIC","is_prod":false,"is_daily":false,"chose_seed":false,"campfire_upgraded":7,"win_rate":0,"timestamp":1561950142,"path_taken":["M","?","?","M","M","E","M","M","T","E","M","E","R","M","R","BOSS","M","M","$","M","?","R","E","R","T","R","M","E","M","M","R","BOSS","M","M","?","M","$","E","M","R","T","?","?","R","$","E"],"build_version":"2019-01-23","purchased_purges":2,"victory":false,"max_hp_per_floor":[70,70,70,70,70,70,70,70,70,70,70,70,70,70,70,70,70,70,70,70,70,70,70,70,70,70,70,70,70,70,70,70,70,70,70,70,70,70,70,70,70,70,70,70,70,70,70,70],"card_choices":[{"not_picked":["Sucker Punch","Concentrate"],"picked":"Cloak And Dagger","floor":1},{"not_picked":["Dodge and Roll","Terror"],"picked":"Backstab","floor":2},{"not_picked":["Noxious Fumes","Poisoned Stab"],"picked":"Cloak And Dagger","floor":4},{"not_picked":["Dagger Spray","Sucker Punch"],"picked":"Slice","floor":5},{"not_picked":["Reflex","Riddle With Holes"],"picked":"Corpse Explosion","floor":6},{"not_picked":["Quick Slash","Sucker Punch"],"picked":"Backstab","floor":7},{"not_picked":["Bane","Infinite Blades"],"picked":"Blade Dance","floor":8},{"not_picked":["After Image","Escape Plan"],"picked":"Quick Slash","floor":10},{"not_picked":["Poisoned Stab","Acrobatics"],"picked":"Endless Agony","floor":11},{"not_picked":["Finisher","Footwork"],"picked":"Cloak And Dagger","floor":12},{"not_picked":["Flying Knee","Quick Slash"],"picked":"Sucker Punch","floor":14},{"not_picked":["Malaise","Grand Finale"],"picked":"Wraith Form v2","floor":16},{"not_picked":["Terror","Quick Slash"],"picked":"Deflect+1","floor":18},{"not_picked":["Deadly Poison","Dagger Spray+1"],"picked":"Cloak And Dagger","floor":19},{"not_picked":["Cloak And Dagger","Deflect"],"picked":"Leg Sweep","floor":21},{"not_picked":["Sucker Punch","Escape Plan+1"],"picked":"Endless Agony","floor":24},{"not_picked":["Flying Knee+1","Dagger Throw","Underhanded Strike+1"],"picked":"SKIP","floor":28},{"not_picked":["Dash+1","Dagger Spray"],"picked":"Cloak And Dagger+1","floor":29},{"not_picked":["Concentrate+1","Grand Finale"],"picked":"Deflect","floor":30},{"not_picked":["Poisoned Stab","Dagger Throw"],"picked":"Accuracy","floor":31},{"not_picked":["Unload","Die Die Die"],"picked":"Adrenaline","floor":33},{"not_picked":[],"picked":"Cloak And Dagger","floor":35},{"not_picked":["Bane"],"picked":"SKIP","floor":36},{"not_picked":["All Out Attack"],"picked":"SKIP","floor":38},{"not_picked":[],"picked":"Slice+1","floor":40},{"not_picked":["PiercingWail"],"picked":"SKIP","floor":41},{"not_picked":[],"picked":"Blade Dance+1","floor":45}],"player_experience":540578,"relics_obtained":[{"floor":6,"key":"Darkstone Periapt"},{"floor":9,"key":"Incense Burner"},{"floor":10,"key":"Ancient Tea Set"},{"floor":12,"key":"Dead Branch"},{"floor":24,"key":"Gambling Chip"},{"floor":26,"key":"Bronze Scales"},{"floor":29,"key":"Tingsha"},{"floor":40,"key":"Old Coin"},{"floor":43,"key":"Boot"}],"event_choices":[{"damage_healed":0,"gold_gain":0,"cards_transformed":["Strike_G"],"player_choice":"Transformed","damage_taken":0,"max_hp_gain":0,"max_hp_loss":0,"event_name":"Transmorgrifier","floor":22,"gold_loss":0,"cards_obtained":["Choke"]},{"damage_healed":0,"gold_gain":0,"player_choice":"Ignored","damage_taken":0,"max_hp_gain":0,"max_hp_loss":0,"event_name":"Tomb of Lord Red Mask","floor":37,"gold_loss":0},{"damage_healed":0,"gold_gain":0,"player_choice":"Got Potions","damage_taken":0,"max_hp_gain":0,"max_hp_loss":0,"event_name":"Lab","floor":44,"gold_loss":0}],"is_beta":false,"boss_relics":[{"not_picked":["Cursed Key","Tiny House"],"picked":"Philosopher\u0027s Stone"},{"not_picked":["Snecko Eye","Sozu"],"picked":"Busted Crown"}],"items_purged_floors":[20,47],"is_endless":false,"potions_floor_spawned":[2,7,10,11,12,14,16,19,29,30,31,33,35,41,45],"killed_by":"Reptomancer","ascension_level":1}