{"path_per_floor":["M","?","$","?","M","R","M","E","T","?","M","M","$","T","R","B",null,"M","?","M","$","?","M","E","M","T","M","M","?","R","M","R"],"character_chosen":"IRONCLAD","items_purchased":["Warcry","Lee\u0027s Waffle","Toy Ornithopter"],"gold_per_floor":[109,59,36,211,226,226,240,266,266,329,348,363,96,96,96,198,198,214,214,233,26,26,42,74,91,116,126,136,136,136,147,147],"floor_reached":33,"campfire_rested":2,"playtime":2958,"current_hp_per_floor":[76,76,76,76,80,80,79,55,55,17,17,22,87,87,87,75,87,87,70,74,74,74,64,14,20,20,45,32,32,59,14,41],"items_purged":["Doubt"],"gold":147,"score":269,"play_id":"12be4269-228b-4997-93e7-c03a56640522","is_prod":false,"is_daily":false,"is_ascension_mode":false,"campfire_upgraded":1,"path_taken":["M","?","$","?","M","R","M","E","T","?","M","?","?","?","R","BOSS","M","?","?","$","?","M","E","M","T","M","?","?","R","M","R","BOSS"],"build_version":"2018-02-08-PROD1","purchased_purges":1,"victory":false,"master_deck":["Strike_R","Strike_R","Strike_R","Defend_R","Defend_R","Defend_R","Defend_R","Bash","Clash","Warcry","Armaments+1","Metallicize","Battle Trance","Burning Pact","Juggernaut","Iron Wave","Shockwave","Flame Barrier+1"],"max_hp_per_floor":[80,80,80,80,80,80,80,80,80,80,80,80,87,87,87,87,87,87,92,92,92,92,92,92,92,92,92,92,92,92,92,92],"relics":["Burning Blood","Omamori","Girya","Lantern","Lee\u0027s Waffle","Thread and Needle","Lizard Tail","Toy Ornithopter","Red Skull","Pen Nib"],"card_choices":[{"not_picked":["Anger","Disarm"],"picked":"Clash"},{"not_picked":["Intimidate","Sword Boomerang"],"picked":"Armaments"},{"not_picked":["Cleave","Twin Strike"],"picked":"Metallicize"},{"not_picked":["Berserk","Infernal Blade"],"picked":"Battle Trance"},{"not_picked":["Clothesline","Warcry"],"picked":"Burning Pact"},{"not_picked":["Fiend Fire","Demon Form"],"picked":"Juggernaut"},{"not_picked":["Clothesline","Flex"],"picked":"Iron Wave"},{"not_picked":["Reaper","Combust"],"picked":"Flame Barrier"}],"player_experience":59802,"potions_floor_usage":[8,16,24,24,24,25,33],"damage_taken":[{"damage":10,"enemies":"Jaw Worm","floor":1,"turns":5},{"damage":0,"enemies":"2 Louse","floor":5,"turns":2},{"damage":7,"enemies":"Blue Slaver","floor":7,"turns":4},{"damage":30,"enemies":"Gremlin Nob","floor":8,"turns":6},{"damage":44,"enemies":"Lagavulin Event","floor":10,"turns":11},{"damage":6,"enemies":"Large Slime","floor":11,"turns":12},{"damage":1,"enemies":"2 Fungi Beasts","floor":12,"turns":5},{"damage":18,"enemies":"Slime Boss","floor":16,"turns":13},{"damage":6,"enemies":"2 Thieves","floor":18,"turns":5},{"damage":2,"enemies":"Shell Parasite","floor":20,"turns":10},{"damage":16,"enemies":"Sentry and Sphere","floor":23,"turns":13},{"damage":65,"enemies":"Book of Stabbing","floor":24,"turns":9},{"damage":3,"enemies":"Centurion and Healer","floor":25,"turns":10},{"damage":28,"enemies":"Snake Plant","floor":27,"turns":5},{"damage":19,"enemies":"Chosen and Byrds","floor":28,"turns":7},{"damage":51,"enemies":"Cultist and Chosen","floor":31,"turns":8},{"damage":59,"enemies":"Automaton","floor":33,"turns":6}],"event_choices":[{"event_name":"The Cleric","player_choice":"Card Removal","floor":2,"damage_taken":0},{"event_name":"Liars Game","player_choice":"agreed","floor":4,"damage_taken":0},{"event_name":"Dead Adventurer","player_choice":"Searched \u00272\u0027 times","floor":10,"damage_taken":0},{"event_name":"Forgotten Altar","player_choice":"Shed Blood","floor":19,"damage_taken":0},{"event_name":"The Library","player_choice":"Read","floor":22,"damage_taken":0},{"event_name":"Back to Basics","player_choice":"Elegance","floor":29,"damage_taken":0}],"boss_relics":[{"not_picked":["Tiny House","Orrery"],"picked":"Lizard Tail"}],"potions_floor_spawned":[5,7,11,16,20,24,28],"seed_played":"6104968634430340863","killed_by":"Automaton","ascension_level":0,"is_trial":false}