{"gold_per_floor":[114,114,129,147,147,147,224,242,242,271,271,271,298,318,318,420,420,439,143,143,143,143,173,173,202,252,282,282,309,309,309,309,413,413,431,431,1430,753,753,783,783,800,826,844,855,855,257,273,273,273,273,273,10,41,41],"floor_reached":56,"playtime":4358,"items_purged":["Normality","Normality"],"score":1500,"play_id":"6f401fce-4b0d-46c4-ab61-7a1660829274","local_time":"20181113104928","is_ascension_mode":true,"campfire_choices":[{"data":"Clothesline","floor":6,"key":"SMITH"},{"data":"Spot Weakness","floor":11,"key":"SMITH"},{"data":"Uppercut","floor":15,"key":"SMITH"},{"data":"Armaments","floor":28,"key":"SMITH"},{"data":"Flame Barrier","floor":32,"key":"SMITH"},{"floor":41,"key":"REST"},{"floor":46,"key":"RECALL"},{"floor":49,"key":"REST"},{"floor":52,"key":"REST"}],"neow_cost":"NONE","seed_source_timestamp":136412490676312,"circlet_count":0,"master_deck":["Bash","Clothesline+1","Shrug It Off","Impervious+1","Spot Weakness+1","Shrug It Off+1","Uppercut+1","Shrug It Off","Reaper","Flex","Flex+1","True Grit","Flex","Flame Barrier+1","Armaments+1","Rage","Body Slam","Shrug It Off","Seeing Red","Battle Trance+1","Shockwave","Feed","Flame Barrier+1","Entrench","Magnetism","Metallicize","Burning Pact+1"],"relics":["Burning Blood","FaceOfCleric","Pocketwatch","Odd Mushroom","Pandora\u0027s Box","War Paint","PreservedInsect","Red Skull","Matryoshka","Juzu Bracelet","Orichalcum","Anchor","Regal Pillow","Enchiridion","Kunai","Fusion Hammer","Sundial","Lee\u0027s Waffle","Bag of Marbles","Boot","Smiling Mask","Bronze Scales","Toolbox","Blood Vial","TheAbacus","Pantograph"],"potions_floor_usage":[13,23,25,35,40,48,55,55],"damage_taken":[{"damage":9,"enemies":"2 Louse","floor":1,"turns":4},{"damage":0,"enemies":"Cultist","floor":3,"turns":4},{"damage":4,"enemies":"Jaw Worm","floor":4,"turns":3},{"damage":6,"enemies":"3 Louse","floor":8,"turns":5},{"damage":19,"enemies":"3 Sentries","floor":10,"turns":9},{"damage":13,"enemies":"The Mushroom Lair","floor":13,"turns":5},{"damage":3,"enemies":"Looter","floor":14,"turns":3},{"damage":39,"enemies":"Hexaghost","floor":16,"turns":13},{"damage":9,"enemies":"Chosen","floor":18,"turns":6},{"damage":27,"enemies":"Slavers","floor":23,"turns":5},{"damage":80,"enemies":"Gremlin Leader","floor":25,"turns":11},{"damage":8,"enemies":"Slavers","floor":27,"turns":8},{"damage":4,"enemies":"Book of Stabbing","floor":29,"turns":5},{"damage":41,"enemies":"Champ","floor":33,"turns":14},{"damage":0,"enemies":"3 Shapes","floor":35,"turns":5},{"damage":74,"enemies":"Reptomancer","floor":40,"turns":10},{"damage":1,"enemies":"3 Darklings","floor":42,"turns":7},{"damage":6,"enemies":"4 Shapes","floor":44,"turns":5},{"damage":16,"enemies":"Maw","floor":45,"turns":8},{"damage":3,"enemies":"Spire Growth","floor":48,"turns":4},{"damage":26,"enemies":"Time Eater","floor":50,"turns":8},{"damage":38,"enemies":"Shield and Spear","floor":54,"turns":9},{"damage":1,"enemies":"The Heart","floor":55,"turns":9}],"seed_played":"4817818039936166248","potions_obtained":[{"floor":3,"key":"FearPotion"},{"floor":8,"key":"Fire Potion"},{"floor":13,"key":"SteroidPotion"},{"floor":14,"key":"Explosive Potion"},{"floor":23,"key":"Fruit Juice"},{"floor":33,"key":"Fire Potion"},{"floor":35,"key":"SneckoOil"},{"floor":39,"key":"Fruit Juice"},{"floor":39,"key":"Swift Potion"},{"floor":44,"key":"SkillPotion"},{"floor":48,"key":"Swift Potion"},{"floor":54,"key":"PowerPotion"}],"is_trial":false,"path_per_floor":["M","?","M","M","?","R","?","M","T","E","R","?","?","M","R","B",null,"M","$","?","?","?","E","$","E","T","E","R","E","?","?","R","B",null,"M","?","?","$","?","E","R","M","T","M","M","R","$","M","R","B",null,"R","$","E","B",null],"character_chosen":"IRONCLAD","items_purchased":["War Paint","PreservedInsect","Sundial","Lee\u0027s Waffle","Bag of Marbles","Magnetism","Toolbox","Blood Vial","Metallicize","TheAbacus"],"campfire_rested":3,"item_purchase_floors":[19,19,38,38,38,47,47,47,53,53],"current_hp_per_floor":[85,85,89,90,90,90,90,91,91,79,79,61,55,59,59,27,95,96,96,96,96,96,76,76,68,68,79,79,82,66,66,66,55,106,110,110,110,117,117,87,123,124,124,125,119,119,119,125,130,121,131,131,131,100,133],"gold":41,"neow_bonus":"TEN_PERCENT_HP_BONUS","is_prod":false,"is_daily":false,"chose_seed":false,"campfire_upgraded":5,"win_rate":0,"timestamp":1542124168,"path_taken":["M","?","?","M","?","R","?","?","T","E","R","?","?","M","R","BOSS","M","$","?","?","?","E","?","E","T","E","R","E","?","?","R","BOSS","M","?","?","$","?","E","R","M","T","M","M","R","$","M","R","BOSS","R","$","E","BOSS"],"build_version":"2018-11-12","purchased_purges":2,"victory":true,"max_hp_per_floor":[88,88,89,90,90,90,90,91,91,92,92,92,93,94,94,95,95,96,96,96,96,96,97,97,103,103,104,104,105,105,105,105,106,106,110,110,110,117,117,123,123,124,124,125,129,129,129,130,130,131,131,131,131,132,133],"card_choices":[{"not_picked":["Sentinel","Iron Wave"],"picked":"Clothesline","floor":1},{"not_picked":["Burning Pact","Havoc"],"picked":"Shrug It Off","floor":3},{"not_picked":["Pommel Strike","Infernal Blade","Wild Strike"],"picked":"SKIP","floor":4},{"not_picked":["Clash","Flex"],"picked":"Spot Weakness","floor":8},{"not_picked":["Anger","Uppercut"],"picked":"Shrug It Off","floor":10},{"not_picked":["Sword Boomerang","Armaments"],"picked":"Uppercut","floor":13},{"not_picked":["Dual Wield","Cleave"],"picked":"Shrug It Off","floor":14},{"not_picked":["Berserk","Demon Form"],"picked":"Reaper","floor":16},{"not_picked":["Headbutt","Cleave+1","Disarm"],"picked":"SKIP","floor":18},{"not_picked":["Sword Boomerang","Clothesline"],"picked":"Shrug It Off","floor":23},{"not_picked":["Power Through","Armaments+1"],"picked":"Seeing Red","floor":25},{"not_picked":["Combust","Perfected Strike"],"picked":"Battle Trance+1","floor":27},{"not_picked":["Exhume","Headbutt"],"picked":"Shockwave","floor":29},{"not_picked":["Exhume","Dark Embrace"],"picked":"Feed","floor":33},{"not_picked":["Power Through+1","Shrug It Off","Bloodletting"],"picked":"SKIP","floor":35},{"not_picked":["Uppercut+1","Body Slam"],"picked":"Flame Barrier+1","floor":40},{"not_picked":["Pommel Strike+1","Thunderclap+1","Corruption+1"],"picked":"SKIP","floor":42},{"not_picked":["Anger+1","Iron Wave","Warcry"],"picked":"SKIP","floor":44},{"not_picked":["Dropkick","Sword Boomerang+1"],"picked":"Entrench","floor":45},{"not_picked":["Cleave+1","Headbutt","Reckless Charge+1"],"picked":"SKIP","floor":48},{"not_picked":["Wild Strike+1","Fiend Fire"],"picked":"Burning Pact+1","floor":54}],"player_experience":424302,"relics_obtained":[{"floor":10,"key":"Pocketwatch"},{"floor":13,"key":"Odd Mushroom"},{"floor":23,"key":"Red Skull"},{"floor":25,"key":"Matryoshka"},{"floor":26,"key":"Juzu Bracelet"},{"floor":26,"key":"Orichalcum"},{"floor":27,"key":"Anchor"},{"floor":29,"key":"Regal Pillow"},{"floor":30,"key":"Enchiridion"},{"floor":40,"key":"Boot"},{"floor":43,"key":"Smiling Mask"},{"floor":43,"key":"Bronze Scales"},{"floor":54,"key":"Pantograph"}],"event_choices":[{"damage_healed":0,"gold_gain":0,"player_choice":"Trade","damage_taken":0,"relics_obtained":["FaceOfCleric"],"max_hp_gain":0,"max_hp_loss":0,"event_name":"FaceTrader","floor":2,"gold_loss":0},{"damage_healed":0,"gold_gain":0,"cards_transformed":["Strike_R"],"player_choice":"Change","damage_taken":0,"max_hp_gain":0,"max_hp_loss":0,"event_name":"Living Wall","floor":5,"gold_loss":0,"cards_obtained":["Impervious"]},{"damage_healed":0,"gold_gain":77,"player_choice":"Gained Gold","damage_taken":0,"max_hp_gain":0,"max_hp_loss":0,"event_name":"Golden Wing","floor":7,"gold_loss":0},{"damage_healed":0,"gold_gain":0,"player_choice":"Entered Light","damage_taken":18,"max_hp_gain":0,"max_hp_loss":0,"event_name":"Shining Light","floor":12,"gold_loss":0,"cards_upgraded":["Impervious","Defend_R"]},{"damage_healed":0,"gold_gain":0,"player_choice":"Fought Mushrooms","damage_taken":0,"max_hp_gain":0,"max_hp_loss":0,"event_name":"Mushrooms","floor":13,"gold_loss":0},{"damage_healed":0,"gold_gain":0,"player_choice":"Read","damage_taken":0,"max_hp_gain":0,"max_hp_loss":0,"event_name":"The Library","floor":20,"gold_loss":0,"cards_obtained":["Body Slam"]},{"damage_healed":0,"gold_gain":0,"player_choice":"Ignored","damage_taken":0,"max_hp_gain":0,"max_hp_loss":0,"event_name":"Vampires","floor":21,"gold_loss":0},{"cards_removed":["Twin Strike"],"damage_healed":0,"gold_gain":0,"player_choice":"Elegance","damage_taken":0,"max_hp_gain":0,"max_hp_loss":0,"event_name":"Back to Basics","floor":22,"gold_loss":0},{"damage_healed":0,"gold_gain":0,"player_choice":"Obtained Book","damage_taken":16,"max_hp_gain":0,"max_hp_loss":0,"event_name":"Cursed Tome","floor":30,"gold_loss":0},{"damage_healed":0,"gold_gain":0,"player_choice":"Opened","damage_taken":0,"relics_obtained":["Kunai"],"max_hp_gain":0,"max_hp_loss":0,"event_name":"The Mausoleum","floor":31,"gold_loss":0},{"damage_healed":0,"gold_gain":0,"player_choice":"Memory 1","damage_taken":0,"max_hp_gain":0,"max_hp_loss":0,"event_name":"SensoryStone","floor":36,"gold_loss":0},{"damage_healed":0,"gold_gain":999,"player_choice":"Gold","damage_taken":0,"max_hp_gain":0,"max_hp_loss":0,"event_name":"MindBloom","floor":37,"gold_loss":0,"cards_obtained":["Normality","Normality"]},{"damage_healed":0,"gold_gain":0,"player_choice":"Got Potions","damage_taken":0,"max_hp_gain":0,"max_hp_loss":0,"event_name":"Lab","floor":39,"gold_loss":0}],"is_beta":true,"boss_relics":[{"not_picked":["Runic Pyramid","Sozu"],"picked":"Pandora\u0027s Box"},{"not_picked":["Runic Dome","Orrery"],"picked":"Fusion Hammer"}],"items_purged_floors":[38,47],"is_endless":false,"potions_floor_spawned":[3,8,13,14,16,18,23,33,35,44,48,54],"ascension_level":2}