{"gold_per_floor":[114,134,149,196,196,196,206,206,206,206,91,101,112,38,38,115,115,85,8,25,25,44,44,56,70,70,70,80,109,109,122,122,199,199,219,90,312,312,312,312,324,359,371,398,420,48,148,148,148,148],"floor_reached":51,"playtime":3577,"items_purged":["Concentrate","Blade Dance"],"score":1321,"play_id":"01fd5154-deba-45c8-ad1b-3baaec02b2ac","local_time":"20190214160729","is_ascension_mode":true,"campfire_choices":[{"data":"Neutralize","floor":6.0,"key":"SMITH"},{"data":"Cloak And Dagger","floor":8.0,"key":"SMITH"},{"data":"Cloak And Dagger","floor":10.0,"key":"SMITH"},{"data":"Footwork","floor":15.0,"key":"SMITH"},{"data":"Burst","floor":23.0,"key":"SMITH"},{"data":"Footwork","floor":27.0,"key":"SMITH"},{"data":"Dash","floor":30.0,"key":"SMITH"},{"floor":32.0,"key":"REST"},{"data":"Noxious Fumes","floor":40.0,"key":"SMITH"},{"floor":49,"key":"REST"}],"neow_cost":"CURSE","seed_source_timestamp":0,"circlet_count":0,"master_deck":["AscendersBane","Survivor","Neutralize+1","Dagger Throw","Cloak And Dagger+1","Cloak And Dagger+1","Escape Plan","Cloak And Dagger","Well Laid Plans","Footwork+1","Crippling Poison","Dash+1","Burst+1","Crippling Poison+1","PiercingWail+1","Footwork+1","Cloak And Dagger","Footwork+1","Adrenaline","Dodge and Roll","Acrobatics","Choke","Noxious Fumes+1","Adrenaline","Skewer","Wraith Form v2","Caltrops+1","Infinite Blades","Well Laid Plans+1","Terror"],"special_seed":0,"relics":["Ring of the Snake","Incense Burner","Strawberry","Bottled Lightning","Runic Dome","Bronze Scales","Blood Vial","Red Mask","Pandora\u0027s Box","MawBank","Shuriken","Paper Crane","The Specimen","CultistMask"],"potions_floor_usage":[50],"damage_taken":[{"damage":0.0,"enemies":"Cultist","floor":1.0,"turns":4.0},{"damage":1.0,"enemies":"Small Slimes","floor":2.0,"turns":5.0},{"damage":1.0,"enemies":"Jaw Worm","floor":3.0,"turns":4.0},{"damage":0.0,"enemies":"Red Slaver","floor":7.0,"turns":3.0},{"damage":0.0,"enemies":"2 Fungi Beasts","floor":12.0,"turns":3.0},{"damage":0.0,"enemies":"Looter","floor":13.0,"turns":3.0},{"damage":0.0,"enemies":"The Guardian","floor":16.0,"turns":18.0},{"damage":4.0,"enemies":"2 Thieves","floor":18.0,"turns":4.0},{"damage":4.0,"enemies":"Shell Parasite","floor":20.0,"turns":5.0},{"damage":5.0,"enemies":"Chosen and Byrds","floor":22.0,"turns":6.0},{"damage":3.0,"enemies":"Snake Plant","floor":24.0,"turns":5.0},{"damage":0.0,"enemies":"Shelled Parasite and Fungi","floor":25.0,"turns":6.0},{"damage":8.0,"enemies":"Centurion and Healer","floor":28.0,"turns":9.0},{"damage":11.0,"enemies":"Masked Bandits","floor":29.0,"turns":4.0},{"damage":31.0,"enemies":"Cultist and Chosen","floor":31.0,"turns":8.0},{"damage":5.0,"enemies":"Champ","floor":33.0,"turns":16.0},{"damage":14.0,"enemies":"3 Darklings","floor":35.0,"turns":4.0},{"damage":5.0,"enemies":"Orb Walker","floor":41.0,"turns":4.0},{"damage":13.0,"enemies":"Giant Head","floor":42.0,"turns":10.0},{"damage":0.0,"enemies":"Jaw Worm Horde","floor":44.0,"turns":4.0},{"damage":3.0,"enemies":"Writhing Mass","floor":45.0,"turns":6.0},{"damage":0,"enemies":"Mind Bloom Boss Battle","floor":47,"turns":6},{"damage":71,"enemies":"Time Eater","floor":50,"turns":13}],"seed_played":"-5096641302113063334","potions_obtained":[{"floor":2.0,"key":"FairyPotion"},{"floor":3.0,"key":"LiquidBronze"},{"floor":20.0,"key":"Block Potion"},{"floor":24.0,"key":"Regen Potion"},{"floor":28.0,"key":"Strength Potion"},{"floor":45.0,"key":"Fire Potion"}],"is_trial":false,"path_per_floor":["M","M","M","T","?","R","M","R","T","R","$","M","M","$","R","B",null,"M","?","M","$","M","R","M","M","T","R","M","?","R","M","R","B",null,"M","$","?","?","?","R","M","E","T","M","M","$","?","?","R","B",null],"character_chosen":"THE_SILENT","items_purchased":["Cloak And Dagger","Well Laid Plans","Dash","AttackPotion","Paper Crane"],"campfire_rested":2,"item_purchase_floors":[11,11,14,36,46],"current_hp_per_floor":[59,58,57,64,57,57,57,57,57,57,57,57,57,57,57,57,69,65,65,61,61,56,56,53,68,68,68,62,53,53,24,45,42,65,53,53,53,53,53,53,50,39,39,41,40,40,42,42,63,7],"gold":148,"neow_bonus":"ONE_RARE_RELIC","is_prod":false,"is_daily":false,"chose_seed":false,"campfire_upgraded":8,"win_rate":0,"timestamp":1550178449,"path_taken":["M","M","M","?","?","R","M","R","T","R","?","M","?","$","R","BOSS","M","?","M","$","M","R","?","M","T","R","M","?","R","M","R","BOSS","M","$","?","?","?","R","M","E","T","?","M","?","?","?","R","BOSS"],"build_version":"2019-02-06","purchased_purges":2,"victory":true,"max_hp_per_floor":[66,66,66,73,73,73,73,73,73,73,73,73,73,73,73,73,73,73,73,73,73,73,73,73,73,73,73,73,73,73,73,73,73,73,73,73,73,73,73,73,73,73,73,73,73,73,73,73,73,73],"card_choices":[{"not_picked":["Backflip","Dagger Spray"],"picked":"Dagger Throw","floor":1.0},{"not_picked":["Flying Knee","Expertise"],"picked":"Cloak And Dagger","floor":2.0},{"not_picked":["Predator","Quick Slash"],"picked":"Cloak And Dagger","floor":3.0},{"not_picked":["Cloak And Dagger","Deflect"],"picked":"Escape Plan","floor":7.0},{"not_picked":["Outmaneuver","Cloak And Dagger"],"picked":"Footwork","floor":12.0},{"not_picked":["Cloak And Dagger","Distraction"],"picked":"Crippling Poison","floor":13.0},{"not_picked":["Phantasmal Killer","Tools of the Trade"],"picked":"Burst","floor":16.0},{"not_picked":["PiercingWail","Finisher"],"picked":"Crippling Poison+1","floor":18.0},{"not_picked":["Dagger Throw","Expertise","Sucker Punch"],"picked":"SKIP","floor":20.0},{"not_picked":["Dodge and Roll","Blur"],"picked":"PiercingWail+1","floor":22.0},{"not_picked":["Bane","Blade Dance","Concentrate"],"picked":"SKIP","floor":24.0},{"not_picked":["Prepared+1","Crippling Poison+1"],"picked":"Footwork","floor":25.0},{"not_picked":["Finisher","Acrobatics"],"picked":"Cloak And Dagger","floor":28.0},{"not_picked":["Deflect","Dodge and Roll"],"picked":"Footwork+1","floor":29.0},{"not_picked":["Expertise","Poisoned Stab","Quick Slash"],"picked":"SKIP","floor":31.0},{"not_picked":["Wraith Form v2","Corpse Explosion"],"picked":"Adrenaline","floor":33.0},{"not_picked":["Bane","Heel Hook"],"picked":"Caltrops+1","floor":35.0},{"not_picked":["Acrobatics","Heel Hook"],"picked":"Infinite Blades","floor":41.0},{"not_picked":["Dagger Throw+1","Unload","Underhanded Strike+1"],"picked":"SKIP","floor":42.0},{"not_picked":["Deflect","Expertise","Deadly Poison+1"],"picked":"SKIP","floor":44.0},{"not_picked":["Expertise+1","Outmaneuver"],"picked":"Well Laid Plans+1","floor":45.0},{"not_picked":["Heel Hook","Deadly Poison+1"],"picked":"Terror","floor":47}],"player_experience":965487,"relics_obtained":[{"floor":4.0,"key":"Strawberry"},{"floor":9.0,"key":"Bottled Lightning"},{"floor":26.0,"key":"Blood Vial"},{"floor":29.0,"key":"Red Mask"},{"floor":42.0,"key":"MawBank"},{"floor":43.0,"key":"Shuriken"},{"floor":47,"key":"The Specimen"}],"event_choices":[{"cards_removed":["Normality"],"damage_healed":0.0,"max_hp_gain":0.0,"max_hp_loss":0.0,"gold_gain":0.0,"event_name":"Golden Wing","player_choice":"Card Removal","floor":5.0,"gold_loss":0.0,"damage_taken":7.0},{"damage_healed":0.0,"max_hp_gain":0.0,"max_hp_loss":0.0,"gold_gain":0.0,"event_name":"WeMeetAgain","player_choice":"Paid Gold","floor":19.0,"gold_loss":77.0,"damage_taken":0.0,"relics_obtained":["Bronze Scales"]},{"damage_healed":0.0,"max_hp_gain":0.0,"max_hp_loss":0.0,"gold_gain":0.0,"event_name":"Masked Bandits","player_choice":"Fought Bandits","floor":29.0,"gold_loss":0.0,"damage_taken":0.0},{"damage_healed":0.0,"max_hp_gain":0.0,"max_hp_loss":0.0,"gold_gain":222.0,"event_name":"Tomb of Lord Red Mask","player_choice":"Wore Mask","floor":37.0,"gold_loss":0.0,"damage_taken":0.0},{"damage_healed":0.0,"max_hp_gain":0.0,"max_hp_loss":0.0,"gold_gain":0.0,"event_name":"Mysterious Sphere","player_choice":"Ignored","floor":38.0,"gold_loss":0.0,"damage_taken":0.0},{"cards_removed":["Sucker Punch"],"damage_healed":0.0,"max_hp_gain":0.0,"max_hp_loss":0.0,"gold_gain":0.0,"event_name":"Falling","player_choice":"Removed Attack","floor":39.0,"gold_loss":0.0,"damage_taken":0.0},{"damage_healed":0,"gold_gain":0,"player_choice":"Fight","damage_taken":0,"max_hp_gain":0,"max_hp_loss":0,"event_name":"MindBloom","floor":47,"gold_loss":0},{"damage_healed":0,"gold_gain":0,"player_choice":"Trade","damage_taken":0,"relics_obtained":["CultistMask"],"max_hp_gain":0,"max_hp_loss":0,"event_name":"FaceTrader","floor":48,"gold_loss":0}],"is_beta":true,"boss_relics":[{"not_picked":["Snecko Eye","Runic Pyramid"],"picked":"Runic Dome"},{"not_picked":["Lizard Tail","Philosopher\u0027s Stone"],"picked":"Pandora\u0027s Box"}],"items_purged_floors":[36,46],"is_endless":false,"potions_floor_spawned":[2,3,7,12,16,20,24,28,29,45],"ascension_level":18}