{"gold_per_floor":[160,435,100,111,111,111,127,127,153,171,171,71,85,85,85,184,184,201,219,69,85,85],"floor_reached":22,"playtime":1336,"items_purged":["Regret","Strike_B"],"score":176,"play_id":"7667ce1e-00c2-45c5-932c-31318d330a0d","local_time":"20181110090124","is_ascension_mode":false,"campfire_choices":[{"data":"Genetic Algorithm","floor":6,"key":"SMITH"},{"data":"Defragment","floor":8,"key":"SMITH"},{"data":"Conserve Battery","floor":15,"key":"SMITH"}],"neow_cost":"NONE","seed_source_timestamp":230426481150273,"circlet_count":0,"master_deck":["Zap","Dualcast","Double Energy","Conserve Battery+1","Genetic Algorithm+1","Defragment+1","Self Repair","Trip+1","White Noise","Core Surge","All For One","Melter","Barrage","Rebound","Genetic Algorithm","Go for the Eyes","Hologram","Heatsinks","Gash","Static Discharge+1"],"relics":["Tiny House","Kunai","Art of War","Pen Nib","Pandora\u0027s Box","Bag of Marbles"],"potions_floor_usage":[16],"damage_taken":[{"damage":0,"enemies":"2 Louse","floor":1,"turns":2},{"damage":6,"enemies":"Cultist","floor":4,"turns":3},{"damage":11,"enemies":"Jaw Worm","floor":7,"turns":4},{"damage":0,"enemies":"Large Slime","floor":10,"turns":6},{"damage":4,"enemies":"Gremlin Gang","floor":13,"turns":6},{"damage":20,"enemies":"Slime Boss","floor":16,"turns":13},{"damage":28,"enemies":"Shell Parasite","floor":18,"turns":5},{"damage":7,"enemies":"Chosen","floor":19,"turns":4},{"damage":24,"enemies":"Snake Plant","floor":21,"turns":3},{"damage":8,"enemies":"Snecko","floor":22,"turns":3}],"seed_played":"-3870506300879208927","potions_obtained":[{"floor":0,"key":"SteroidPotion"},{"floor":13,"key":"Swift Potion"},{"floor":19,"key":"Swift Potion"}],"is_trial":false,"path_per_floor":["M","?","$","M","?","R","M","R","T","M","?","$","M","?","R","B",null,"M","M","$","M","M"],"character_chosen":"DEFECT","items_purchased":["Kunai","Bag of Marbles"],"campfire_rested":0,"item_purchase_floors":[3,20],"current_hp_per_floor":[80,80,80,74,67,67,56,56,56,56,56,56,59,43,43,30,80,59,59,59,35,27],"gold":85,"neow_bonus":"BOSS_RELIC","is_prod":false,"is_daily":false,"chose_seed":false,"campfire_upgraded":3,"win_rate":0,"timestamp":1541858484,"path_taken":["M","?","?","M","?","R","M","R","T","M","?","$","?","?","R","BOSS","M","M","$","M","M"],"build_version":"2018-11-08","purchased_purges":2,"victory":false,"max_hp_per_floor":[80,80,80,80,80,80,80,80,80,80,80,80,80,80,80,80,80,80,80,80,80,80],"card_choices":[{"not_picked":["Ball Lightning","Doom and Gloom"],"picked":"Double Energy","floor":0},{"not_picked":["Turbo","Barrage"],"picked":"Conserve Battery","floor":1},{"not_picked":["Rip and Tear","White Noise"],"picked":"Genetic Algorithm","floor":4},{"not_picked":["Redo","Fusion"],"picked":"Defragment","floor":7},{"not_picked":["Streamline","Capacitor"],"picked":"Self Repair","floor":10},{"not_picked":["Glacier","Darkness"],"picked":"Core Surge","floor":13},{"not_picked":["Hyperbeam","Creative AI"],"picked":"All For One","floor":16},{"not_picked":["Aggregate","Melter"],"picked":"Gash","floor":18},{"not_picked":["Turbo","Storm"],"picked":"Static Discharge+1","floor":19},{"not_picked":["Streamline","Stack","Coolheaded"],"picked":"SKIP","floor":21}],"player_experience":306207,"relics_obtained":[{"floor":9,"key":"Pen Nib"}],"event_choices":[{"damage_healed":0,"gold_gain":275,"player_choice":"Desecrate","damage_taken":0,"max_hp_gain":0,"max_hp_loss":0,"event_name":"Golden Shrine","floor":2,"gold_loss":0,"cards_obtained":["Regret"]},{"damage_healed":0,"gold_gain":0,"player_choice":"Success","damage_taken":7,"relics_obtained":["Art of War"],"max_hp_gain":0,"max_hp_loss":0,"event_name":"Scrap Ooze","floor":5,"gold_loss":0},{"damage_healed":0,"gold_gain":0,"player_choice":"2 cards matched","damage_taken":0,"max_hp_gain":0,"max_hp_loss":0,"event_name":"Match and Keep!","floor":11,"gold_loss":0,"cards_obtained":["Trip","White Noise"]},{"damage_healed":0,"gold_gain":0,"player_choice":"Entered Light","damage_taken":16,"max_hp_gain":0,"max_hp_loss":0,"event_name":"Shining Light","floor":14,"gold_loss":0,"cards_upgraded":["Trip","Strike_B"]}],"is_beta":true,"boss_relics":[{"not_picked":["Cursed Key","Velvet Choker"],"picked":"Pandora\u0027s Box"}],"items_purged_floors":[3,12],"is_endless":false,"potions_floor_spawned":[13,19],"killed_by":"Snecko","ascension_level":0}