{"gold_per_floor":[112,127,127,4,4,32,32,64,113,140,140,156,156,167,167,272,272,288,314,314,239,256,256,281,299,299,299,77,93,93,125,125,220,220,234,250,250,11,11,39,39,50,105,205,219,230,259,277,277,277,277,277,51,79,79],"floor_reached":55,"playtime":3516,"items_purged":["Strike_R"],"score":825,"play_id":"8d3513e5-d923-4546-a9c3-6a0696ae6317","local_time":"20190706123151","is_ascension_mode":true,"campfire_choices":[{"data":"Demon Form","floor":7,"key":"SMITH"},{"data":"Seeing Red","floor":11,"key":"SMITH"},{"data":"Whirlwind","floor":13,"key":"SMITH"},{"data":"Anger","floor":15,"key":"SMITH"},{"data":"Immolate","floor":23,"key":"SMITH"},{"data":"Twin Strike","floor":27,"key":"SMITH"},{"data":"Cleave","floor":30,"key":"SMITH"},{"data":"Pommel Strike","floor":32,"key":"SMITH"},{"data":"Limit Break","floor":41,"key":"SMITH"},{"floor":49,"key":"RECALL"},{"data":"Madness","floor":52,"key":"SMITH"}],"neow_cost":"NONE","seed_source_timestamp":915975877065300,"circlet_count":0,"master_deck":["Strike_R","Strike_R","Strike_R","Defend_R","Defend_R","Defend_R","Defend_R","Bash","Cleave+1","Pommel Strike+1","Headbutt","Twin Strike+1","Demon Form+1","Whirlwind+1","Seeing Red+1","Anger+1","Inflame+1","Immolate+1","Power Through+1","Metallicize+1","Entrench+1","Cleave+1","Panache+1","Corruption+1","Ghostly Armor","Thunderclap+1","Limit Break+1","Evolve+1","Barricade+1","Madness+1","Battle Trance","Twin Strike+1","Injury","Flame Barrier+1","True Grit+1","Spot Weakness+1","Disarm+1","Feel No Pain+1","Shockwave","Inflame+1"],"relics":["Burning Blood","Lantern","Kunai","Frozen Egg 2","Happy Flower","Pear","Mark of Pain","Pen Nib","Art of War","Meat on the Bone","Red Mask","Cursed Key","Mummified Hand","Strawberry","Thread and Needle","Bag of Preparation","Oddly Smooth Stone"],"potions_floor_usage":[10,24,31,31,33,40,44,50,55,55],"damage_taken":[{"damage":6,"enemies":"Jaw Worm","floor":1,"turns":3},{"damage":1,"enemies":"Cultist","floor":2,"turns":3},{"damage":6,"enemies":"Gremlin Nob","floor":6,"turns":3},{"damage":36,"enemies":"Lagavulin","floor":8,"turns":4},{"damage":29,"enemies":"3 Sentries","floor":10,"turns":6},{"damage":0,"enemies":"2 Louse","floor":12,"turns":2},{"damage":1,"enemies":"Large Slime","floor":14,"turns":4},{"damage":23,"enemies":"The Guardian","floor":16,"turns":6},{"damage":12,"enemies":"Shell Parasite","floor":18,"turns":3},{"damage":0,"enemies":"3 Byrds","floor":22,"turns":2},{"damage":15,"enemies":"Book of Stabbing","floor":24,"turns":4},{"damage":12,"enemies":"Snecko","floor":25,"turns":4},{"damage":0,"enemies":"3 Cultists","floor":29,"turns":2},{"damage":1,"enemies":"Masked Bandits","floor":31,"turns":3},{"damage":60,"enemies":"Automaton","floor":33,"turns":7},{"damage":19,"enemies":"3 Shapes","floor":35,"turns":2},{"damage":7,"enemies":"Orb Walker","floor":36,"turns":3},{"damage":37,"enemies":"Nemesis","floor":40,"turns":5},{"damage":9,"enemies":"Sphere and 2 Shapes","floor":42,"turns":1},{"damage":31,"enemies":"Mind Bloom Boss Battle","floor":44,"turns":5},{"damage":5,"enemies":"Maw","floor":45,"turns":5},{"damage":0,"enemies":"3 Darklings","floor":46,"turns":1},{"damage":5,"enemies":"Giant Head","floor":47,"turns":6},{"damage":31,"enemies":"Spire Growth","floor":48,"turns":4},{"damage":36,"enemies":"Awakened One","floor":50,"turns":10},{"damage":18,"enemies":"Shield and Spear","floor":54,"turns":6},{"damage":101,"enemies":"The Heart","floor":55,"turns":6}],"seed_played":"9121541470293722884","potions_obtained":[{"floor":6,"key":"Swift Potion"},{"floor":10,"key":"FairyPotion"},{"floor":16,"key":"Fire Potion"},{"floor":24,"key":"PowerPotion"},{"floor":29,"key":"Block Potion"},{"floor":31,"key":"SpeedPotion"},{"floor":35,"key":"Weak Potion"},{"floor":36,"key":"Fire Potion"},{"floor":46,"key":"SpeedPotion"},{"floor":47,"key":"AttackPotion"}],"is_trial":false,"path_per_floor":["M","M","?","$","?","E","R","E","T","E","R","M","R","M","R","B",null,"M","T","?","?","M","R","E","M","T","R","$","M","R","?","R","B",null,"M","M","?","$","?","E","R","M","T","?","M","M","E","M","R","B",null,"R","$","E","B"],"character_chosen":"IRONCLAD","items_purchased":["Twin Strike","Panache+1","Corruption+1","Mummified Hand","Feel No Pain+1","LiquidBronze","Shockwave"],"campfire_rested":0,"item_purchase_floors":[4,28,28,38,53,53,53],"current_hp_per_floor":[80,80,73,73,73,73,73,43,43,30,30,36,36,41,41,24,90,84,84,66,66,72,72,63,57,57,57,57,63,63,68,68,26,95,82,81,69,69,69,57,57,66,66,53,66,72,73,60,60,42,102,102,102,90,0],"gold":79,"neow_bonus":"THREE_CARDS","is_prod":false,"is_daily":false,"chose_seed":false,"campfire_upgraded":10,"win_rate":0,"timestamp":1562430711,"path_taken":["M","M","?","$","?","E","R","E","T","E","R","?","R","M","R","BOSS","M","?","?","?","?","R","E","M","T","R","?","M","R","?","R","BOSS","M","M","?","$","?","E","R","M","T","?","M","M","E","M","R","BOSS","R","$","E","BOSS"],"build_version":"2019-07-05","purchased_purges":1,"victory":false,"max_hp_per_floor":[80,80,80,80,80,80,80,80,80,90,90,90,90,90,90,90,90,90,90,95,95,95,95,95,95,95,95,95,95,95,95,95,95,95,95,95,95,95,95,102,102,102,102,102,102,102,102,102,102,102,102,102,102,102,102],"card_choices":[{"not_picked":["Heavy Blade","Rampage"],"picked":"Cleave","floor":0},{"not_picked":["Sword Boomerang","Heavy Blade"],"picked":"Pommel Strike","floor":1},{"not_picked":["Sentinel","Cleave"],"picked":"Headbutt","floor":2},{"not_picked":["Pummel","Pommel Strike"],"picked":"Demon Form","floor":6},{"not_picked":["Cleave","True Grit"],"picked":"Whirlwind","floor":8},{"not_picked":["Sever Soul","Blood for Blood"],"picked":"Seeing Red","floor":10},{"not_picked":["Entrench","Carnage"],"picked":"Anger","floor":12},{"not_picked":["Heavy Blade","Brutality+1"],"picked":"Inflame+1","floor":14},{"not_picked":["Impervious","Bludgeon"],"picked":"Immolate","floor":16},{"not_picked":["Headbutt","Carnage"],"picked":"Power Through+1","floor":18},{"not_picked":["Pommel Strike+1","Intimidate"],"picked":"Metallicize+1","floor":22},{"not_picked":["Iron Wave","Headbutt"],"picked":"Entrench+1","floor":24},{"not_picked":["Iron Wave","Dropkick"],"picked":"Cleave+1","floor":25},{"not_picked":["Twin Strike","Wild Strike"],"picked":"Ghostly Armor","floor":29},{"not_picked":["Searing Blow","Headbutt"],"picked":"Thunderclap+1","floor":31},{"not_picked":["Double Tap","Dark Embrace+1"],"picked":"Limit Break","floor":33},{"not_picked":["Iron Wave","Headbutt+1"],"picked":"Evolve+1","floor":35},{"not_picked":["Headbutt+1","Sword Boomerang+1"],"picked":"Barricade+1","floor":36},{"not_picked":["Wild Strike","Iron Wave"],"picked":"Battle Trance","floor":40},{"not_picked":["Pommel Strike","Sword Boomerang+1"],"picked":"Twin Strike+1","floor":42},{"not_picked":["Burning Pact+1","Cleave"],"picked":"Flame Barrier+1","floor":44},{"not_picked":["Cleave+1","Perfected Strike","Flex"],"picked":"SKIP","floor":45},{"not_picked":["Perfected Strike+1","Thunderclap+1"],"picked":"True Grit+1","floor":46},{"not_picked":["Wild Strike+1","Havoc+1"],"picked":"Spot Weakness+1","floor":47},{"not_picked":["Reckless Charge+1","Sever Soul"],"picked":"Disarm+1","floor":48},{"not_picked":["Exhume","Armaments+1"],"picked":"Inflame+1","floor":54}],"player_experience":576022,"relics_obtained":[{"floor":6,"key":"Kunai"},{"floor":8,"key":"Frozen Egg 2"},{"floor":9,"key":"Happy Flower"},{"floor":10,"key":"Pear"},{"floor":19,"key":"Pen Nib"},{"floor":24,"key":"Art of War"},{"floor":26,"key":"Meat on the Bone"},{"floor":31,"key":"Red Mask"},{"floor":40,"key":"Strawberry"},{"floor":44,"key":"Thread and Needle"},{"floor":47,"key":"Bag of Preparation"},{"floor":54,"key":"Oddly Smooth Stone"}],"event_choices":[{"damage_healed":0,"gold_gain":0,"player_choice":"Success","damage_taken":7,"relics_obtained":["Lantern"],"max_hp_gain":0,"max_hp_loss":0,"event_name":"Scrap Ooze","floor":3,"gold_loss":0},{"damage_healed":0,"gold_gain":0,"player_choice":"Ignored","damage_taken":0,"max_hp_gain":0,"max_hp_loss":0,"event_name":"WeMeetAgain","floor":5,"gold_loss":0},{"damage_healed":0,"gold_gain":0,"player_choice":"Shed Blood","damage_taken":23,"max_hp_gain":5,"max_hp_loss":0,"event_name":"Forgotten Altar","floor":20,"gold_loss":0},{"cards_removed":["Strike_R"],"damage_healed":0,"gold_gain":0,"player_choice":"Gave Gold","damage_taken":0,"max_hp_gain":0,"max_hp_loss":0,"event_name":"Beggar","floor":21,"gold_loss":75},{"damage_healed":0,"gold_gain":0,"player_choice":"Fought Bandits","damage_taken":0,"max_hp_gain":0,"max_hp_loss":0,"event_name":"Masked Bandits","floor":31,"gold_loss":0},{"damage_healed":0,"gold_gain":0,"player_choice":"Embrace Madness","damage_taken":12,"max_hp_gain":0,"max_hp_loss":0,"event_name":"Winding Halls","floor":37,"gold_loss":0,"cards_obtained":["Madness","Madness"]},{"cards_removed":["Madness"],"damage_healed":0,"gold_gain":0,"player_choice":"Removed Skill","damage_taken":0,"max_hp_gain":0,"max_hp_loss":0,"event_name":"Falling","floor":39,"gold_loss":0},{"damage_healed":0,"gold_gain":0,"player_choice":"Fight","damage_taken":0,"max_hp_gain":0,"max_hp_loss":0,"event_name":"MindBloom","floor":44,"gold_loss":0}],"is_beta":false,"boss_relics":[{"not_picked":["Calling Bell","Snecko Eye"],"picked":"Mark of Pain"},{"not_picked":["Velvet Choker","White Beast Statue"],"picked":"Cursed Key"}],"items_purged_floors":[4],"is_endless":false,"potions_floor_spawned":[6,10,16,24,29,31,35,36,46,47,48,54],"killed_by":"The Heart","ascension_level":1}