{"gold_per_floor":[118,393,412,412,425,425,437,447,499,517,530,530,547,547,547,642,642,656,755,755,774,786,786,796,809,809,724,724,40,40,58,58,162,162,179,18,32,32,51,3,3,23,77,95,109,0,0,0,0,0],"floor_reached":51,"playtime":1944,"items_purged":["Regret"],"score":869,"play_id":"1888c30d-eddc-47b6-90cc-aa694bca05b3","local_time":"20181117132907","is_ascension_mode":true,"campfire_choices":[{"data":"Clothesline","floor":6,"key":"SMITH"},{"data":"Armaments","floor":15,"key":"SMITH"},{"floor":23,"key":"REST"},{"floor":28,"key":"REST"},{"floor":32,"key":"REST"},{"floor":47,"key":"REST"},{"floor":49,"key":"REST"}],"neow_cost":"NONE","seed_source_timestamp":227296207799968,"circlet_count":0,"master_deck":["Strike_R","Strike_R","Defend_R","Defend_R","Defend_R","Defend_R","Bash","Spot Weakness+1","Clothesline+1","Heavy Blade","Armaments+1","Metallicize","Spot Weakness","Limit Break+1","Cleave","Limit Break","Flex","Entrench+1","True Grit","Body Slam","Feed","Dual Wield+1","Cleave+1","Flex+1","Madness","Madness","Limit Break+1","Infernal Blade+1"],"relics":["Burning Blood","Anchor","Vajra","Busted Crown","Darkstone Periapt","Blue Candle","Red Skull","ClockworkSouvenir","Ancient Tea Set","Shuriken","Mango","Astrolabe","Tiny Chest","Regal Pillow","Red Mask"],"potions_floor_usage":[13,16,25,25,33,39,42,44,50,50,50],"damage_taken":[{"damage":0,"enemies":"2 Louse","floor":1,"turns":3},{"damage":7,"enemies":"Cultist","floor":3,"turns":4},{"damage":4,"enemies":"Jaw Worm","floor":5,"turns":4},{"damage":4,"enemies":"Red Slaver","floor":7,"turns":3},{"damage":9,"enemies":"Blue Slaver","floor":8,"turns":3},{"damage":5,"enemies":"Large Slime","floor":10,"turns":7},{"damage":2,"enemies":"Red Slaver","floor":11,"turns":5},{"damage":12,"enemies":"Exordium Thugs","floor":13,"turns":5},{"damage":34,"enemies":"Slime Boss","floor":16,"turns":7},{"damage":7,"enemies":"Shell Parasite","floor":18,"turns":3},{"damage":30,"enemies":"2 Thieves","floor":21,"turns":4},{"damage":36,"enemies":"Chosen and Byrds","floor":22,"turns":6},{"damage":35,"enemies":"Snecko","floor":24,"turns":5},{"damage":8,"enemies":"Snake Plant","floor":25,"turns":3},{"damage":21,"enemies":"Centurion and Healer","floor":31,"turns":5},{"damage":41,"enemies":"Collector","floor":33,"turns":6},{"damage":1,"enemies":"3 Shapes","floor":35,"turns":3},{"damage":24,"enemies":"3 Darklings","floor":37,"turns":4},{"damage":26,"enemies":"Jaw Worm Horde","floor":39,"turns":3},{"damage":3,"enemies":"Writhing Mass","floor":42,"turns":2},{"damage":18,"enemies":"Spire Growth","floor":44,"turns":4},{"damage":15,"enemies":"4 Shapes","floor":45,"turns":4},{"damage":76,"enemies":"Time Eater","floor":50,"turns":7}],"seed_played":"8673446621569851594","potions_obtained":[{"floor":3,"key":"Explosive Potion"},{"floor":5,"key":"GamblersBrew"},{"floor":11,"key":"Strength Potion"},{"floor":16,"key":"BloodPotion"},{"floor":24,"key":"Strength Potion"},{"floor":31,"key":"Dexterity Potion"},{"floor":35,"key":"Explosive Potion"},{"floor":37,"key":"FearPotion"},{"floor":42,"key":"PowerPotion"},{"floor":44,"key":"EssenceOfSteel"}],"is_trial":false,"path_per_floor":["M","?","M","?","M","R","M","M","T","M","M","?","M","?","R","B",null,"M","?","?","M","M","R","M","M","T","?","R","$","T","M","R","B",null,"M","$","M","?","M","$","?","M","T","M","M","?","R","$","R","B",null],"character_chosen":"IRONCLAD","items_purchased":["ClockworkSouvenir","Ancient Tea Set","Shuriken","Tiny Chest","PowerPotion","AttackPotion"],"campfire_rested":5,"item_purchase_floors":[29,29,29,36,36,40],"current_hp_per_floor":[80,80,79,79,80,80,80,77,77,78,80,80,74,80,80,52,80,79,79,79,55,25,49,20,18,18,18,42,42,56,41,69,34,94,94,94,76,64,47,47,47,50,50,42,36,36,82,82,104,34],"gold":0,"neow_bonus":"RANDOM_COMMON_RELIC","is_prod":false,"is_daily":false,"chose_seed":false,"campfire_upgraded":2,"win_rate":0,"timestamp":1542479347,"path_taken":["M","?","?","?","M","R","M","M","T","?","M","?","M","?","R","BOSS","M","?","?","M","?","R","M","M","T","?","R","$","?","M","R","BOSS","M","$","M","?","M","$","?","M","T","?","M","?","R","$","R","BOSS"],"build_version":"2018-11-15","purchased_purges":1,"victory":true,"max_hp_per_floor":[80,80,80,80,80,80,80,80,80,80,80,80,80,80,80,80,80,80,80,80,80,80,80,80,80,80,80,80,80,94,94,94,94,94,94,94,94,94,97,97,97,97,97,101,104,104,104,104,104,104],"card_choices":[{"not_picked":["Wild Strike","Clash"],"picked":"Spot Weakness","floor":1},{"not_picked":["Headbutt","Blood for Blood"],"picked":"Clothesline","floor":3},{"not_picked":["Sword Boomerang","Clash"],"picked":"Heavy Blade","floor":5},{"not_picked":["Intimidate","Sword Boomerang"],"picked":"Armaments","floor":7},{"not_picked":["Shockwave","Feel No Pain"],"picked":"Metallicize","floor":8},{"not_picked":["Armaments","Heavy Blade"],"picked":"Spot Weakness","floor":10},{"not_picked":["Warcry","Headbutt"],"picked":"Limit Break","floor":11},{"not_picked":["Warcry","Combust"],"picked":"Cleave","floor":13},{"not_picked":["Dark Embrace","Berserk"],"picked":"Limit Break","floor":16},{"not_picked":[],"picked":"Flex","floor":18},{"not_picked":[],"picked":"Entrench+1","floor":21},{"not_picked":[],"picked":"True Grit","floor":22},{"not_picked":[],"picked":"Body Slam","floor":24},{"not_picked":["Burning Pact"],"picked":"SKIP","floor":25},{"not_picked":["Body Slam"],"picked":"SKIP","floor":31},{"not_picked":[],"picked":"Feed","floor":33},{"not_picked":["Corruption+1"],"picked":"SKIP","floor":35},{"not_picked":["Flex+1"],"picked":"SKIP","floor":37},{"not_picked":["Wild Strike+1"],"picked":"SKIP","floor":39},{"not_picked":["Cleave+1"],"picked":"SKIP","floor":42},{"not_picked":["Dual Wield"],"picked":"SKIP","floor":44},{"not_picked":[],"picked":"Infernal Blade+1","floor":45}],"player_experience":493895,"relics_obtained":[{"floor":9,"key":"Vajra"},{"floor":26,"key":"Blue Candle"},{"floor":30,"key":"Mango"},{"floor":43,"key":"Regal Pillow"}],"event_choices":[{"damage_healed":0,"gold_gain":275,"player_choice":"Desecrate","damage_taken":0,"max_hp_gain":0,"max_hp_loss":0,"event_name":"Golden Shrine","floor":2,"gold_loss":0,"cards_obtained":["Regret"]},{"damage_healed":0,"gold_gain":0,"player_choice":"Upgraded","damage_taken":0,"max_hp_gain":0,"max_hp_loss":0,"event_name":"Upgrade Shrine","floor":4,"gold_loss":0,"cards_upgraded":["Spot Weakness"]},{"damage_healed":0,"gold_gain":0,"player_choice":"Grow","damage_taken":0,"max_hp_gain":0,"max_hp_loss":0,"event_name":"Living Wall","floor":12,"gold_loss":0,"cards_upgraded":["Limit Break"]},{"damage_healed":6,"gold_gain":0,"player_choice":"Full Heal","damage_taken":0,"max_hp_gain":0,"max_hp_loss":0,"event_name":"Wheel of Change","floor":14,"gold_loss":0},{"damage_healed":0,"gold_gain":99,"player_choice":"Stole From Cult","damage_taken":0,"max_hp_gain":0,"max_hp_loss":0,"event_name":"Nest","floor":19,"gold_loss":0},{"damage_healed":0,"gold_gain":0,"player_choice":"Gave Potion","damage_taken":0,"relics_obtained":["Darkstone Periapt"],"max_hp_gain":0,"max_hp_loss":0,"event_name":"WeMeetAgain","floor":20,"gold_loss":0},{"damage_healed":0,"gold_gain":0,"player_choice":"Obtained Relic","damage_taken":0,"relics_obtained":["Red Skull"],"max_hp_gain":0,"max_hp_loss":0,"event_name":"Addict","floor":27,"gold_loss":85},{"damage_healed":0,"gold_gain":0,"player_choice":"Embrace Madness","damage_taken":12,"max_hp_gain":0,"max_hp_loss":0,"event_name":"Winding Halls","floor":38,"gold_loss":0,"cards_obtained":["Madness","Madness"]},{"damage_healed":0,"gold_gain":0,"player_choice":"Copied","damage_taken":0,"max_hp_gain":0,"max_hp_loss":0,"event_name":"Duplicator","floor":41,"gold_loss":0,"cards_obtained":["Limit Break"]},{"damage_healed":0,"gold_gain":0,"player_choice":"Paid","damage_taken":0,"relics_obtained":["Red Mask"],"max_hp_gain":0,"max_hp_loss":0,"event_name":"Tomb of Lord Red Mask","floor":46,"gold_loss":109}],"is_beta":true,"boss_relics":[{"not_picked":["Runic Pyramid","White Beast Statue"],"picked":"Busted Crown"},{"not_picked":["Eternal Feather","Pandora\u0027s Box"],"picked":"Astrolabe"}],"items_purged_floors":[29],"is_endless":false,"potions_floor_spawned":[3,5,11,16,24,31,35,37,42,44],"ascension_level":4}