{"gold_per_floor":[109,124,124,124,143,143,170,170,223,252,235,235,264,21,21,125,125,142,157,157,176,102,136,148,148,148,175,193,206,206,233,233,338,338,349,449,83,98,98,127,138,138,214,214,239,258,273,273],"floor_reached":48,"playtime":6979,"items_purged":["Strike_G","Defend_G","Strike_G"],"score":682,"play_id":"f165212d-c792-4dcb-8c70-93d197bbc7a6","local_time":"20190722124823","is_ascension_mode":true,"campfire_choices":[{"data":"Noxious Fumes","floor":6,"key":"SMITH"},{"data":"Dash","floor":8,"key":"SMITH"},{"floor":15,"key":"REST"},{"data":"Corpse Explosion","floor":25,"key":"SMITH"},{"floor":30,"key":"REST"},{"floor":32,"key":"REST"},{"floor":42,"key":"REST"},{"floor":44,"key":"RECALL"}],"neow_cost":"NONE","seed_source_timestamp":86802617467366,"circlet_count":0,"master_deck":["Strike_G","Defend_G+1","Defend_G","Survivor","Neutralize","Dash+1","Noxious Fumes+1","Deadly Poison+1","Neutralize","Quick Slash","Dagger Throw","Sucker Punch","PiercingWail","Bullet Time","Backflip+1","Well Laid Plans","Dodge and Roll","Prepared","Corpse Explosion+1","Bane","Crippling Poison+1","Blur+1","Tools of the Trade","Bouncing Flask","Acrobatics","Apotheosis","Writhe"],"relics":["Ring of the Snake","Regal Pillow","Smiling Mask","Oddly Smooth Stone","War Paint","Bag of Preparation","White Beast Statue","Orichalcum","Mummified Hand","Matryoshka","Lantern","Empty Cage","Calipers","Shovel","Shuriken","Bottled Lightning","Anchor"],"potions_floor_usage":[10,18,19,21,23,23,27,28,29,31,33,33,36,36,38,40,45,45,45,48],"damage_taken":[{"damage":0,"enemies":"2 Louse","floor":1,"turns":3},{"damage":0,"enemies":"Cultist","floor":2,"turns":4},{"damage":0,"enemies":"Small Slimes","floor":5,"turns":3},{"damage":16,"enemies":"Gremlin Nob","floor":7,"turns":5},{"damage":6,"enemies":"3 Sentries","floor":10,"turns":6},{"damage":0,"enemies":"Exordium Thugs","floor":11,"turns":4},{"damage":26,"enemies":"Lagavulin","floor":13,"turns":5},{"damage":36,"enemies":"Slime Boss","floor":16,"turns":10},{"damage":0,"enemies":"Shell Parasite","floor":18,"turns":4},{"damage":13,"enemies":"Spheric Guardian","floor":19,"turns":5},{"damage":4,"enemies":"Snake Plant","floor":21,"turns":4},{"damage":0,"enemies":"Gremlin Leader","floor":23,"turns":8},{"damage":14,"enemies":"Sentry and Sphere","floor":24,"turns":6},{"damage":23,"enemies":"Slavers","floor":27,"turns":4},{"damage":7,"enemies":"Shelled Parasite and Fungi","floor":28,"turns":5},{"damage":12,"enemies":"Cultist and Chosen","floor":29,"turns":5},{"damage":6,"enemies":"Gremlin Leader","floor":31,"turns":7},{"damage":9,"enemies":"Automaton","floor":33,"turns":8},{"damage":8,"enemies":"3 Shapes","floor":35,"turns":4},{"damage":15,"enemies":"Mind Bloom Boss Battle","floor":36,"turns":7},{"damage":0,"enemies":"3 Darklings","floor":38,"turns":3},{"damage":8,"enemies":"Nemesis","floor":40,"turns":7},{"damage":58,"enemies":"4 Shapes","floor":41,"turns":6},{"damage":6,"enemies":"Reptomancer","floor":45,"turns":7},{"damage":28,"enemies":"Transient","floor":46,"turns":5},{"damage":19,"enemies":"Spire Growth","floor":47,"turns":5},{"damage":6,"enemies":"3 Darklings","floor":48,"turns":2}],"seed_played":"-7557884273152656213","potions_obtained":[{"floor":1,"key":"GhostInAJar"},{"floor":5,"key":"Block Potion"},{"floor":18,"key":"Ancient Potion"},{"floor":19,"key":"Poison Potion"},{"floor":21,"key":"PowerPotion"},{"floor":23,"key":"Energy Potion"},{"floor":24,"key":"SkillPotion"},{"floor":27,"key":"Strength Potion"},{"floor":28,"key":"AttackPotion"},{"floor":29,"key":"Block Potion"},{"floor":31,"key":"EssenceOfSteel"},{"floor":33,"key":"GamblersBrew"},{"floor":35,"key":"AttackPotion"},{"floor":36,"key":"Block Potion"},{"floor":38,"key":"SkillPotion"},{"floor":40,"key":"Energy Potion"},{"floor":45,"key":"Dexterity Potion"},{"floor":46,"key":"FearPotion"},{"floor":47,"key":"Weak Potion"}],"is_trial":false,"path_per_floor":["M","M","?","?","M","R","E","R","T","E","M","?","E","$","R","B",null,"M","M","?","M","$","E","M","R","T","E","M","M","R","E","R","B",null,"M","?","$","M","?","E","M","R","T","R","E","M","M","M"],"character_chosen":"THE_SILENT","items_purchased":["Bag of Preparation","Poison Potion","Prepared","Regen Potion","Dexterity Potion","Apotheosis"],"campfire_rested":4,"item_purchase_floors":[14,14,22,37,37,37],"current_hp_per_floor":[70,70,75,75,75,75,59,59,59,53,53,53,27,27,64,28,75,75,62,62,58,58,58,44,44,44,21,14,2,39,33,70,61,75,67,52,52,52,71,63,5,42,42,42,50,22,3,0],"gold":273,"neow_bonus":"TRANSFORM_CARD","is_prod":false,"is_daily":false,"chose_seed":false,"campfire_upgraded":3,"win_rate":0,"timestamp":1563817703,"path_taken":["M","M","?","?","M","R","E","R","T","E","?","?","E","$","R","BOSS","M","M","?","M","?","E","M","R","T","E","M","M","R","E","R","BOSS","M","?","$","M","?","E","M","R","T","R","E","M","M","?"],"build_version":"2019-07-17","purchased_purges":3,"victory":false,"max_hp_per_floor":[70,70,75,75,75,75,75,75,75,75,75,75,75,75,75,75,75,75,75,75,75,75,75,75,75,75,75,75,75,75,75,75,75,75,75,75,75,75,75,75,75,75,75,75,75,75,75,75],"card_choices":[{"not_picked":["Deflect","Outmaneuver"],"picked":"Noxious Fumes","floor":1},{"not_picked":["Outmaneuver","Bullet Time"],"picked":"Deadly Poison","floor":2},{"not_picked":["Flying Knee","Slice"],"picked":"Quick Slash","floor":5},{"not_picked":["Outmaneuver","Reflex"],"picked":"Dagger Throw","floor":7},{"not_picked":["Backflip","Reflex"],"picked":"Sucker Punch","floor":10},{"not_picked":["Slice","Cloak And Dagger","Prepared"],"picked":"SKIP","floor":11},{"not_picked":["Reflex","Quick Slash"],"picked":"PiercingWail","floor":13},{"not_picked":["Glass Knife","Malaise"],"picked":"Bullet Time","floor":16},{"not_picked":["Deadly Poison","PiercingWail"],"picked":"Backflip+1","floor":18},{"not_picked":["Riddle With Holes","Blur"],"picked":"Well Laid Plans","floor":19},{"not_picked":["PiercingWail","Deflect+1"],"picked":"Dodge and Roll","floor":21},{"not_picked":["Flying Knee","Bane"],"picked":"Corpse Explosion","floor":23},{"not_picked":["Backflip","Quick Slash+1"],"picked":"Bane","floor":24},{"not_picked":["Heel Hook","Eviscerate"],"picked":"Crippling Poison+1","floor":27},{"not_picked":["Crippling Poison","Dodge and Roll+1","Dagger Spray"],"picked":"SKIP","floor":28},{"not_picked":["Deadly Poison","Sucker Punch","Blur"],"picked":"SKIP","floor":29},{"not_picked":["Reflex+1","Caltrops"],"picked":"Blur+1","floor":31},{"not_picked":["Storm of Steel","Corpse Explosion"],"picked":"Tools of the Trade","floor":33},{"not_picked":["Well Laid Plans","Outmaneuver"],"picked":"Bouncing Flask","floor":35},{"not_picked":["Cloak And Dagger","Slice+1"],"picked":"Acrobatics","floor":36},{"not_picked":["Acrobatics","Dodge and Roll","Dagger Spray+1"],"picked":"SKIP","floor":38},{"not_picked":["Eviscerate","Bane+1","Wraith Form v2"],"picked":"SKIP","floor":40},{"not_picked":["Riddle With Holes+1","Skewer","Sucker Punch+1"],"picked":"SKIP","floor":41},{"not_picked":["Dagger Spray+1","Blade Dance","Flechettes"],"picked":"SKIP","floor":45},{"not_picked":["All Out Attack+1","Predator+1","Skewer"],"picked":"SKIP","floor":46},{"not_picked":["Backstab","Dagger Spray","Deadly Poison"],"picked":"SKIP","floor":47}],"player_experience":214807,"relics_obtained":[{"floor":7,"key":"Regal Pillow"},{"floor":9,"key":"Smiling Mask"},{"floor":10,"key":"Oddly Smooth Stone"},{"floor":13,"key":"War Paint"},{"floor":23,"key":"Orichalcum"},{"floor":26,"key":"Mummified Hand"},{"floor":27,"key":"Matryoshka"},{"floor":31,"key":"Lantern"},{"floor":36,"key":"Calipers"},{"floor":40,"key":"Shovel"},{"floor":43,"key":"Shuriken"},{"floor":43,"key":"Bottled Lightning"},{"floor":45,"key":"Anchor"}],"event_choices":[{"damage_healed":0,"gold_gain":0,"player_choice":"Donut","damage_taken":0,"max_hp_gain":5,"max_hp_loss":0,"event_name":"Big Fish","floor":3,"gold_loss":0},{"damage_healed":0,"gold_gain":0,"player_choice":"1 cards matched","damage_taken":0,"max_hp_gain":0,"max_hp_loss":0,"event_name":"Match and Keep!","floor":4,"gold_loss":0,"cards_obtained":["Neutralize"]},{"damage_healed":0,"gold_gain":0,"player_choice":"Fled","damage_taken":0,"max_hp_gain":0,"max_hp_loss":0,"event_name":"Scrap Ooze","floor":12,"gold_loss":0},{"cards_removed":["Strike_G"],"damage_healed":0,"gold_gain":0,"player_choice":"Purged","damage_taken":0,"max_hp_gain":0,"max_hp_loss":0,"event_name":"Purifier","floor":20,"gold_loss":0},{"damage_healed":0,"gold_gain":0,"player_choice":"Fight","damage_taken":0,"max_hp_gain":0,"max_hp_loss":0,"event_name":"MindBloom","floor":36,"gold_loss":0},{"damage_healed":19,"gold_gain":0,"player_choice":"Writhe","damage_taken":0,"max_hp_gain":0,"max_hp_loss":0,"event_name":"Winding Halls","floor":39,"gold_loss":0,"cards_obtained":["Writhe"]}],"is_beta":false,"boss_relics":[{"not_picked":["WristBlade","Cursed Key"],"picked":"White Beast Statue"},{"not_picked":["Runic Dome","Astrolabe"],"picked":"Empty Cage"}],"items_purged_floors":[14,22,37],"is_endless":false,"potions_floor_spawned":[1,5,18,19,21,23,24,27,28,29,31,33,35,36,38,40,41,45,46,47],"killed_by":"3 Darklings","ascension_level":2}