{"gold_per_floor":[119,119,32,32,46,66,85,50,125,125,145,145,145,145,145,145],"floor_reached":16,"playtime":379,"items_purged":[],"score":180,"play_id":"d010fdc0-3277-4107-9fde-8c1cad94b2c5","local_time":"20190404172010","is_ascension_mode":true,"campfire_choices":[{"data":"Recycle","floor":10,"key":"SMITH"},{"data":"Glacier","floor":12,"key":"SMITH"},{"data":"Coolheaded","floor":15,"key":"SMITH"}],"neow_cost":"NONE","seed_source_timestamp":1059320565416950,"circlet_count":0,"master_deck":["AscendersBane","Strike_B+1","Strike_B","Strike_B","Strike_B","Defend_B","Defend_B","Defend_B+1","Defend_B","Zap","Dualcast","Ball Lightning","Glacier+1","Coolheaded+1","Recycle+1","Leap","Chill","Injury"],"relics":["Cracked Core","Meat on the Bone","Golden Idol","Ancient Tea Set"],"potions_floor_usage":[16],"damage_taken":[{"damage":1,"enemies":"Cultist","floor":1,"turns":3},{"damage":7,"enemies":"Jaw Worm","floor":5,"turns":2},{"damage":0,"enemies":"Small Slimes","floor":6,"turns":2},{"damage":5,"enemies":"3 Louse","floor":7,"turns":4},{"damage":2,"enemies":"Large Slime","floor":11,"turns":6},{"damage":83,"enemies":"Slime Boss","floor":16,"turns":9}],"seed_played":"-2001208477933595497","potions_obtained":[{"floor":5,"key":"Regen Potion"}],"is_trial":false,"path_per_floor":["M","?","$","?","M","M","M","?","T","R","M","R","?","T","R","B"],"character_chosen":"DEFECT","items_purchased":["Glacier"],"campfire_rested":0,"item_purchase_floors":[3],"current_hp_per_floor":[70,75,75,50,43,43,38,58,58,58,56,56,56,56,56,0],"gold":145,"neow_bonus":"TEN_PERCENT_HP_BONUS","is_prod":false,"is_daily":false,"chose_seed":false,"campfire_upgraded":3,"win_rate":0,"timestamp":1554412810,"path_taken":["M","?","$","?","M","M","M","?","T","R","M","R","?","?","R","BOSS"],"build_version":"2019-03-15","purchased_purges":0,"victory":false,"max_hp_per_floor":[78,83,83,83,83,83,83,83,83,83,83,83,83,83,83,83],"card_choices":[{"not_picked":["Leap","Steam"],"picked":"Ball Lightning","floor":1},{"not_picked":["Double Energy","Hologram"],"picked":"Coolheaded","floor":5},{"not_picked":["Cold Snap","Beam Cell"],"picked":"Recycle","floor":6},{"not_picked":["Compile Driver","Beam Cell"],"picked":"Leap","floor":7},{"not_picked":["Barrage","Consume"],"picked":"Chill","floor":11}],"player_experience":1056713,"relics_obtained":[{"floor":9,"key":"Meat on the Bone"},{"floor":14,"key":"Ancient Tea Set"}],"event_choices":[{"damage_healed":0,"gold_gain":0,"player_choice":"Donut","damage_taken":0,"max_hp_gain":5,"max_hp_loss":0,"event_name":"Big Fish","floor":2,"gold_loss":0},{"damage_healed":0,"gold_gain":0,"player_choice":"Entered Light","damage_taken":25,"max_hp_gain":0,"max_hp_loss":0,"event_name":"Shining Light","floor":4,"gold_loss":0,"cards_upgraded":["Defend_B","Strike_B"]},{"damage_healed":20,"gold_gain":0,"player_choice":"Healed","damage_taken":0,"max_hp_gain":0,"max_hp_loss":0,"event_name":"The Cleric","floor":8,"gold_loss":35},{"damage_healed":0,"gold_gain":0,"player_choice":"Take Wound","damage_taken":0,"relics_obtained":["Golden Idol"],"max_hp_gain":0,"max_hp_loss":0,"event_name":"Golden Idol","floor":13,"gold_loss":0,"cards_obtained":["Injury"]}],"is_beta":true,"boss_relics":[],"items_purged_floors":[],"is_endless":false,"potions_floor_spawned":[5],"killed_by":"Slime Boss","ascension_level":20}