{"gold_per_floor":[117,117,117,117,136,172,190,213,213,20,120,120,145,145,145,270,270,290,304,324,42,60,60,0,24,70,106,217,248,260],"floor_reached":30,"playtime":1985,"items_purged":["Strike_G","Strike_G"],"score":234,"play_id":"1ff29dd1-4d6e-448d-b65b-f41b2995beb6","local_time":"20190726095745","is_ascension_mode":false,"campfire_choices":[{"data":"Noxious Fumes","floor":12,"key":"SMITH"},{"floor":15,"key":"REST"},{"floor":23,"key":"REST"}],"neow_cost":"NONE","seed_source_timestamp":1352905252906089,"circlet_count":0,"master_deck":["Defend_G","Defend_G","Defend_G","Defend_G+1","Defend_G","Survivor","Neutralize","Backstab","Poisoned Stab","Masterful Stab","Acrobatics+1","Deadly Poison","Escape Plan","Noxious Fumes+1","Deadly Poison","Prepared","Burst","Bane","Well Laid Plans","Poisoned Stab","Dash","Footwork+1","Backstab","Dodge and Roll","Deadly Poison","Caltrops","Concentrate+1"],"relics":["Ring of the Snake","Golden Idol","War Paint","The Courier","Orrery","Regal Pillow","MawBank"],"potions_floor_usage":[16,22,30,30],"damage_taken":[{"damage":0,"enemies":"2 Louse","floor":1,"turns":2},{"damage":1,"enemies":"Jaw Worm","floor":5,"turns":2},{"damage":9,"enemies":"3 Sentries","floor":6,"turns":12},{"damage":0,"enemies":"Cultist","floor":7,"turns":3},{"damage":0,"enemies":"3 Louse","floor":8,"turns":2},{"damage":4,"enemies":"Exordium Thugs","floor":13,"turns":7},{"damage":15,"enemies":"The Guardian","floor":16,"turns":8},{"damage":23,"enemies":"3 Byrds","floor":18,"turns":5},{"damage":0,"enemies":"Chosen","floor":19,"turns":4},{"damage":18,"enemies":"Shelled Parasite and Fungi","floor":20,"turns":6},{"damage":8,"enemies":"Snecko","floor":22,"turns":7},{"damage":2,"enemies":"Chosen and Byrds","floor":25,"turns":6},{"damage":19,"enemies":"Sentry and Sphere","floor":27,"turns":7},{"damage":0,"enemies":"Snake Plant","floor":29,"turns":5},{"damage":43,"enemies":"Gremlin Leader","floor":30,"turns":4}],"seed_played":"-2172711427532138307","potions_obtained":[{"floor":8,"key":"Strength Potion"},{"floor":13,"key":"SpeedPotion"},{"floor":16,"key":"Weak Potion"},{"floor":20,"key":"Explosive Potion"},{"floor":22,"key":"EssenceOfSteel"}],"is_trial":false,"path_per_floor":["M","?","?","?","M","E","M","M","T","$","?","R","M","?","R","B",null,"M","M","M","$","M","R","?","M","T","M","?","M","E"],"character_chosen":"THE_SILENT","items_purchased":["Noxious Fumes","Deadly Poison","Regal Pillow","Backstab","Dodge and Roll"],"campfire_rested":2,"item_purchase_floors":[10,10,21,21,21],"current_hp_per_floor":[70,53,53,46,45,36,36,36,36,36,36,36,32,32,53,38,70,47,47,29,29,21,57,57,55,55,36,36,36,0],"gold":260,"neow_bonus":"TRANSFORM_CARD","is_prod":false,"is_daily":false,"chose_seed":false,"campfire_upgraded":1,"win_rate":0,"timestamp":1564160265,"path_taken":["M","?","?","?","M","E","M","M","T","$","?","R","?","?","R","BOSS","M","M","M","$","M","R","?","M","T","M","?","M","E"],"build_version":"2019-07-17","purchased_purges":2,"victory":false,"max_hp_per_floor":[70,70,70,70,70,70,70,70,70,70,70,70,70,70,70,70,70,70,70,70,70,70,70,70,70,70,70,70,70,70],"card_choices":[{"not_picked":["Sucker Punch","Bane"],"picked":"Poisoned Stab","floor":1},{"not_picked":["Accuracy","PiercingWail"],"picked":"Acrobatics","floor":5},{"not_picked":["Outmaneuver","Quick Slash"],"picked":"Deadly Poison","floor":6},{"not_picked":["Dodge and Roll","Tactician","Quick Slash"],"picked":"SKIP","floor":7},{"not_picked":["Infinite Blades","Blade Dance"],"picked":"Escape Plan","floor":8},{"not_picked":["Skewer","Flechettes"],"picked":"Prepared","floor":13},{"not_picked":["Venomology","Night Terror"],"picked":"Burst","floor":16},{"not_picked":["Backflip","Dagger Spray"],"picked":"Bane","floor":17},{"not_picked":["Acrobatics","Blade Dance"],"picked":"Well Laid Plans","floor":17},{"not_picked":["Eviscerate","Dagger Spray"],"picked":"Poisoned Stab","floor":17},{"not_picked":["Finisher","Terror"],"picked":"Dash","floor":17},{"not_picked":["Leg Sweep+1","Blade Dance","Quick Slash"],"picked":"SKIP","floor":18},{"not_picked":["Deflect","Flying Knee"],"picked":"Footwork+1","floor":19},{"not_picked":["Blade Dance","Underhanded Strike","Sucker Punch"],"picked":"SKIP","floor":20},{"not_picked":["Poisoned Stab","After Image"],"picked":"Deadly Poison","floor":22},{"not_picked":["Dagger Spray","Quick Slash"],"picked":"Caltrops","floor":25},{"not_picked":["Setup","Slice"],"picked":"Concentrate+1","floor":27},{"not_picked":["Quick Slash","Distraction","Prepared"],"picked":"SKIP","floor":29}],"player_experience":205349,"relics_obtained":[{"floor":6,"key":"War Paint"},{"floor":26,"key":"MawBank"}],"event_choices":[{"damage_healed":0,"gold_gain":0,"player_choice":"Take Damage","damage_taken":17,"relics_obtained":["Golden Idol"],"max_hp_gain":0,"max_hp_loss":0,"event_name":"Golden Idol","floor":2,"gold_loss":0},{"damage_healed":0,"gold_gain":0,"cards_transformed":["Strike_G"],"player_choice":"Change","damage_taken":0,"max_hp_gain":0,"max_hp_loss":0,"event_name":"Living Wall","floor":3,"gold_loss":0,"cards_obtained":["Masterful Stab"]},{"cards_removed":["Strike_G"],"damage_healed":0,"gold_gain":0,"player_choice":"Card Removal","damage_taken":7,"max_hp_gain":0,"max_hp_loss":0,"event_name":"Golden Wing","floor":4,"gold_loss":0},{"damage_healed":0,"gold_gain":100,"player_choice":"Pray","damage_taken":0,"max_hp_gain":0,"max_hp_loss":0,"event_name":"Golden Shrine","floor":11,"gold_loss":0},{"damage_healed":0,"gold_gain":0,"player_choice":"Gave Potion","damage_taken":0,"relics_obtained":["The Courier"],"max_hp_gain":0,"max_hp_loss":0,"event_name":"WeMeetAgain","floor":14,"gold_loss":0},{"damage_healed":0,"gold_gain":0,"player_choice":"Paid Fearfully","damage_taken":0,"max_hp_gain":0,"max_hp_loss":0,"event_name":"Masked Bandits","floor":24,"gold_loss":60},{"damage_healed":0,"gold_gain":99,"player_choice":"Stole From Cult","damage_taken":0,"max_hp_gain":0,"max_hp_loss":0,"event_name":"Nest","floor":28,"gold_loss":0}],"is_beta":false,"boss_relics":[{"not_picked":["Cursed Key","Black Star"],"picked":"Orrery"}],"items_purged_floors":[10,21],"is_endless":false,"potions_floor_spawned":[8,13,16,20,22],"killed_by":"Gremlin Leader","ascension_level":0}