{"gold_per_floor":[114,131,151,151,40,40,53,64,116,116,130,155,166,166,166,296,296,311,311,324,344,344,344,367,367,420,420,420,444,467,78,78,208,208,229,253,253,268,38,38,56,56,56,56,56,389,54,68,68,68],"floor_reached":51,"playtime":3037,"items_purged":["Decay"],"score":996,"play_id":"0e37967a-23f7-48c6-9b83-7894197620fb","local_time":"20190106010206","is_ascension_mode":true,"campfire_choices":[{"data":"Defragment","floor":6,"key":"SMITH"},{"data":"Static Discharge","floor":10,"key":"SMITH"},{"floor":15,"key":"REST"},{"floor":23,"key":"REST"},{"data":"Defragment","floor":25,"key":"SMITH"},{"floor":27,"key":"REST"},{"data":"Amplify","floor":32,"key":"SMITH"},{"floor":40,"key":"REST"},{"data":"Blizzard","floor":42,"key":"SMITH"},{"data":"Capacitor","floor":44,"key":"SMITH"},{"floor":49,"key":"REST"}],"neow_cost":"NONE","seed_source_timestamp":476264256947510,"circlet_count":0,"master_deck":["AscendersBane","Zap","Conserve Battery","Sweeping Beam","Defragment+1","Static Discharge+1","Leap","Amplify+1","Glacier","Echo Form","Rebound","Stack","Echo Form","Aggregate","Aggregate","Core Surge","Core Surge","Glacier","Sweeping Beam+1","Go for the Eyes","Defragment+1","Aggregate","Rip and Tear","Genetic Algorithm+1","Echo Form","Ball Lightning+1","Capacitor+1","Blizzard+1","Magnetism+1","Defragment+1","Glacier","Capacitor+1"],"relics":["FrozenCore","Bag of Preparation","DataDisk","Pandora\u0027s Box","Cables","Potion Belt","Regal Pillow","Mercury Hourglass","Art of War","Frozen Egg 2","Cauldron"],"potions_floor_usage":[16,24,33,33,47,50,50,50,50],"damage_taken":[{"damage":2,"enemies":"2 Louse","floor":1,"turns":2},{"damage":1,"enemies":"Cultist","floor":2,"turns":4},{"damage":9,"enemies":"Jaw Worm","floor":3,"turns":4},{"damage":5,"enemies":"Looter","floor":7,"turns":4},{"damage":15,"enemies":"2 Fungi Beasts","floor":8,"turns":3},{"damage":23,"enemies":"Large Slime","floor":11,"turns":8},{"damage":9,"enemies":"Blue Slaver","floor":13,"turns":4},{"damage":14,"enemies":"Slime Boss","floor":16,"turns":7},{"damage":5,"enemies":"3 Byrds","floor":18,"turns":1},{"damage":14,"enemies":"Shell Parasite","floor":20,"turns":5},{"damage":24,"enemies":"Snake Plant","floor":21,"turns":6},{"damage":8,"enemies":"Chosen and Byrds","floor":24,"turns":5},{"damage":12,"enemies":"Cultist and Chosen","floor":29,"turns":6},{"damage":0,"enemies":"3 Cultists","floor":30,"turns":8},{"damage":44,"enemies":"Collector","floor":33,"turns":11},{"damage":20,"enemies":"3 Darklings","floor":35,"turns":6},{"damage":0,"enemies":"Orb Walker","floor":36,"turns":7},{"damage":0,"enemies":"Spire Growth","floor":38,"turns":8},{"damage":15,"enemies":"3 Darklings","floor":41,"turns":7},{"damage":0,"enemies":"Jaw Worm Horde","floor":48,"turns":16},{"damage":20,"enemies":"Donu and Deca","floor":50,"turns":13}],"seed_played":"-7128505419249617722","potions_obtained":[{"floor":2,"key":"Strength Potion"},{"floor":7,"key":"FocusPotion"},{"floor":8,"key":"FocusPotion"},{"floor":16,"key":"Regen Potion"},{"floor":18,"key":"LiquidBronze"},{"floor":30,"key":"SpeedPotion"},{"floor":35,"key":"Block Potion"},{"floor":36,"key":"SmokeBomb"},{"floor":47,"key":"Poison Potion"},{"floor":47,"key":"Fruit Juice"},{"floor":47,"key":"PowerPotion"},{"floor":47,"key":"FearPotion"}],"is_trial":false,"path_per_floor":["M","M","M","?","$","R","M","M","T","R","M","T","M","?","R","B",null,"M","?","M","M","?","R","M","R","T","R","?","M","M","$","R","B",null,"M","M","?","M","$","R","M","R","T","R","?","?","$","M","R","B",null],"character_chosen":"DEFECT","items_purchased":["Static Discharge","Regal Pillow","Mercury Hourglass","Art of War","Capacitor","Defragment+1","Cauldron","Glacier"],"campfire_rested":5,"item_purchase_floors":[5,31,31,39,39,47,47,47],"current_hp_per_floor":[73,72,63,63,63,63,58,43,43,43,20,20,11,11,35,21,67,62,62,48,24,24,48,40,40,40,64,64,52,52,52,52,8,64,44,44,44,44,44,82,67,67,67,67,67,67,72,72,87,67],"gold":68,"neow_bonus":"TEN_PERCENT_HP_BONUS","is_prod":false,"is_daily":false,"chose_seed":false,"campfire_upgraded":6,"win_rate":0,"timestamp":1546754526,"path_taken":["M","M","M","?","$","R","?","M","T","R","M","?","M","?","R","BOSS","M","?","M","M","?","R","M","R","T","R","?","M","M","$","R","BOSS","M","M","?","M","$","R","M","R","T","R","?","?","$","M","R","BOSS"],"build_version":"2019-01-03v4","purchased_purges":1,"victory":true,"max_hp_per_floor":[82,82,82,82,82,82,82,82,82,82,82,82,82,82,82,82,82,82,82,82,82,82,82,82,82,82,82,82,82,82,82,82,82,82,82,82,82,82,82,82,82,82,82,82,82,82,87,87,87,87],"card_choices":[{"not_picked":["Redo","Self Repair"],"picked":"Conserve Battery","floor":1},{"not_picked":["Redo","Double Energy"],"picked":"Sweeping Beam","floor":2},{"not_picked":["Tempest","Go for the Eyes"],"picked":"Defragment","floor":3},{"not_picked":["Hologram","Heatsinks"],"picked":"Leap","floor":7},{"not_picked":["Hello World","Beam Cell","Steam"],"picked":"SKIP","floor":8},{"not_picked":["Doom and Gloom","Coolheaded"],"picked":"Amplify","floor":11},{"not_picked":["Auto Shields","Gash"],"picked":"Glacier","floor":13},{"not_picked":["Machine Learning","Amplify"],"picked":"Echo Form","floor":16},{"not_picked":["Reinforced Body","Sweeping Beam"],"picked":"Glacier","floor":18},{"not_picked":["Hologram","Steam"],"picked":"Sweeping Beam+1","floor":20},{"not_picked":["Aggregate","Doom and Gloom"],"picked":"Go for the Eyes","floor":21},{"not_picked":["Turbo+1","Streamline"],"picked":"Defragment","floor":24},{"not_picked":["Static Discharge","Lockon","Tempest"],"picked":"SKIP","floor":29},{"not_picked":["Reprogram","Compile Driver"],"picked":"Genetic Algorithm+1","floor":30},{"not_picked":["Biased Cognition","Hyperbeam"],"picked":"Echo Form","floor":33},{"not_picked":["Ball Lightning","Beam Cell","Hologram"],"picked":"SKIP","floor":35},{"not_picked":["Self Repair","Rebound"],"picked":"Ball Lightning+1","floor":36},{"not_picked":["Stack","Doom and Gloom","Streamline"],"picked":"SKIP","floor":38},{"not_picked":["Compile Driver+1","Static Discharge"],"picked":"Blizzard","floor":41},{"not_picked":["Flash of Steel","The Bomb"],"picked":"Magnetism+1","floor":45},{"not_picked":["Self Repair+1","Hologram+1"],"picked":"Capacitor+1","floor":48}],"player_experience":749130,"relics_obtained":[{"floor":9,"key":"Bag of Preparation"},{"floor":12,"key":"DataDisk"},{"floor":26,"key":"Potion Belt"},{"floor":43,"key":"Frozen Egg 2"}],"event_choices":[{"damage_healed":0,"gold_gain":0,"player_choice":"Cursed","damage_taken":0,"max_hp_gain":0,"max_hp_loss":0,"event_name":"Wheel of Change","floor":4,"gold_loss":0,"cards_obtained":["Decay"]},{"damage_healed":0,"gold_gain":0,"player_choice":"Take Wound","damage_taken":0,"relics_obtained":["Golden Idol"],"max_hp_gain":0,"max_hp_loss":0,"event_name":"Golden Idol","floor":14,"gold_loss":0,"cards_obtained":["Injury"]},{"cards_removed":["Injury"],"damage_healed":0,"gold_gain":0,"player_choice":"Elegance","damage_taken":0,"max_hp_gain":0,"max_hp_loss":0,"event_name":"Back to Basics","floor":19,"gold_loss":0},{"damage_healed":0,"gold_gain":0,"player_choice":"Opened","damage_taken":0,"relics_obtained":["Cables"],"max_hp_gain":0,"max_hp_loss":0,"event_name":"The Mausoleum","floor":22,"gold_loss":0},{"damage_healed":0,"gold_gain":0,"cards_transformed":["Streamline","Dualcast"],"player_choice":"Became Test Subject","damage_taken":0,"max_hp_gain":0,"max_hp_loss":0,"event_name":"Drug Dealer","floor":28,"gold_loss":0,"cards_obtained":["Aggregate","Rip and Tear"]},{"damage_healed":0,"gold_gain":0,"player_choice":"Ignored","damage_taken":0,"max_hp_gain":0,"max_hp_loss":0,"event_name":"Mysterious Sphere","floor":37,"gold_loss":0},{"damage_healed":0,"gold_gain":0,"player_choice":"Memory 1","damage_taken":0,"max_hp_gain":0,"max_hp_loss":0,"event_name":"SensoryStone","floor":45,"gold_loss":0},{"damage_healed":0,"gold_gain":333,"player_choice":"Gave Idol","damage_taken":0,"max_hp_gain":0,"max_hp_loss":0,"event_name":"The Moai Head","floor":46,"relics_lost":["Golden Idol"],"gold_loss":0}],"is_beta":true,"boss_relics":[{"not_picked":["Tiny House","Snecko Eye"],"picked":"Pandora\u0027s Box"},{"not_picked":["Coffee Dripper","Eternal Feather"],"picked":"FrozenCore"}],"items_purged_floors":[5],"is_endless":false,"potions_floor_spawned":[2,7,8,13,16,18,30,35,36,48],"ascension_level":12}