{"gold_per_floor":[119,119,119,129,140,166,178,190,272,284,25,25,25,40,40,138,138,154,105,20,20,37,37,37,56,56,71,47,47,47,73,73,171,171,183,183,202,82,82,82,113,39,39,39,50,0,0],"floor_reached":47,"playtime":2222,"items_purged":[],"score":517,"play_id":"3d898dba-ca8b-4b73-92bf-58d0c6de43db","local_time":"20190620073621","is_ascension_mode":false,"campfire_choices":[{"data":"Noxious Fumes","floor":7,"key":"SMITH"},{"data":"Poisoned Stab","floor":10,"key":"SMITH"},{"data":"Noxious Fumes","floor":12,"key":"SMITH"},{"floor":15,"key":"REST"},{"floor":23,"key":"REST"},{"floor":30,"key":"REST"},{"floor":32,"key":"REST"},{"floor":40,"key":"REST"},{"floor":44,"key":"REST"}],"neow_cost":"NONE","seed_source_timestamp":330524920909220,"circlet_count":0,"master_deck":["Defend_G+1","Defend_G+1","Defend_G+1","Defend_G+1","Strike_G+1","Strike_G+1","Strike_G+1","Strike_G+1","Strike_G+1","Survivor","Neutralize","Poisoned Stab+1","Footwork","Noxious Fumes+1","Noxious Fumes+1","Deadly Poison","Corpse Explosion","Deadly Poison","Deadly Poison","Noxious Fumes","Deadly Poison","Escape Plan+1","Forethought","Outmaneuver+1","Noxious Fumes","Poisoned Stab","Footwork"],"relics":["Ring of the Snake","NeowsBlessing","MawBank","Matryoshka","Bronze Scales","Busted Crown","Thread and Needle","WarpedTongs","Juzu Bracelet","Gremlin Horn","Mercury Hourglass","Paper Crane","Empty Cage","Toxic Egg 2","Anchor","Ancient Tea Set","Red Mask"],"potions_floor_usage":[6,31,33,33,41,47],"damage_taken":[{"damage":0,"enemies":"Small Slimes","floor":1,"turns":1},{"damage":0,"enemies":"Jaw Worm","floor":4,"turns":1},{"damage":0,"enemies":"Cultist","floor":5,"turns":1},{"damage":35,"enemies":"Gremlin Nob","floor":6,"turns":6},{"damage":3,"enemies":"Exordium Thugs","floor":14,"turns":4},{"damage":16,"enemies":"Hexaghost","floor":16,"turns":8},{"damage":17,"enemies":"2 Thieves","floor":18,"turns":2},{"damage":0,"enemies":"Chosen","floor":22,"turns":4},{"damage":11,"enemies":"Centurion and Healer","floor":25,"turns":3},{"damage":17,"enemies":"Sentry and Sphere","floor":27,"turns":5},{"damage":14,"enemies":"Slavers","floor":31,"turns":4},{"damage":47,"enemies":"Champ","floor":33,"turns":9},{"damage":14,"enemies":"3 Shapes","floor":35,"turns":2},{"damage":14,"enemies":"Orb Walker","floor":37,"turns":4},{"damage":50,"enemies":"Reptomancer","floor":41,"turns":6},{"damage":10,"enemies":"4 Shapes","floor":45,"turns":4},{"damage":28,"enemies":"2 Orb Walkers","floor":47,"turns":3}],"seed_played":"3408498944584950570","potions_obtained":[{"floor":4,"key":"Block Potion"},{"floor":6,"key":"GhostInAJar"},{"floor":16,"key":"FearPotion"},{"floor":27,"key":"GhostInAJar"},{"floor":33,"key":"Explosive Potion"}],"is_trial":false,"path_per_floor":["M","?","?","M","M","E","R","$","T","R","$","R","$","M","R","B",null,"M","$","?","?","M","R","?","M","T","M","$","?","R","E","R","B",null,"M","?","M","$","?","R","E","$","T","R","M","?","?"],"character_chosen":"THE_SILENT","items_purchased":["Bronze Scales","Noxious Fumes","Deadly Poison","Deadly Poison","Deadly Poison","Noxious Fumes","Poison Potion","Footwork"],"campfire_rested":6,"item_purchase_floors":[11,11,11,19,28,38,38,42],"current_hp_per_floor":[70,70,70,70,70,35,35,35,35,35,35,35,35,32,53,37,70,53,53,53,53,53,70,70,59,59,42,42,42,63,49,70,23,70,56,56,42,42,42,63,13,13,13,34,24,24,0],"gold":0,"neow_bonus":"THREE_ENEMY_KILL","is_prod":false,"is_daily":false,"chose_seed":false,"campfire_upgraded":3,"win_rate":0.0,"timestamp":1561034181,"path_taken":["M","?","?","M","?","E","R","$","T","R","$","R","$","M","R","BOSS","M","$","?","?","M","R","?","?","T","M","?","?","R","E","R","BOSS","M","?","M","$","?","R","E","$","T","R","M","?","?"],"build_version":"2019-01-23","purchased_purges":0,"victory":false,"max_hp_per_floor":[70,70,70,70,70,70,70,70,70,70,70,70,70,70,70,70,70,70,70,70,70,70,70,70,70,70,70,70,70,70,70,70,70,70,70,70,70,70,70,70,70,70,70,70,70,70,70],"card_choices":[{"not_picked":["Bane","Prepared"],"picked":"Poisoned Stab","floor":1},{"not_picked":["Dodge and Roll","Eviscerate","Expertise"],"picked":"SKIP","floor":4},{"not_picked":["Choke","Acrobatics"],"picked":"Footwork","floor":5},{"not_picked":["Leg Sweep","Deflect"],"picked":"Noxious Fumes","floor":6},{"not_picked":["Sucker Punch","Expertise","Riddle With Holes"],"picked":"SKIP","floor":14},{"not_picked":["Die Die Die","Night Terror"],"picked":"Corpse Explosion","floor":16},{"not_picked":["Dagger Throw"],"picked":"SKIP","floor":18},{"not_picked":[],"picked":"Deadly Poison","floor":22},{"not_picked":[],"picked":"Noxious Fumes","floor":25},{"not_picked":["Distraction"],"picked":"SKIP","floor":27},{"not_picked":[],"picked":"Escape Plan+1","floor":31},{"not_picked":["Sucker Punch+1"],"picked":"SKIP","floor":35},{"not_picked":[],"picked":"Forethought","floor":36},{"not_picked":[],"picked":"Outmaneuver+1","floor":37},{"not_picked":[],"picked":"Poisoned Stab","floor":41},{"not_picked":["Dagger Spray"],"picked":"SKIP","floor":45}],"player_experience":57566,"relics_obtained":[{"floor":6,"key":"MawBank"},{"floor":9,"key":"Matryoshka"},{"floor":26,"key":"Juzu Bracelet"},{"floor":26,"key":"Gremlin Horn"},{"floor":31,"key":"Paper Crane"},{"floor":41,"key":"Toxic Egg 2"},{"floor":43,"key":"Anchor"},{"floor":43,"key":"Ancient Tea Set"}],"event_choices":[{"damage_healed":0,"gold_gain":0,"player_choice":"Ignored","damage_taken":0,"max_hp_gain":0,"max_hp_loss":0,"event_name":"Golden Wing","floor":2,"gold_loss":0},{"damage_healed":0,"gold_gain":0,"player_choice":"Leave","damage_taken":0,"max_hp_gain":0,"max_hp_loss":0,"event_name":"The Cleric","floor":3,"gold_loss":0},{"damage_healed":0,"gold_gain":0,"player_choice":"Obtained Relic","damage_taken":0,"relics_obtained":["Thread and Needle"],"max_hp_gain":0,"max_hp_loss":0,"event_name":"Addict","floor":20,"gold_loss":85},{"damage_healed":0,"gold_gain":0,"player_choice":"Simplicity","damage_taken":0,"max_hp_gain":0,"max_hp_loss":0,"event_name":"Back to Basics","floor":21,"gold_loss":0,"cards_upgraded":["Defend_G","Defend_G","Defend_G","Defend_G","Defend_G","Strike_G","Strike_G","Strike_G","Strike_G","Strike_G"]},{"damage_healed":0,"gold_gain":0,"player_choice":"Rummage","damage_taken":0,"relics_obtained":["WarpedTongs"],"max_hp_gain":0,"max_hp_loss":0,"event_name":"Accursed Blacksmith","floor":24,"gold_loss":0,"cards_obtained":["Pain"]},{"damage_healed":0,"gold_gain":0,"player_choice":"Opened","damage_taken":0,"relics_obtained":["Mercury Hourglass"],"max_hp_gain":0,"max_hp_loss":0,"event_name":"The Mausoleum","floor":29,"gold_loss":0,"cards_obtained":["Writhe"]},{"damage_healed":0,"gold_gain":0,"player_choice":"Memory 1","damage_taken":0,"max_hp_gain":0,"max_hp_loss":0,"event_name":"SensoryStone","floor":36,"gold_loss":0},{"cards_removed":["Defend_G"],"damage_healed":0,"gold_gain":0,"player_choice":"Removed Skill","damage_taken":0,"max_hp_gain":0,"max_hp_loss":0,"event_name":"Falling","floor":39,"gold_loss":0},{"damage_healed":0,"gold_gain":0,"player_choice":"Paid","damage_taken":0,"relics_obtained":["Red Mask"],"max_hp_gain":0,"max_hp_loss":0,"event_name":"Tomb of Lord Red Mask","floor":46,"gold_loss":50},{"damage_healed":0,"gold_gain":0,"player_choice":"Fight","damage_taken":0,"max_hp_gain":0,"max_hp_loss":0,"event_name":"Mysterious Sphere","floor":47,"gold_loss":0}],"is_beta":false,"boss_relics":[{"not_picked":["Eternal Feather","Tiny House"],"picked":"Busted Crown"},{"not_picked":["Philosopher\u0027s Stone","WristBlade"],"picked":"Empty Cage"}],"items_purged_floors":[],"is_endless":false,"potions_floor_spawned":[4,6,16,27,33],"killed_by":"2 Orb Walkers","ascension_level":0}