{"gold_per_floor":[117,131,149,149,161,188,188,188,188,213,233,249,238,238,238,367,367,387,431,431,76,101,101,120,120,146,160,160,179,179,179,179,179],"floor_reached":33,"playtime":2412,"items_purged":["Strike_G"],"score":427,"play_id":"d5912510-cd29-46c7-9988-7ad800c19103","local_time":"20190110033202","is_ascension_mode":true,"campfire_choices":[{"floor":7.0,"key":"REST"},{"floor":15.0,"key":"REST"},{"floor":23.0,"key":"REST"},{"floor":25.0,"key":"REST"},{"floor":30,"key":"REST"},{"floor":32,"key":"REST"}],"neow_cost":"NONE","seed_source_timestamp":0,"circlet_count":0,"master_deck":["AscendersBane","Defend_G+1","Defend_G+1","Defend_G+1","Defend_G+1","Defend_G+1","Strike_G+1","Strike_G+1","Strike_G+1","Strike_G+1","Survivor","Neutralize","PiercingWail","Backflip","Prepared","Dodge and Roll","Backflip","Backflip","PiercingWail","Deadly Poison","Backflip","Dagger Throw","Flying Knee","Burst","Flechettes+1","Cloak And Dagger+1","Caltrops","Skewer+1","Crippling Poison","Setup+1","Cloak And Dagger","Blade Dance","Blur","Adrenaline"],"special_seed":0,"relics":["Ring of the Snake","Gremlin Horn","Dream Catcher","Golden Idol","Dodecahedron","WristBlade","Red Mask","HandDrill","Bronze Scales"],"potions_floor_usage":[33],"damage_taken":[{"damage":7.0,"enemies":"Jaw Worm","floor":1.0,"turns":6.0},{"damage":0.0,"enemies":"2 Louse","floor":2.0,"turns":2.0},{"damage":0.0,"enemies":"Small Slimes","floor":3.0,"turns":5.0},{"damage":29.0,"enemies":"Exordium Wildlife","floor":5.0,"turns":10.0},{"damage":26.0,"enemies":"3 Sentries","floor":6.0,"turns":18.0},{"damage":4.0,"enemies":"Large Slime","floor":10.0,"turns":21.0},{"damage":1.0,"enemies":"Blue Slaver","floor":11.0,"turns":7.0},{"damage":3.0,"enemies":"2 Fungi Beasts","floor":12.0,"turns":6.0},{"damage":0.0,"enemies":"Exordium Thugs","floor":13.0,"turns":4.0},{"damage":15.0,"enemies":"The Guardian","floor":16.0,"turns":16.0},{"damage":11.0,"enemies":"Shell Parasite","floor":18.0,"turns":14.0},{"damage":35.0,"enemies":"Masked Bandits","floor":19.0,"turns":7.0},{"damage":0.0,"enemies":"3 Byrds","floor":22.0,"turns":4.0},{"damage":43.0,"enemies":"Cultist and Chosen","floor":24.0,"turns":8.0},{"damage":16.0,"enemies":"Snake Plant","floor":27.0,"turns":4.0},{"damage":1.0,"enemies":"Colosseum Slavers","floor":28.0,"turns":3.0},{"damage":28,"enemies":"Centurion and Healer","floor":29,"turns":7},{"damage":71,"enemies":"Automaton","floor":33,"turns":10}],"seed_played":"5509368965328081942","potions_obtained":[{"floor":5.0,"key":"SpeedPotion"},{"floor":6.0,"key":"GhostInAJar"},{"floor":10.0,"key":"GhostInAJar"},{"floor":12.0,"key":"Weak Potion"},{"floor":13.0,"key":"GhostInAJar"},{"floor":22.0,"key":"Regen Potion"},{"floor":24.0,"key":"Fire Potion"},{"floor":29,"key":"Regen Potion"}],"is_trial":false,"path_per_floor":["M","M","M","?","M","E","R","?","T","M","M","M","M","?","R","B",null,"M","?","?","$","M","R","M","R","T","M","?","M","R","?","R","B"],"character_chosen":"THE_SILENT","items_purchased":["Caltrops","HandDrill"],"campfire_rested":6,"item_purchase_floors":[21,21],"current_hp_per_floor":[63,63,63,60,31,5,28,9,9,5,4,1,1,1,24,9,60,49,14,39,39,39,62,19,42,42,31,30,2,25,25,48,0],"gold":179,"neow_bonus":"TEN_PERCENT_HP_BONUS","is_prod":false,"is_daily":false,"chose_seed":false,"campfire_upgraded":0,"win_rate":0,"timestamp":1547109122,"path_taken":["M","M","M","?","M","E","R","?","T","M","?","M","M","?","R","BOSS","M","?","?","?","M","R","M","R","T","M","?","?","R","?","R","BOSS"],"build_version":"2019-01-09","purchased_purges":1,"victory":false,"max_hp_per_floor":[77,77,77,77,77,77,77,77,77,77,77,77,77,77,77,77,77,77,77,77,77,77,77,77,77,77,77,77,77,77,77,77,77],"card_choices":[{"not_picked":["Flying Knee","Sucker Punch"],"picked":"PiercingWail","floor":1.0},{"not_picked":["Dagger Spray","Dagger Throw"],"picked":"Backflip","floor":2.0},{"not_picked":["Riddle With Holes","Setup"],"picked":"Prepared","floor":3.0},{"not_picked":["Outmaneuver","Deadly Poison"],"picked":"Dodge and Roll","floor":5.0},{"not_picked":["Slice","Sucker Punch"],"picked":"Backflip","floor":6.0},{"not_picked":["Calculated Gamble","Skewer"],"picked":"Backflip","floor":7.0},{"not_picked":["Acrobatics","Deflect"],"picked":"PiercingWail","floor":10.0},{"not_picked":["Night Terror","Dodge and Roll"],"picked":"Deadly Poison","floor":11.0},{"not_picked":["Acrobatics","Slice"],"picked":"Backflip","floor":12.0},{"not_picked":["PiercingWail","Endless Agony"],"picked":"Dagger Throw","floor":13.0},{"not_picked":["Deflect","Flechettes"],"picked":"Flying Knee","floor":15.0},{"not_picked":["Grand Finale","Die Die Die"],"picked":"Burst","floor":16.0},{"not_picked":["Deadly Poison","Dodge and Roll"],"picked":"Flechettes+1","floor":18.0},{"not_picked":["Skewer+1","Dagger Spray"],"picked":"Cloak And Dagger+1","floor":19.0},{"not_picked":["Predator","Deadly Poison"],"picked":"Skewer+1","floor":22.0},{"not_picked":["Deadly Poison","Slice+1"],"picked":"Crippling Poison","floor":23.0},{"not_picked":["Night Terror","Flechettes+1"],"picked":"Setup+1","floor":24.0},{"not_picked":["Outmaneuver","Tactician"],"picked":"Cloak And Dagger","floor":25.0},{"not_picked":["Setup","Prepared"],"picked":"Blade Dance","floor":27.0},{"not_picked":["Deadly Poison","Flying Knee","Blade Dance"],"picked":"SKIP","floor":29},{"not_picked":["Sucker Punch","Eviscerate"],"picked":"Blur","floor":30},{"not_picked":["Choke","PiercingWail"],"picked":"Adrenaline","floor":32}],"player_experience":776535,"relics_obtained":[{"floor":6.0,"key":"Dream Catcher"},{"floor":9.0,"key":"Dodecahedron"},{"floor":19.0,"key":"Red Mask"},{"floor":26.0,"key":"Bronze Scales"}],"event_choices":[{"damage_healed":0.0,"max_hp_gain":0.0,"max_hp_loss":0.0,"gold_gain":0.0,"event_name":"Scrap Ooze","player_choice":"Success","floor":4.0,"gold_loss":0.0,"damage_taken":3.0,"relics_obtained":["Gremlin Horn"]},{"damage_healed":0.0,"max_hp_gain":0.0,"max_hp_loss":0.0,"gold_gain":0.0,"event_name":"Golden Idol","player_choice":"Take Damage","floor":8.0,"gold_loss":0.0,"damage_taken":19.0,"relics_obtained":["Golden Idol"]},{"damage_healed":0.0,"max_hp_gain":0.0,"max_hp_loss":0.0,"gold_gain":0.0,"event_name":"Dead Adventurer","player_choice":"Searched \u00270\u0027 times","floor":14.0,"gold_loss":0.0,"damage_taken":0.0},{"damage_healed":0.0,"max_hp_gain":0.0,"max_hp_loss":0.0,"gold_gain":0.0,"event_name":"Masked Bandits","player_choice":"Fought Bandits","floor":19.0,"gold_loss":0.0,"damage_taken":0.0},{"damage_healed":25.0,"max_hp_gain":0.0,"max_hp_loss":0.0,"gold_gain":0.0,"event_name":"The Library","player_choice":"Heal","floor":20.0,"gold_loss":0.0,"damage_taken":0.0},{"damage_healed":0.0,"max_hp_gain":0.0,"max_hp_loss":0.0,"gold_gain":0.0,"event_name":"Colosseum","player_choice":"Fight","floor":28.0,"gold_loss":0.0,"damage_taken":0.0},{"damage_healed":0.0,"max_hp_gain":0.0,"max_hp_loss":0.0,"gold_gain":0.0,"event_name":"Colosseum","player_choice":"Fled From Nobs","floor":28.0,"gold_loss":0.0,"damage_taken":0.0},{"damage_healed":0,"gold_gain":0,"player_choice":"Simplicity","damage_taken":0,"max_hp_gain":0,"max_hp_loss":0,"event_name":"Back to Basics","floor":31,"gold_loss":0,"cards_upgraded":["Defend_G","Defend_G","Defend_G","Defend_G","Defend_G","Strike_G","Strike_G","Strike_G","Strike_G"]}],"is_beta":true,"boss_relics":[{"not_picked":["Philosopher\u0027s Stone","Coffee Dripper"],"picked":"WristBlade"}],"items_purged_floors":[21],"is_endless":false,"potions_floor_spawned":[5,6,10,12,13,22,24,29],"killed_by":"Automaton","ascension_level":12}