{"gold_per_floor":[359,376,78,153,153,153,170,197,197,197,209,209,264,277,277,372,372,386,386],"floor_reached":19,"playtime":1863,"items_purged":["Clumsy"],"score":192,"play_id":"c66231f0-e6dc-4d52-a8de-74875fa6ca20","local_time":"20181109062102","is_ascension_mode":false,"campfire_choices":[{"data":"Metallicize","floor":6,"key":"SMITH"},{"data":"Body Slam","floor":10,"key":"SMITH"},{"data":"Armaments","floor":12,"key":"SMITH"},{"data":"Dual Wield","floor":15,"key":"SMITH"}],"neow_cost":"CURSE","seed_source_timestamp":133875271914445,"circlet_count":0,"master_deck":["Strike_R","Strike_R","Strike_R","Strike_R","Defend_R","Defend_R","Defend_R","Defend_R","Bash","Thunderclap","Body Slam+1","Metallicize+1","Evolve","Entrench","Armaments+1","Entrench","Dual Wield+1","Impervious"],"relics":["Burning Blood","Lantern","Torii","Mango","Darkstone Periapt","Mark of Pain"],"potions_floor_usage":[8,8,8,13,16,16,19,19],"damage_taken":[{"damage":5,"enemies":"Jaw Worm","floor":1,"turns":7},{"damage":1,"enemies":"2 Louse","floor":2,"turns":5},{"damage":0,"enemies":"Small Slimes","floor":7,"turns":4},{"damage":7,"enemies":"Gremlin Nob","floor":8,"turns":4},{"damage":2,"enemies":"3 Louse","floor":11,"turns":4},{"damage":22,"enemies":"Lagavulin Event","floor":13,"turns":9},{"damage":0,"enemies":"2 Fungi Beasts","floor":14,"turns":5},{"damage":37,"enemies":"Hexaghost","floor":16,"turns":13},{"damage":23,"enemies":"Shell Parasite","floor":18,"turns":9},{"damage":24,"enemies":"Colosseum Slavers","floor":19,"turns":8},{"damage":71,"enemies":"Colosseum Nobs","floor":19,"turns":7}],"seed_played":"7735551379419625734","potions_obtained":[{"floor":2,"key":"EntropicBrew"},{"floor":7,"key":"SteroidPotion"},{"floor":13,"key":"Strength Potion"},{"floor":16,"key":"SkillPotion"},{"floor":18,"key":"Block Potion"}],"is_trial":false,"path_per_floor":["M","M","$","?","?","R","M","E","T","R","M","R","?","M","R","B",null,"M","?"],"character_chosen":"IRONCLAD","items_purchased":["Metallicize","Lantern"],"campfire_rested":0,"item_purchase_floors":[3,3],"current_hp_per_floor":[80,80,80,69,69,69,75,74,88,88,92,92,76,82,82,60,94,77,0],"gold":386,"neow_bonus":"TWO_FIFTY_GOLD","is_prod":false,"is_daily":false,"chose_seed":false,"campfire_upgraded":4,"win_rate":0,"timestamp":1541762462,"path_taken":["M","M","$","?","?","R","M","E","T","R","M","R","?","M","R","BOSS","M","?"],"build_version":"2018-11-08","purchased_purges":1,"victory":false,"max_hp_per_floor":[80,80,80,80,80,80,80,80,94,94,94,94,94,94,94,94,94,94,94],"card_choices":[{"not_picked":["Perfected Strike","Havoc"],"picked":"Thunderclap","floor":1},{"not_picked":["Armaments","Cleave"],"picked":"Body Slam","floor":2},{"not_picked":["Cleave","Hemokinesis"],"picked":"Evolve","floor":7},{"not_picked":["Fiend Fire","Second Wind"],"picked":"Entrench","floor":8},{"not_picked":["Wild Strike","Battle Trance"],"picked":"Armaments","floor":11},{"not_picked":["Reckless Charge","Dropkick"],"picked":"Entrench","floor":13},{"not_picked":["Rage","Inflame"],"picked":"Dual Wield","floor":14},{"not_picked":["Double Tap","Bludgeon"],"picked":"Impervious","floor":16},{"not_picked":["Perfected Strike","Searing Blow","Second Wind"],"picked":"SKIP","floor":18}],"player_experience":248530,"relics_obtained":[{"floor":8,"key":"Torii"},{"floor":9,"key":"Mango"}],"event_choices":[{"damage_healed":0,"gold_gain":75,"player_choice":"Gather Gold","damage_taken":11,"max_hp_gain":0,"max_hp_loss":0,"event_name":"World of Goop","floor":4,"gold_loss":0},{"cards_removed":["Strike_R"],"damage_healed":0,"gold_gain":0,"player_choice":"Forget","damage_taken":0,"max_hp_gain":0,"max_hp_loss":0,"event_name":"Living Wall","floor":5,"gold_loss":0},{"damage_healed":0,"gold_gain":0,"player_choice":"Searched \u00272\u0027 times","damage_taken":0,"relics_obtained":["Darkstone Periapt"],"max_hp_gain":0,"max_hp_loss":0,"event_name":"Dead Adventurer","floor":13,"gold_loss":0},{"damage_healed":0,"gold_gain":0,"player_choice":"Fight","damage_taken":0,"max_hp_gain":0,"max_hp_loss":0,"event_name":"Colosseum","floor":19,"gold_loss":0},{"damage_healed":0,"gold_gain":0,"player_choice":"Fought Nobs","damage_taken":0,"max_hp_gain":0,"max_hp_loss":0,"event_name":"Colosseum","floor":19,"gold_loss":0}],"is_beta":true,"boss_relics":[{"not_picked":["Runic Dome","Ectoplasm"],"picked":"Mark of Pain"}],"items_purged_floors":[3],"is_endless":false,"potions_floor_spawned":[2,7,13,16,18],"killed_by":"Colosseum Nobs","ascension_level":0}