{"gold_per_floor":[110,166,166,166,191,191,191,191,218,218,293,144,155,155,155,260,260,276,276,276,276,286,286,313,313,337,359,371,308,354,415,427,537,549,579,591,603,1614,952,978,993,993,993,1012,1061,1061,1061,24,24,24],"floor_reached":51,"playtime":2367,"items_purged":["Normality","Normality"],"score":1066,"play_id":"89de4ef6-89ce-4466-9b77-e50897b444f9","local_time":"20181111005646","daily_mods":["SealedDeck","Diverse","Colorless Cards","Heirloom","Flight"],"is_ascension_mode":false,"campfire_choices":[{"data":"Noxious Fumes","floor":6,"key":"SMITH"},{"data":"Clothesline","floor":7,"key":"SMITH"},{"data":"Leap","floor":8,"key":"SMITH"},{"data":"Glacier","floor":10,"key":"SMITH"},{"data":"Body Slam","floor":15,"key":"SMITH"},{"data":"Mayhem","floor":23,"key":"SMITH"},{"data":"Outmaneuver","floor":32,"key":"SMITH"},{"floor":46,"key":"DIG"},{"floor":49,"key":"DIG"}],"neow_cost":"","seed_source_timestamp":278543530223844,"circlet_count":0,"master_deck":["Glacier+1","Reinforced Body+1","Outmaneuver+1","Leap+1","Leap+1","Iron Wave+1","Footwork+1","Noxious Fumes+1","Body Slam+1","Mayhem+1","Backflip+1","Body Slam+1","Dodge and Roll+1"],"relics":["Burning Blood","Calipers","Tiny Chest","Strawberry","Boot","Dream Catcher","Anchor","Pantograph","Runic Cube","MutagenicStrength","Dodecahedron","MawBank","War Paint","Vajra","Happy Flower","Coffee Dripper","Matryoshka","MealTicket","PreservedInsect","Centennial Puzzle","Smiling Mask","Oddly Smooth Stone","Regal Pillow","The Courier","Shovel","Pen Nib","Chemical X","Lantern","Bag of Preparation","Orichalcum","Bag of Marbles","Letter Opener","Potion Belt","Juzu Bracelet"],"potions_floor_usage":[50,50],"damage_taken":[{"damage":0,"enemies":"Cultist","floor":1,"turns":5},{"damage":0,"enemies":"Jaw Worm","floor":13,"turns":3},{"damage":0,"enemies":"The Guardian","floor":16,"turns":7},{"damage":0,"enemies":"Spheric Guardian","floor":18,"turns":4},{"damage":0,"enemies":"Chosen","floor":22,"turns":5},{"damage":0,"enemies":"Book of Stabbing","floor":24,"turns":6},{"damage":0,"enemies":"Snake Plant","floor":27,"turns":3},{"damage":0,"enemies":"Slavers","floor":30,"turns":4},{"damage":0,"enemies":"Automaton","floor":33,"turns":5},{"damage":0,"enemies":"3 Darklings","floor":35,"turns":8},{"damage":29,"enemies":"Reptomancer","floor":40,"turns":6},{"damage":0,"enemies":"Orb Walker","floor":41,"turns":5},{"damage":0,"enemies":"3 Darklings","floor":44,"turns":7},{"damage":0,"enemies":"2 Orb Walkers","floor":45,"turns":5},{"damage":0,"enemies":"Donu and Deca","floor":50,"turns":4}],"seed_played":"-5972518077279325080","potions_obtained":[{"floor":13,"key":"Block Potion"},{"floor":18,"key":"FearPotion"},{"floor":22,"key":"AttackPotion"},{"floor":33,"key":"Regen Potion"},{"floor":41,"key":"Dexterity Potion"}],"is_trial":true,"path_per_floor":["M","T","T","?","T","R","R","R","T","R","?","$","M","T","R","B",null,"M","?","?","?","M","R","E","?","T","M","?","?","E","T","R","B",null,"M","?","?","?","$","E","M","T","T","M","?","R","?","$","R","B",null],"character_chosen":"IRONCLAD","items_purchased":["Anchor","Matryoshka","MealTicket","PreservedInsect","Chemical X","Lantern","Bag of Preparation","Dexterity Potion","Orichalcum","Bag of Marbles","Letter Opener","Potion Belt"],"campfire_rested":0,"item_purchase_floors":[12,39,39,39,48,48,48,48,48,48,48,48],"current_hp_per_floor":[80,80,87,70,70,70,70,70,70,70,59,59,65,65,65,87,87,87,87,87,87,87,87,87,87,87,87,87,87,87,87,87,87,87,87,87,87,87,87,64,70,70,70,76,82,82,82,87,87,87],"gold":24,"neow_bonus":"","is_prod":false,"is_daily":false,"chose_seed":false,"campfire_upgraded":7,"win_rate":0,"timestamp":1541915806,"path_taken":["M","?","?","?","?","R","R","R","T","R","?","?","?","?","R","BOSS","M","?","?","?","M","R","E","?","T","?","?","?","E","?","R","BOSS","M","?","?","?","$","E","?","?","T","?","?","R","?","$","R","BOSS"],"build_version":"2018-11-08","purchased_purges":2,"victory":true,"max_hp_per_floor":[80,80,87,87,87,87,87,87,87,87,87,87,87,87,87,87,87,87,87,87,87,87,87,87,87,87,87,87,87,87,87,87,87,87,87,87,87,87,87,87,87,87,87,87,87,87,87,87,87,87],"card_choices":[{"not_picked":["Dagger Throw","Consume","Corruption"],"picked":"SKIP","floor":1},{"not_picked":["Seeing Red","Rip and Tear"],"picked":"Body Slam","floor":13},{"not_picked":["Doppelganger","Juggernaut"],"picked":"Mayhem","floor":16},{"not_picked":["Enlightenment","Fire Breathing+1","Sucker Punch"],"picked":"SKIP","floor":18},{"not_picked":["Blade Dance","Deadly Poison","Swift Strike"],"picked":"SKIP","floor":22},{"not_picked":["Warcry","Turbo","Rebound"],"picked":"SKIP","floor":24},{"not_picked":["Loop","Bouncing Flask"],"picked":"Backflip","floor":27},{"not_picked":["Self Repair","Underhanded Strike","Skewer"],"picked":"SKIP","floor":30},{"not_picked":["Bane","Sucker Punch","Reflex+1"],"picked":"SKIP","floor":35},{"not_picked":["Static Discharge","Gash+1","Discovery+1"],"picked":"SKIP","floor":40},{"not_picked":["Warcry+1","Good Instincts","Reprogram+1"],"picked":"SKIP","floor":41},{"not_picked":["Go for the Eyes","Recycle"],"picked":"Body Slam+1","floor":44},{"not_picked":["Whirlwind+1","Backstab+1"],"picked":"Dodge and Roll+1","floor":45}],"player_experience":335656,"relics_obtained":[{"floor":2,"key":"Tiny Chest"},{"floor":3,"key":"Strawberry"},{"floor":5,"key":"Boot"},{"floor":9,"key":"Dream Catcher"},{"floor":14,"key":"Pantograph"},{"floor":24,"key":"Dodecahedron"},{"floor":26,"key":"MawBank"},{"floor":30,"key":"Vajra"},{"floor":31,"key":"Happy Flower"},{"floor":40,"key":"Centennial Puzzle"},{"floor":42,"key":"Smiling Mask"},{"floor":42,"key":"Oddly Smooth Stone"},{"floor":43,"key":"Regal Pillow"},{"floor":43,"key":"The Courier"},{"floor":45,"key":"Shovel"},{"floor":46,"key":"Pen Nib"},{"floor":49,"key":"Juzu Bracelet"}],"event_choices":[{"damage_healed":0,"gold_gain":0,"player_choice":"Entered Light","damage_taken":17,"max_hp_gain":0,"max_hp_loss":0,"event_name":"Shining Light","floor":4,"gold_loss":0,"cards_upgraded":["Iron Wave","Footwork"]},{"damage_healed":0,"gold_gain":75,"player_choice":"Gather Gold","damage_taken":11,"max_hp_gain":0,"max_hp_loss":0,"event_name":"World of Goop","floor":11,"gold_loss":0},{"damage_healed":0,"gold_gain":0,"player_choice":"Inject Mutagens","damage_taken":0,"relics_obtained":["MutagenicStrength"],"max_hp_gain":0,"max_hp_loss":0,"event_name":"Drug Dealer","floor":19,"gold_loss":0},{"damage_healed":0,"gold_gain":0,"player_choice":"Ignored","damage_taken":0,"max_hp_gain":0,"max_hp_loss":0,"event_name":"Ghosts","floor":20,"gold_loss":0},{"cards_removed":["FTL"],"damage_healed":0,"gold_gain":0,"player_choice":"Elegance","damage_taken":0,"max_hp_gain":0,"max_hp_loss":0,"event_name":"Back to Basics","floor":21,"gold_loss":0},{"damage_healed":0,"gold_gain":0,"player_choice":"Upgraded","damage_taken":0,"max_hp_gain":0,"max_hp_loss":0,"event_name":"Upgrade Shrine","floor":25,"gold_loss":0,"cards_upgraded":["Leap"]},{"damage_healed":0,"gold_gain":0,"player_choice":"Stole Relic","damage_taken":0,"relics_obtained":["War Paint"],"max_hp_gain":0,"max_hp_loss":0,"event_name":"Addict","floor":28,"gold_loss":0,"cards_obtained":["Shame"]},{"cards_removed":["Shame"],"damage_healed":0,"gold_gain":0,"player_choice":"Gave Gold","damage_taken":0,"max_hp_gain":0,"max_hp_loss":0,"event_name":"Beggar","floor":29,"gold_loss":75},{"cards_removed":["Clothesline"],"damage_healed":0,"gold_gain":0,"player_choice":"Removed Attack","damage_taken":0,"max_hp_gain":0,"max_hp_loss":0,"event_name":"Falling","floor":36,"gold_loss":0},{"damage_healed":0,"gold_gain":0,"player_choice":"Memory 1","damage_taken":0,"max_hp_gain":0,"max_hp_loss":0,"event_name":"SensoryStone","floor":37,"gold_loss":0},{"damage_healed":0,"gold_gain":999,"player_choice":"Gold","damage_taken":0,"max_hp_gain":0,"max_hp_loss":0,"event_name":"MindBloom","floor":38,"gold_loss":0,"cards_obtained":["Normality","Normality"]},{"damage_healed":0,"gold_gain":0,"player_choice":"Fight","damage_taken":0,"max_hp_gain":0,"max_hp_loss":0,"event_name":"Mysterious Sphere","floor":45,"gold_loss":0},{"damage_healed":0,"gold_gain":0,"player_choice":"Ignored","damage_taken":0,"max_hp_gain":0,"max_hp_loss":0,"event_name":"Tomb of Lord Red Mask","floor":47,"gold_loss":0}],"is_beta":true,"boss_relics":[{"not_picked":["Velvet Choker","Busted Crown"],"picked":"Runic Cube"},{"not_picked":["Runic Dome","Fusion Hammer"],"picked":"Coffee Dripper"}],"items_purged_floors":[39,48],"is_endless":false,"potions_floor_spawned":[13,18,22,30,33,41,44],"ascension_level":0}