{"gold_per_floor":[114,133,144,163,174,174,185,185,185,185,185,185,199,226,226,326,326,299,311,322,56,68,68,82,108,108,108,108],"floor_reached":28,"playtime":3110,"items_purged":["Strike_G"],"score":256,"play_id":"4c901687-5799-42c8-9948-afbc7981dc5d","local_time":"20190704145405","is_ascension_mode":true,"campfire_choices":[{"data":"Predator","floor":6,"key":"SMITH"},{"data":"Tactician","floor":8,"key":"SMITH"},{"data":"Leg Sweep","floor":10,"key":"SMITH"},{"data":"Backflip","floor":15,"key":"SMITH"},{"data":"Setup","floor":23,"key":"SMITH"},{"data":"Die Die Die","floor":27,"key":"SMITH"}],"neow_cost":"NONE","seed_source_timestamp":997292875100300,"circlet_count":0,"master_deck":["Strike_G+1","Strike_G","Strike_G+1","Strike_G","Defend_G","Defend_G","Defend_G","Defend_G","Survivor","Neutralize","Leg Sweep+1","Underhanded Strike","Tools of the Trade","Predator+1","Deflect","Tactician+1","Pain","Deflect","Backflip+1","Die Die Die+1","Setup+1","Backflip+1","Backstab","Flying Knee","Heel Hook"],"relics":["Ring of the Snake","Whetstone","Mercury Hourglass","WarpedTongs","Art of War","Eternal Feather","DollysMirror","Gremlin Horn","Anchor"],"potions_floor_usage":[5,16,16,20,20,24],"damage_taken":[{"damage":0,"enemies":"Cultist","floor":1,"turns":3},{"damage":0,"enemies":"Small Slimes","floor":2,"turns":5},{"damage":0,"enemies":"2 Louse","floor":3,"turns":3},{"damage":9,"enemies":"Lots of Slimes","floor":4,"turns":9},{"damage":6,"enemies":"Gremlin Gang","floor":5,"turns":6},{"damage":0,"enemies":"Large Slime","floor":7,"turns":6},{"damage":0,"enemies":"Red Slaver","floor":13,"turns":3},{"damage":3,"enemies":"Lagavulin","floor":14,"turns":6},{"damage":17,"enemies":"Hexaghost","floor":16,"turns":10},{"damage":16,"enemies":"2 Thieves","floor":18,"turns":5},{"damage":3,"enemies":"Chosen","floor":19,"turns":4},{"damage":11,"enemies":"3 Cultists","floor":20,"turns":6},{"damage":3,"enemies":"Snecko","floor":22,"turns":6},{"damage":1,"enemies":"Centurion and Healer","floor":24,"turns":5},{"damage":26,"enemies":"Book of Stabbing","floor":25,"turns":7},{"damage":8,"enemies":"Snake Plant","floor":28,"turns":2}],"seed_played":"-2510453569330142995","potions_obtained":[{"floor":3,"key":"Regen Potion"},{"floor":13,"key":"Ancient Potion"},{"floor":14,"key":"Weak Potion"},{"floor":18,"key":"AttackPotion"},{"floor":19,"key":"FearPotion"},{"floor":20,"key":"Fire Potion"}],"is_trial":false,"path_per_floor":["M","M","M","M","M","R","M","R","T","R","?","?","M","E","R","B",null,"M","M","M","$","M","R","M","E","T","R","M"],"character_chosen":"THE_SILENT","items_purchased":["DollysMirror"],"campfire_rested":0,"item_purchase_floors":[21],"current_hp_per_floor":[70,70,70,61,70,70,70,70,70,70,63,63,63,60,60,43,70,54,51,40,40,37,49,48,22,22,37,29],"gold":108,"neow_bonus":"REMOVE_CARD","is_prod":false,"is_daily":false,"chose_seed":false,"campfire_upgraded":6,"win_rate":0,"timestamp":1562266445,"path_taken":["M","M","M","?","M","R","M","R","T","R","?","?","M","E","R","BOSS","M","M","M","?","?","R","M","E","T","R","?"],"build_version":"2019-07-01","purchased_purges":1,"victory":false,"max_hp_per_floor":[70,70,70,70,70,70,70,70,70,70,70,70,70,70,70,70,70,70,70,70,70,70,70,70,70,70,70,70],"card_choices":[{"not_picked":["Underhanded Strike","Blade Dance"],"picked":"Leg Sweep","floor":1},{"not_picked":["Prepared","Slice"],"picked":"Underhanded Strike","floor":2},{"not_picked":["PiercingWail","Acrobatics"],"picked":"Tools of the Trade","floor":3},{"not_picked":["Concentrate","Poisoned Stab"],"picked":"Predator","floor":4},{"not_picked":["Choke","Outmaneuver"],"picked":"Deflect","floor":5},{"not_picked":["Underhanded Strike","Deflect"],"picked":"Tactician","floor":7},{"not_picked":["Dagger Spray","Bane"],"picked":"Deflect","floor":13},{"not_picked":["Quick Slash","Storm of Steel"],"picked":"Backflip","floor":14},{"not_picked":["Glass Knife","Burst"],"picked":"Die Die Die","floor":16},{"not_picked":["Slice","Acrobatics","Poisoned Stab"],"picked":"SKIP","floor":18},{"not_picked":["Dodge and Roll","Bane"],"picked":"Setup","floor":19},{"not_picked":["Deadly Poison+1","Poisoned Stab","Cloak And Dagger"],"picked":"SKIP","floor":20},{"not_picked":["Dodge and Roll","Sucker Punch"],"picked":"Backstab","floor":22},{"not_picked":["Doppelganger","Catalyst"],"picked":"Flying Knee","floor":24},{"not_picked":["Skewer","Blade Dance"],"picked":"Heel Hook","floor":25}],"player_experience":585749,"relics_obtained":[{"floor":9,"key":"Whetstone"},{"floor":14,"key":"Art of War"},{"floor":25,"key":"Gremlin Horn"},{"floor":26,"key":"Anchor"}],"event_choices":[{"damage_healed":0,"gold_gain":0,"player_choice":"Success","damage_taken":7,"relics_obtained":["Mercury Hourglass"],"max_hp_gain":0,"max_hp_loss":0,"event_name":"Scrap Ooze","floor":11,"gold_loss":0},{"damage_healed":0,"gold_gain":0,"player_choice":"Rummage","damage_taken":0,"relics_obtained":["WarpedTongs"],"max_hp_gain":0,"max_hp_loss":0,"event_name":"Accursed Blacksmith","floor":12,"gold_loss":0,"cards_obtained":["Pain"]}],"is_beta":false,"boss_relics":[{"not_picked":["Pandora\u0027s Box","Coffee Dripper"],"picked":"Eternal Feather"}],"items_purged_floors":[21],"is_endless":false,"potions_floor_spawned":[3,13,14,18,19,20],"killed_by":"Snake Plant","ascension_level":1}