{"gold_per_floor":[118,131,143,49,126,126,142,159,184,211,223,251,264,282,282,379,379,390,390,390,100,114,114,146,146,146,163,174,174],"floor_reached":29,"playtime":1575,"items_purged":[],"score":272,"play_id":"b542c36e-31f4-4dc6-93b9-60663eabf013","local_time":"20190704140200","is_ascension_mode":true,"campfire_choices":[{"data":"Madness","floor":6,"key":"SMITH"},{"data":"Glass Knife","floor":15,"key":"SMITH"},{"floor":23,"key":"REST"}],"neow_cost":"NONE","seed_source_timestamp":995702993510400,"circlet_count":0,"master_deck":["Strike_G+1","Strike_G+1","Strike_G","Strike_G","Strike_G","Defend_G","Defend_G+1","Defend_G","Defend_G+1","Defend_G","Survivor","Neutralize","Adrenaline","Heel Hook","Flying Knee","Masterful Stab","Madness+1","Sucker Punch","Quick Slash","Terror","Finisher","Glass Knife+1","Flechettes","Corpse Explosion","RitualDagger","Madness","Burst","J.A.X.","Flying Knee+1","Predator+1"],"relics":["Ring of the Snake","Whetstone","War Paint","Orichalcum","Busted Crown","Sling","Snake Skull","Matryoshka"],"potions_floor_usage":[10,12,12,22,22,24,24,27,28],"damage_taken":[{"damage":5,"enemies":"Small Slimes","floor":1,"turns":5},{"damage":0,"enemies":"Jaw Worm","floor":2,"turns":3},{"damage":0,"enemies":"2 Louse","floor":3,"turns":2},{"damage":0,"enemies":"Large Slime","floor":7,"turns":5},{"damage":5,"enemies":"Exordium Thugs","floor":8,"turns":4},{"damage":7,"enemies":"Gremlin Nob","floor":10,"turns":3},{"damage":0,"enemies":"Looter","floor":11,"turns":2},{"damage":3,"enemies":"Lagavulin","floor":12,"turns":3},{"damage":0,"enemies":"Lots of Slimes","floor":13,"turns":3},{"damage":0,"enemies":"3 Louse","floor":14,"turns":2},{"damage":23,"enemies":"The Guardian","floor":16,"turns":6},{"damage":0,"enemies":"Spheric Guardian","floor":18,"turns":3},{"damage":13,"enemies":"Shell Parasite","floor":22,"turns":4},{"damage":5,"enemies":"Slavers","floor":24,"turns":4},{"damage":3,"enemies":"Cultist and Chosen","floor":27,"turns":3},{"damage":18,"enemies":"Snecko","floor":28,"turns":4},{"damage":0,"enemies":"Snake Plant","floor":29,"turns":2}],"seed_played":"-5822795007487493573","potions_obtained":[{"floor":2,"key":"Weak Potion"},{"floor":8,"key":"GamblersBrew"},{"floor":11,"key":"AttackPotion"},{"floor":12,"key":"GamblersBrew"},{"floor":13,"key":"Ancient Potion"},{"floor":16,"key":"SteroidPotion"},{"floor":22,"key":"Poison Potion"},{"floor":24,"key":"PowerPotion"},{"floor":27,"key":"Strength Potion"}],"is_trial":false,"path_per_floor":["M","M","M","$","?","R","M","M","T","E","M","E","M","M","R","B",null,"M","?","?","$","M","R","E","?","T","M","M","M"],"character_chosen":"THE_SILENT","items_purchased":["Madness","Madness","Sling"],"campfire_rested":1,"item_purchase_floors":[4,21,21],"current_hp_per_floor":[65,65,65,65,65,65,65,60,60,53,53,50,50,50,50,27,70,70,57,51,51,38,60,55,55,55,52,34,34],"gold":174,"neow_bonus":"ONE_RANDOM_RARE_CARD","is_prod":false,"is_daily":false,"chose_seed":false,"campfire_upgraded":2,"win_rate":0,"timestamp":1562263320,"path_taken":["M","M","M","$","?","R","M","M","T","E","M","E","M","M","R","BOSS","M","?","?","$","M","R","E","?","T","M","M","M"],"build_version":"2019-07-01","purchased_purges":0,"victory":false,"max_hp_per_floor":[70,70,70,70,70,70,70,70,70,70,70,70,70,70,70,70,70,70,75,75,75,75,75,75,75,75,75,75,75],"card_choices":[{"not_picked":["Dodge and Roll","Outmaneuver"],"picked":"Heel Hook","floor":1},{"not_picked":["Prepared","Infinite Blades"],"picked":"Flying Knee","floor":2},{"not_picked":["Prepared","Setup"],"picked":"Masterful Stab","floor":3},{"not_picked":["Acrobatics","Deflect"],"picked":"Sucker Punch","floor":7},{"not_picked":["Prepared","Infinite Blades"],"picked":"Quick Slash","floor":8},{"not_picked":["Caltrops","Footwork"],"picked":"Terror","floor":10},{"not_picked":["Dodge and Roll","Predator"],"picked":"Finisher","floor":11},{"not_picked":["Bouncing Flask","Deadly Poison"],"picked":"Glass Knife","floor":12},{"not_picked":["Reflex","All Out Attack","Dodge and Roll"],"picked":"SKIP","floor":13},{"not_picked":["Deadly Poison","Outmaneuver"],"picked":"Flechettes","floor":14},{"not_picked":["Envenom","Night Terror"],"picked":"Corpse Explosion","floor":16},{"not_picked":["Bane"],"picked":"SKIP","floor":18},{"not_picked":["Cloak And Dagger"],"picked":"SKIP","floor":22},{"not_picked":[],"picked":"Burst","floor":24},{"not_picked":[],"picked":"Flying Knee+1","floor":27},{"not_picked":[],"picked":"Predator+1","floor":28}],"player_experience":584174,"relics_obtained":[{"floor":9,"key":"Whetstone"},{"floor":10,"key":"War Paint"},{"floor":12,"key":"Orichalcum"},{"floor":24,"key":"Snake Skull"},{"floor":26,"key":"Matryoshka"}],"event_choices":[{"damage_healed":0,"gold_gain":77,"player_choice":"Gained Gold","damage_taken":0,"max_hp_gain":0,"max_hp_loss":0,"event_name":"Golden Wing","floor":5,"gold_loss":0},{"damage_healed":0,"gold_gain":0,"player_choice":"Shed Blood","damage_taken":18,"max_hp_gain":5,"max_hp_loss":0,"event_name":"Forgotten Altar","floor":19,"gold_loss":0},{"damage_healed":0,"gold_gain":0,"player_choice":"Joined the Cult","damage_taken":6,"max_hp_gain":0,"max_hp_loss":0,"event_name":"Nest","floor":20,"gold_loss":0,"cards_obtained":["RitualDagger"]},{"damage_healed":0,"gold_gain":0,"player_choice":"Obtain J.A.X.","damage_taken":0,"max_hp_gain":0,"max_hp_loss":0,"event_name":"Drug Dealer","floor":25,"gold_loss":0,"cards_obtained":["J.A.X."]}],"is_beta":false,"boss_relics":[{"not_picked":["Astrolabe","Cursed Key"],"picked":"Busted Crown"}],"items_purged_floors":[],"is_endless":false,"potions_floor_spawned":[2,8,11,12,13,16,22,24,27],"killed_by":"Snake Plant","ascension_level":1}