{"gold_per_floor":[114,114,129,144,159,159,174,6,6,21,36,36,51,66,66,66],"floor_reached":16,"playtime":1584,"items_purged":[],"score":98,"play_id":"dd604e5b-e3f1-4994-8d90-f9bbafbe66dd","local_time":"20190710220332","daily_mods":["Chimera","Blue Cards","DeadlyEvents"],"is_ascension_mode":false,"campfire_choices":[{"data":"Defragment","floor":6.0,"key":"SMITH"},{"data":"Zap","floor":12.0,"key":"SMITH"},{"floor":15,"key":"REST"}],"neow_cost":"","seed_source_timestamp":0,"circlet_count":0,"master_deck":["Bash","Survivor","Zap+1","Strike_R","Strike_G","Strike_B","Defend_R","Defend_G","Defend_B","Defragment+1","Undo","White Noise","Chrysalis","Coolheaded","Capacitor"],"special_seed":18088,"relics":["Burning Blood","GremlinMask","Matryoshka"],"potions_floor_usage":[16,16],"damage_taken":[{"damage":2.0,"enemies":"Jaw Worm","floor":1.0,"turns":6.0},{"damage":0.0,"enemies":"Cultist","floor":3.0,"turns":5.0},{"damage":0.0,"enemies":"Small Slimes","floor":4.0,"turns":4.0},{"damage":14.0,"enemies":"Blue Slaver","floor":5.0,"turns":6.0},{"damage":0.0,"enemies":"Red Slaver","floor":7.0,"turns":5.0},{"damage":2.0,"enemies":"Looter","floor":10.0,"turns":3.0},{"damage":27.0,"enemies":"Lots of Slimes","floor":11.0,"turns":10.0},{"damage":14.0,"enemies":"2 Fungi Beasts","floor":13.0,"turns":5.0},{"damage":12,"enemies":"Blue Slaver","floor":14,"turns":5},{"damage":47,"enemies":"Slime Boss","floor":16,"turns":12}],"seed_played":"5538255350721722411","potions_obtained":[{"floor":4.0,"key":"SpeedPotion"},{"floor":10.0,"key":"SkillPotion"},{"floor":11.0,"key":"LiquidBronze"}],"is_trial":false,"path_per_floor":["M","?","M","M","M","R","M","$","T","M","M","R","M","M","R","B"],"character_chosen":"IRONCLAD","items_purchased":["Chrysalis"],"campfire_rested":1,"item_purchase_floors":[8],"current_hp_per_floor":[80,80,80,80,72,72,78,78,78,80,59,59,51,45,69,22],"gold":66,"neow_bonus":"","is_prod":false,"is_daily":true,"chose_seed":false,"campfire_upgraded":2,"win_rate":0,"timestamp":1562821412,"path_taken":["M","?","M","M","M","R","M","$","T","M","M","R","M","M","R","BOSS"],"build_version":"2019-07-05","purchased_purges":0,"victory":false,"max_hp_per_floor":[80,80,80,80,80,80,80,80,80,80,80,80,80,80,80,80],"card_choices":[{"not_picked":["Wild Strike","Intimidate"],"picked":"Defragment","floor":1.0},{"not_picked":["Loop","Shrug It Off"],"picked":"Undo","floor":3.0},{"not_picked":["Stack","Beam Cell","Flex"],"picked":"SKIP","floor":4.0},{"not_picked":["Undo","True Grit","Cleave"],"picked":"SKIP","floor":5.0},{"not_picked":["Steam","Streamline"],"picked":"White Noise","floor":7.0},{"not_picked":["Thunderclap","Beam Cell"],"picked":"Coolheaded","floor":10.0},{"not_picked":["Armaments","Pummel","Thunderclap"],"picked":"SKIP","floor":11.0},{"not_picked":["Dropkick","Body Slam","Warcry"],"picked":"SKIP","floor":13.0},{"not_picked":["Clothesline","Entrench"],"picked":"Capacitor","floor":14}],"player_experience":111959,"relics_obtained":[{"floor":9.0,"key":"Matryoshka"}],"event_choices":[{"damage_healed":0.0,"max_hp_gain":0.0,"max_hp_loss":0.0,"gold_gain":0.0,"event_name":"FaceTrader","player_choice":"Trade","floor":2.0,"gold_loss":0.0,"damage_taken":0.0,"relics_obtained":["GremlinMask"]}],"is_beta":false,"boss_relics":[],"items_purged_floors":[],"is_endless":false,"potions_floor_spawned":[4,10,11,13],"killed_by":"Slime Boss","ascension_level":0}