{"gold_per_floor":[111,128,142,142,158,158,158,189,189,199,209,223,298,46,46,141,141,156,143,157,157,37,37,62,62,89,89,108,127,127,145,145,247,247,267,284,296,314,314,314,328,328,328,341,359,376,396,396,396,396],"floor_reached":51,"playtime":7199,"items_purged":[],"score":656,"play_id":"c1c79eb0-630f-483f-87d9-4d2030b771d6","local_time":"20190623150557","is_ascension_mode":false,"campfire_choices":[{"data":"Blizzard","floor":6.0,"key":"SMITH"},{"data":"Barrage","floor":15.0,"key":"SMITH"},{"floor":23.0,"key":"REST"},{"floor":27.0,"key":"REST"},{"data":"Loop","floor":30.0,"key":"SMITH"},{"floor":32.0,"key":"REST"},{"floor":40,"key":"REST"},{"data":"Loop","floor":42,"key":"SMITH"},{"data":"Creative AI","floor":49,"key":"SMITH"}],"neow_cost":"NONE","seed_source_timestamp":0,"circlet_count":0,"master_deck":["Strike_B","Strike_B","Strike_B","Defend_B","Defend_B","Defend_B","Defend_B","Zap","Dualcast","FTL","Hologram","Chill","Static Discharge","Blizzard+1","Genetic Algorithm","Sweeping Beam","Rebound","Barrage+1","Glacier","Self Repair","Cold Snap","Streamline","The Bomb","Creative AI+1","Leap+1","Beam Cell","Loop+1","Chill","Cold Snap","Redo","Melter","Madness","Capacitor","Go for the Eyes","Loop+1","Glacier","Coolheaded","Multi-Cast","Capacitor","Conserve Battery","Rebound","Steam+1","Defragment+1","FTL","Conserve Battery+1","Recycle+1","Self Repair+1","Parasite"],"special_seed":0,"relics":["Cracked Core","Pantograph","Ice Cream","Prayer Wheel","Black Star","Anchor","Mercury Hourglass","Orichalcum","Busted Crown","FossilizedHelix"],"potions_floor_usage":[39,44,50],"damage_taken":[{"damage":0.0,"enemies":"Small Slimes","floor":1.0,"turns":2.0},{"damage":1.0,"enemies":"Cultist","floor":2.0,"turns":3.0},{"damage":1.0,"enemies":"2 Louse","floor":3.0,"turns":3.0},{"damage":2.0,"enemies":"Blue Slaver","floor":5.0,"turns":4.0},{"damage":2.0,"enemies":"Lagavulin","floor":8.0,"turns":6.0},{"damage":0.0,"enemies":"2 Fungi Beasts","floor":10.0,"turns":2.0},{"damage":3.0,"enemies":"Looter","floor":11.0,"turns":3.0},{"damage":0.0,"enemies":"Red Slaver","floor":12.0,"turns":5.0},{"damage":23.0,"enemies":"Slime Boss","floor":16.0,"turns":10.0},{"damage":8.0,"enemies":"3 Byrds","floor":18.0,"turns":4.0},{"damage":17.0,"enemies":"2 Thieves","floor":19.0,"turns":4.0},{"damage":22.0,"enemies":"Snecko","floor":20.0,"turns":7.0},{"damage":50.0,"enemies":"Book of Stabbing","floor":24.0,"turns":8.0},{"damage":14.0,"enemies":"Snake Plant","floor":28.0,"turns":6.0},{"damage":0.0,"enemies":"3 Cultists","floor":29.0,"turns":4.0},{"damage":31.0,"enemies":"Shelled Parasite and Fungi","floor":31.0,"turns":8.0},{"damage":50.0,"enemies":"Champ","floor":33.0,"turns":13.0},{"damage":1,"enemies":"Orb Walker","floor":35,"turns":3},{"damage":0,"enemies":"3 Shapes","floor":36,"turns":4},{"damage":13,"enemies":"Spire Growth","floor":37,"turns":4},{"damage":39,"enemies":"3 Darklings","floor":38,"turns":5},{"damage":0,"enemies":"Jaw Worm Horde","floor":39,"turns":1},{"damage":0,"enemies":"Sphere and 2 Shapes","floor":41,"turns":5},{"damage":0,"enemies":"3 Darklings","floor":44,"turns":3},{"damage":5,"enemies":"Spire Growth","floor":45,"turns":7},{"damage":7,"enemies":"Writhing Mass","floor":46,"turns":11},{"damage":1,"enemies":"Jaw Worm Horde","floor":47,"turns":8},{"damage":66,"enemies":"Awakened One","floor":50,"turns":23}],"seed_played":"3750658090617829778","potions_obtained":[{"floor":1.0,"key":"SkillPotion"},{"floor":2.0,"key":"FearPotion"},{"floor":5.0,"key":"Energy Potion"},{"floor":11.0,"key":"SkillPotion"},{"floor":20.0,"key":"SteroidPotion"},{"floor":31.0,"key":"Energy Potion"},{"floor":33.0,"key":"Ancient Potion"},{"floor":37,"key":"SmokeBomb"},{"floor":45,"key":"FearPotion"},{"floor":46,"key":"Block Potion"}],"is_trial":false,"path_per_floor":["M","M","M","?","M","R","?","E","T","M","M","M","?","$","R","B",null,"M","M","M","?","$","R","E","?","T","R","M","M","R","M","R","B",null,"M","M","M","M","M","R","M","R","T","M","M","M","M","?","R","B",null],"character_chosen":"DEFECT","items_purchased":["Cold Snap","Streamline","The Bomb","Melter","Madness"],"campfire_rested":4,"item_purchase_floors":[14,14,14,22,22],"current_hp_per_floor":[75,74,73,73,71,71,71,69,69,69,66,66,55,55,55,59,75,74,57,42,28,28,52,9,9,9,33,26,33,33,9,33,8,80,79,79,66,27,27,51,51,51,51,51,46,56,72,72,72,14],"gold":396,"neow_bonus":"TRANSFORM_CARD","is_prod":false,"is_daily":false,"chose_seed":false,"campfire_upgraded":5,"win_rate":0.0,"timestamp":1561316757,"path_taken":["M","M","M","?","?","R","?","E","T","M","M","M","?","$","R","BOSS","M","M","M","?","$","R","E","?","T","R","M","M","R","M","R","BOSS","M","M","M","M","M","R","M","R","T","M","M","M","M","?","R","BOSS"],"build_version":"2019-01-23","purchased_purges":0,"victory":true,"max_hp_per_floor":[75,75,75,75,75,75,75,75,75,75,75,75,75,75,75,75,75,75,75,75,80,80,80,80,80,80,80,80,80,80,80,80,80,80,80,80,80,80,80,80,80,80,80,80,80,80,80,80,80,80],"card_choices":[{"not_picked":["Storm","Beam Cell"],"picked":"Hologram","floor":1.0},{"not_picked":["Steam","Aggregate"],"picked":"Chill","floor":2.0},{"not_picked":["Gash","Sunder"],"picked":"Static Discharge","floor":3.0},{"not_picked":["Steam","Tempest"],"picked":"Blizzard","floor":5.0},{"not_picked":["Barrage","Beam Cell"],"picked":"Genetic Algorithm","floor":8.0},{"not_picked":["Streamline","Ball Lightning"],"picked":"Sweeping Beam","floor":10.0},{"not_picked":["Sunder","Aggregate"],"picked":"Rebound","floor":10.0},{"not_picked":["Darkness","Loop"],"picked":"Barrage","floor":11.0},{"not_picked":["FTL","Compile Driver"],"picked":"Glacier","floor":11.0},{"not_picked":["Steam Power","Stack"],"picked":"Conserve Battery","floor":12.0},{"not_picked":["Steam Power","Barrage"],"picked":"Self Repair","floor":12.0},{"not_picked":["Seek","Thunder Strike"],"picked":"Creative AI","floor":16.0},{"not_picked":["Streamline","Turbo"],"picked":"Leap+1","floor":18.0},{"not_picked":["Chaos","Stack+1"],"picked":"Beam Cell","floor":18.0},{"not_picked":["Sunder","BootSequence"],"picked":"Loop","floor":19.0},{"not_picked":["Streamline+1","Scrape"],"picked":"Chill","floor":19.0},{"not_picked":["Rip and Tear","FTL"],"picked":"Cold Snap","floor":20.0},{"not_picked":["Steam Power","Compile Driver"],"picked":"Redo","floor":20.0},{"not_picked":["Conserve Battery","Ball Lightning+1"],"picked":"Capacitor","floor":24.0},{"not_picked":["Stack","Sweeping Beam"],"picked":"Go for the Eyes","floor":28.0},{"not_picked":["Fission","Sweeping Beam+1"],"picked":"Loop","floor":28.0},{"not_picked":["Redo+1","Beam Cell"],"picked":"Glacier","floor":29.0},{"not_picked":["Tempest","Compile Driver","Fusion+1"],"picked":"SKIP","floor":29.0},{"not_picked":["Beam Cell","Sweeping Beam"],"picked":"Coolheaded","floor":31.0},{"not_picked":["BootSequence","Rebound+1","Reinforced Body"],"picked":"SKIP","floor":31.0},{"not_picked":["Seek","Machine Learning"],"picked":"Multi-Cast","floor":33.0},{"not_picked":[],"picked":"Capacitor","floor":35},{"not_picked":[],"picked":"Conserve Battery","floor":35},{"not_picked":[],"picked":"Rebound","floor":36},{"not_picked":["Lockon"],"picked":"SKIP","floor":36},{"not_picked":[],"picked":"Steam+1","floor":37},{"not_picked":["Compile Driver"],"picked":"SKIP","floor":37},{"not_picked":[],"picked":"Defragment+1","floor":38},{"not_picked":[],"picked":"FTL","floor":38},{"not_picked":[],"picked":"Conserve Battery+1","floor":41},{"not_picked":["Compile Driver+1"],"picked":"SKIP","floor":41},{"not_picked":[],"picked":"Recycle+1","floor":44},{"not_picked":["Scrape+1"],"picked":"SKIP","floor":44},{"not_picked":[],"picked":"Self Repair+1","floor":45},{"not_picked":["Rebound"],"picked":"SKIP","floor":45},{"not_picked":["Leap"],"picked":"SKIP","floor":46},{"not_picked":["Force Field+1"],"picked":"SKIP","floor":46},{"not_picked":["Steam"],"picked":"SKIP","floor":47},{"not_picked":["Sweeping Beam"],"picked":"SKIP","floor":47}],"player_experience":457483,"relics_obtained":[{"floor":8.0,"key":"Ice Cream"},{"floor":9.0,"key":"Prayer Wheel"},{"floor":24.0,"key":"Anchor"},{"floor":24.0,"key":"Mercury Hourglass"},{"floor":26.0,"key":"Orichalcum"},{"floor":43,"key":"FossilizedHelix"}],"event_choices":[{"damage_healed":0.0,"max_hp_gain":0.0,"max_hp_loss":0.0,"gold_gain":0.0,"event_name":"WeMeetAgain","player_choice":"Gave Potion","floor":4.0,"gold_loss":0.0,"damage_taken":0.0,"relics_obtained":["Pantograph"]},{"damage_healed":0.0,"max_hp_gain":0.0,"max_hp_loss":0.0,"gold_gain":0.0,"event_name":"Liars Game","player_choice":"Ignored","floor":7.0,"gold_loss":0.0,"damage_taken":0.0},{"damage_healed":0.0,"max_hp_gain":0.0,"max_hp_loss":0.0,"gold_gain":75.0,"event_name":"World of Goop","player_choice":"Gather Gold","floor":13.0,"gold_loss":0.0,"damage_taken":11.0},{"damage_healed":0.0,"max_hp_gain":5.0,"max_hp_loss":0.0,"gold_gain":0.0,"event_name":"Forgotten Altar","player_choice":"Shed Blood","floor":21.0,"gold_loss":0.0,"damage_taken":19.0},{"damage_healed":0.0,"max_hp_gain":0.0,"max_hp_loss":0.0,"gold_gain":0.0,"event_name":"Ghosts","player_choice":"Ignored","floor":25.0,"gold_loss":0.0,"damage_taken":0.0},{"cards_removed":["Conserve Battery"],"damage_healed":0,"gold_gain":0,"player_choice":"Removed Skill","damage_taken":0,"max_hp_gain":0,"max_hp_loss":0,"event_name":"Falling","floor":48,"gold_loss":0}],"is_beta":false,"boss_relics":[{"not_picked":["Calling Bell","Orrery"],"picked":"Black Star"},{"not_picked":["Tiny House","Snecko Eye"],"picked":"Busted Crown"}],"items_purged_floors":[],"is_endless":false,"potions_floor_spawned":[1,2,5,11,20,31,33,37,38,39,45,46],"ascension_level":0}