{"gold_per_floor":[114,27,44,44,64,64,64,82,107,107,123,123,123,138,138,212,212,182,192,211,211,211,211,228,59,59,59],"floor_reached":27,"playtime":1179,"items_purged":[],"score":504,"play_id":"3a2c7f66-d574-4038-8c35-6eabb7290c6b","local_time":"20190207164809","is_ascension_mode":true,"campfire_choices":[{"data":"Redo","floor":7,"key":"SMITH"},{"data":"Zap","floor":10,"key":"SMITH"},{"data":"Thunder Strike","floor":12,"key":"SMITH"},{"data":"Capacitor","floor":15,"key":"SMITH"},{"floor":23,"key":"REST"}],"neow_cost":"NONE","seed_source_timestamp":787929329418560,"circlet_count":0,"master_deck":["AscendersBane","Strike_B","Strike_B","Defend_B","Defend_B","Defend_B","Defend_B","Zap+1","Dualcast","Conserve Battery","Self Repair","Cold Snap","Redo+1","Glacier","Thunder Strike+1","Capacitor+1","Cold Snap","Reboot","BootSequence","Cold Snap","Ball Lightning"],"special_seed":0,"relics":["Cracked Core","Pen Nib","Runic Pyramid","Enchiridion","Anchor","Toxic Egg 2"],"potions_floor_usage":[6,19,24,27,27],"damage_taken":[{"damage":1.0,"enemies":"Cultist","floor":1.0,"turns":3.0},{"damage":8.0,"enemies":"2 Louse","floor":3.0,"turns":4.0},{"damage":7.0,"enemies":"Jaw Worm","floor":5.0,"turns":4.0},{"damage":0,"enemies":"Gremlin Nob","floor":6,"turns":1},{"damage":0,"enemies":"Blue Slaver","floor":8,"turns":4},{"damage":17,"enemies":"Lots of Slimes","floor":11,"turns":4},{"damage":13,"enemies":"Large Slime","floor":14,"turns":7},{"damage":0,"enemies":"The Guardian","floor":16,"turns":10},{"damage":18,"enemies":"2 Thieves","floor":18,"turns":4},{"damage":5,"enemies":"Chosen","floor":19,"turns":7},{"damage":20,"enemies":"Centurion and Healer","floor":20,"turns":7},{"damage":40,"enemies":"Cultist and Chosen","floor":24,"turns":8},{"damage":30,"enemies":"3 Cultists","floor":27,"turns":4}],"seed_played":"-8260942531062300958","potions_obtained":[{"floor":1.0,"key":"SmokeBomb"},{"floor":11,"key":"Ancient Potion"},{"floor":16,"key":"GamblersBrew"},{"floor":20,"key":"Regen Potion"},{"floor":24,"key":"SpeedPotion"}],"is_trial":false,"path_per_floor":["M","$","M","?","M","E","R","M","T","R","M","R","?","M","R","B",null,"M","M","M","?","?","R","M","$","T","M"],"character_chosen":"DEFECT","items_purchased":["Self Repair","Cold Snap","Anchor"],"campfire_rested":1,"item_purchase_floors":[2,2,25],"current_hp_per_floor":[70,70,69,69,69,76,76,78,78,78,68,68,68,62,62,69,76,65,67,54,32,11,35,17,17,17,0],"gold":59,"neow_bonus":"TEN_PERCENT_HP_BONUS","is_prod":false,"is_daily":false,"chose_seed":false,"campfire_upgraded":4,"win_rate":0,"timestamp":1549576089,"path_taken":["M","?","M","?","?","E","R","M","T","R","M","R","?","M","R","BOSS","M","M","?","?","?","R","M","$","T","M"],"build_version":"2019-02-06","purchased_purges":0,"victory":false,"max_hp_per_floor":[78,78,78,78,78,78,78,78,78,78,78,78,78,78,78,78,78,78,78,78,83,83,83,83,83,83,83],"card_choices":[{"not_picked":["Reprogram","Leap"],"picked":"Conserve Battery","floor":1.0},{"not_picked":["Rebound","Fusion"],"picked":"Redo","floor":3.0},{"not_picked":["Ball Lightning","Rebound"],"picked":"Glacier","floor":5.0},{"not_picked":["Gash","Auto Shields"],"picked":"Thunder Strike","floor":8},{"not_picked":["Sweeping Beam","Redo"],"picked":"Capacitor","floor":11},{"not_picked":["Rebound","Auto Shields"],"picked":"Cold Snap","floor":14},{"not_picked":["Hyperbeam","Creative AI"],"picked":"Reboot","floor":16},{"not_picked":["Tempest","Hologram","Storm"],"picked":"SKIP","floor":18},{"not_picked":["Turbo","Storm+1"],"picked":"BootSequence","floor":19},{"not_picked":["Turbo","Recycle"],"picked":"Cold Snap","floor":20},{"not_picked":["Gash","Sweeping Beam"],"picked":"Ball Lightning","floor":24}],"player_experience":930826,"relics_obtained":[{"floor":9,"key":"Pen Nib"},{"floor":22,"key":"Enchiridion"},{"floor":26,"key":"Toxic Egg 2"}],"event_choices":[{"cards_removed":["Strike_B"],"damage_healed":0.0,"max_hp_gain":0.0,"max_hp_loss":0.0,"gold_gain":0.0,"event_name":"Wheel of Change","player_choice":"Card Removal","floor":4.0,"gold_loss":0.0,"damage_taken":0.0},{"cards_removed":["Strike_B"],"damage_healed":0,"gold_gain":0,"player_choice":"Purged","damage_taken":0,"max_hp_gain":0,"max_hp_loss":0,"event_name":"Purifier","floor":13,"gold_loss":0},{"damage_healed":0,"gold_gain":0,"player_choice":"Shed Blood","damage_taken":27,"max_hp_gain":5,"max_hp_loss":0,"event_name":"Forgotten Altar","floor":21,"gold_loss":0},{"damage_healed":0,"gold_gain":0,"player_choice":"Obtained Book","damage_taken":21,"max_hp_gain":0,"max_hp_loss":0,"event_name":"Cursed Tome","floor":22,"gold_loss":0}],"is_beta":true,"boss_relics":[{"not_picked":["Tiny House","Fusion Hammer"],"picked":"Runic Pyramid"}],"items_purged_floors":[],"is_endless":false,"potions_floor_spawned":[1,11,16,20,24],"killed_by":"3 Cultists","ascension_level":18}