{"gold_per_floor":[109,119,129,143,161,161,195,195,195,209,539,558,538,557,557,629,629,643,657,670,698,712,725,725,743,743,758,774,58,58,58,58,133,133,143,161,176,186,230,230,250,314,381,411,443,455,483,514,526,614,626,655,687,717,879,902,924,950,981,1016,1055,1087,1116,1140,1164,1176,1267,1329,1354,1376,1413,1441,1471,1483,1513,1540,1581,1607,1619,1642,1665,1690,1702,1788,1800,1823,1854,1879,1891,1903,1915,1959,1971,2012,2034,2062,2296,2327,2357,2369,2455,2467],"floor_reached":102,"playtime":7665,"items_purged":["Strike_B"],"score":4724,"play_id":"c17100e8-157a-4c68-b1da-3d8168211b40","local_time":"20180721162053","daily_mods":["Draft","Brewmaster","Heirloom","Insanity","Specialized","Allstar","Time Dilation","Vintage"],"is_ascension_mode":true,"campfire_choices":[{"data":"Heatsinks","floor":6,"key":"SMITH"},{"data":"Reinforced Body","floor":8,"key":"SMITH"},{"data":"Genetic Algorithm","floor":15,"key":"SMITH"},{"data":"Heatsinks","floor":32,"key":"SMITH"},{"data":"Coolheaded","floor":40,"key":"SMITH"},{"data":"Amplify","floor":46,"key":"SMITH"},{"data":"Storm","floor":49,"key":"SMITH"},{"data":"Thunder Strike","floor":66,"key":"SMITH"},{"data":"Aggregate","floor":74,"key":"SMITH"},{"data":"1","floor":79,"key":"LIFT"},{"data":"2","floor":83,"key":"LIFT"},{"data":"3","floor":91,"key":"LIFT"},{"data":"Genetic Algorithm","floor":93,"key":"SMITH"},{"data":"Hello World","floor":100,"key":"PURGE"}],"neow_cost":"","seed_source_timestamp":0,"circlet_count":1,"master_deck":["Biased Cognition","Reboot","White Noise","Seek+1","Sunder","Darkness","Hyperbeam","Aggregate+1","Aggregate","Capacitor","Beam Cell+1","Coolheaded+1","Reprogram+1","Aggregate","Beam Cell","Amplify+1","Heatsinks+1","Machine Learning","Lockon","Reinforced Body+1","Hyperbeam","Leap","Core Surge","Genetic Algorithm+1","Self Repair","Beam Cell","Echo Form","Echo Form","Rainbow","Consume","Steam","Self Repair","Reboot","All For One","Fission","Genetic Algorithm+1","Gash","Echo Form","Gash","Auto Shields","Echo Form","Multi-Cast","Consume+1","Turbo","Dualcast","Meteor Strike","Hyperbeam","Hyperbeam","Demon Form","Wraith Form v2","Echo Form","AscendersBane","Aggregate","Cold Snap","Leap","Double Energy","Doom and Gloom+1","Static Discharge","Compile Driver","Heatsinks+1","Storm+1","Chaos","Conserve Battery","Capacitor","Consume","BootSequence","Double Energy","Thunder Strike+1","Genetic Algorithm+1","Clumsy","Injury","Injury"],"relics":["Unceasing Top","Peace Pipe","White Beast Statue","Boot","Ice Cream","Singing Bowl","Bottled Flame","Pen Nib","Bottled Lightning","Bag of Marbles","Old Coin","Shuriken","Gremlin Horn","Kunai","Busted Crown","DataDisk","Torii","Dream Catcher","Red Mask","Frozen Egg 2","Vajra","Nloth\u0027s Gift","Darkstone Periapt","Toxic Egg 2","Pear","Orichalcum","StoneCalendar","Omamori","Toolbox","Bottled Tornado","Eternal Feather","Symbiotic Virus","Juzu Bracelet","Blood Vial","The Courier","Tiny Chest","MawBank","Incense Burner","Anchor","Oddly Smooth Stone","Bronze Scales","Centennial Puzzle","Whetstone","Meat on the Bone","Nuclear Battery","Bird Faced Urn","Lantern","Bag of Preparation","Strawberry","Ancient Tea Set","Regal Pillow","War Paint","Potion Belt","Pantograph","Mango","Art of War","Blue Candle","Calipers","Tiny House","Matryoshka","Happy Flower","Circlet","Dodecahedron","Mercury Hourglass","Smiling Mask","Cables","Girya","Molten Egg 2","Mummified Hand","Turnip","Letter Opener","Black Star","Question Card","Ornamental Fan","Sundial","Prayer Wheel","Emotion Chip","Nunchaku","Ginger","Dead Branch","Calling Bell","Thread and Needle","Du-Vu Doll","Gambling Chip"],"potions_floor_usage":[2,4,11,14,14,18,25,27,33,36,37,48,50,50,67,101,101,101],"damage_taken":[{"damage":2,"enemies":"Jaw Worm","floor":1,"turns":5},{"damage":0,"enemies":"Cultist","floor":2,"turns":1},{"damage":0,"enemies":"Small Slimes","floor":3,"turns":3},{"damage":0,"enemies":"3 Louse","floor":4,"turns":1},{"damage":0,"enemies":"Gremlin Gang","floor":5,"turns":1},{"damage":0,"enemies":"3 Sentries","floor":7,"turns":2},{"damage":0,"enemies":"Exordium Wildlife","floor":10,"turns":3},{"damage":0,"enemies":"Lagavulin","floor":11,"turns":3},{"damage":0,"enemies":"2 Fungi Beasts","floor":12,"turns":1},{"damage":12,"enemies":"Looter","floor":14,"turns":3},{"damage":0,"enemies":"Slime Boss","floor":16,"turns":3},{"damage":0,"enemies":"Shell Parasite","floor":18,"turns":2},{"damage":17,"enemies":"2 Thieves","floor":19,"turns":4},{"damage":7,"enemies":"Chosen and Byrds","floor":20,"turns":3},{"damage":0,"floor":21,"turns":2},{"damage":0,"enemies":"Slaver and Parasite","floor":22,"turns":1},{"damage":0,"enemies":"Snake Plant","floor":23,"turns":2},{"damage":0,"enemies":"Snecko","floor":25,"turns":4},{"damage":0,"enemies":"Centurion and Healer","floor":27,"turns":3},{"damage":0,"enemies":"3 Cultists","floor":28,"turns":4},{"damage":0,"enemies":"Automaton","floor":33,"turns":3},{"damage":0,"enemies":"3 Darklings","floor":35,"turns":2},{"damage":0,"enemies":"Orb Walker","floor":36,"turns":1},{"damage":6,"enemies":"Spire Growth","floor":37,"turns":4},{"damage":11,"enemies":"3 Darklings","floor":38,"turns":3},{"damage":0,"enemies":"Maw","floor":39,"turns":5},{"damage":0,"enemies":"4 Shapes","floor":41,"turns":2},{"damage":0,"floor":42,"turns":1},{"damage":0,"enemies":"Sphere and 2 Shapes","floor":44,"turns":1},{"damage":0,"enemies":"3 Darklings","floor":45,"turns":2},{"damage":0,"enemies":"4 Shapes","floor":47,"turns":1},{"damage":0,"enemies":"Flame Bruiser 2 Orb","floor":48,"turns":1},{"damage":0,"enemies":"Awakened One","floor":50,"turns":4},{"damage":0,"enemies":"2 Louse","floor":52,"turns":1},{"damage":0,"enemies":"Jaw Worm","floor":53,"turns":1},{"damage":0,"enemies":"Small Slimes","floor":54,"turns":1},{"damage":0,"enemies":"3 Louse","floor":56,"turns":1},{"damage":0,"enemies":"Large Slime","floor":57,"turns":1},{"damage":0,"enemies":"2 Fungi Beasts","floor":58,"turns":1},{"damage":0,"enemies":"3 Louse","floor":59,"turns":1},{"damage":0,"enemies":"Lagavulin","floor":61,"turns":2},{"damage":0,"enemies":"Gremlin Gang","floor":62,"turns":1},{"damage":0,"enemies":"Blue Slaver","floor":63,"turns":1},{"damage":0,"enemies":"Looter","floor":64,"turns":1},{"damage":0,"enemies":"Large Slime","floor":65,"turns":1},{"damage":0,"enemies":"Hexaghost","floor":67,"turns":2},{"damage":0,"enemies":"Shell Parasite","floor":69,"turns":1},{"damage":0,"enemies":"2 Thieves","floor":70,"turns":1},{"damage":0,"floor":71,"turns":1},{"damage":0,"enemies":"3 Cultists","floor":72,"turns":1},{"damage":0,"enemies":"Snake Plant","floor":73,"turns":1},{"damage":0,"enemies":"Cultist and Chosen","floor":75,"turns":1},{"damage":0,"enemies":"Centurion and Healer","floor":76,"turns":1},{"damage":0,"enemies":"Book of Stabbing","floor":77,"turns":1},{"damage":0,"enemies":"Snecko","floor":78,"turns":1},{"damage":0,"enemies":"Snake Plant","floor":80,"turns":1},{"damage":0,"enemies":"Centurion and Healer","floor":81,"turns":1},{"damage":0,"enemies":"Slaver and Parasite","floor":82,"turns":1},{"damage":0,"enemies":"Collector","floor":84,"turns":1},{"damage":0,"enemies":"3 Darklings","floor":86,"turns":1},{"damage":0,"enemies":"Orb Walker","floor":87,"turns":1},{"damage":0,"enemies":"Maw","floor":88,"turns":1},{"damage":0,"enemies":"2 Orb Walkers","floor":92,"turns":1},{"damage":0,"enemies":"Nemesis","floor":94,"turns":1},{"damage":0,"enemies":"Sphere and 2 Shapes","floor":95,"turns":1},{"damage":0,"enemies":"3 Darklings","floor":96,"turns":1},{"damage":0,"enemies":"Spire Growth","floor":98,"turns":1},{"damage":0,"enemies":"Transient","floor":99,"turns":1},{"damage":0,"enemies":"Time Eater","floor":101,"turns":3}],"seed_played":"4196138549455850450","potions_obtained":[{"floor":1,"key":"GamblersBrew"},{"floor":2,"key":"Poison Potion"},{"floor":3,"key":"SneckoOil"},{"floor":4,"key":"Poison Potion"},{"floor":11,"key":"Fruit Juice"},{"floor":14,"key":"FearPotion"},{"floor":16,"key":"SkillPotion"},{"floor":18,"key":"Energy Potion"},{"floor":22,"key":"AttackPotion"},{"floor":23,"key":"Fruit Juice"},{"floor":25,"key":"EssenceOfSteel"},{"floor":27,"key":"Explosive Potion"},{"floor":33,"key":"AttackPotion"},{"floor":36,"key":"SneckoOil"},{"floor":37,"key":"FocusPotion"},{"floor":38,"key":"Dexterity Potion"},{"floor":48,"key":"Block Potion"},{"floor":50,"key":"Dexterity Potion"},{"floor":52,"key":"Regen Potion"},{"floor":61,"key":"Poison Potion"},{"floor":62,"key":"EntropicBrew"},{"floor":63,"key":"Dexterity Potion"},{"floor":64,"key":"Dexterity Potion"},{"floor":67,"key":"LiquidBronze"},{"floor":73,"key":"Dexterity Potion"},{"floor":101,"key":"Block Potion"}],"is_trial":true,"path_per_floor":["M","M","M","M","M","R","E","R","T","M","E","M","?","M","R","B",null,"M","M","M","?","M","M","?","M","T","M","M","$","?","$","R","B",null,"M","M","M","M","M","R","M","?","T","M","M","R","M","M","R","B",null,"M","M","M","?","M","M","M","M","T","E","M","M","M","M","R","B",null,"M","M","?","M","M","R","M","M","E","M","R","M","M","M","R","B",null,"M","M","M","?","?","R","E","R","E","M","M","?","M","M","R","B"],"character_chosen":"DEFECT","items_purchased":["StoneCalendar","Omamori","Toolbox"],"campfire_rested":0,"item_purchase_floors":[29,29,29],"current_hp_per_floor":[62,62,69,69,69,69,73,73,73,73,75,75,75,68,68,82,82,82,72,72,74,74,84,84,89,89,99,99,99,99,99,99,101,101,101,101,95,93,101,101,101,103,103,103,103,103,103,103,103,105,105,105,105,105,105,112,112,112,112,112,112,112,126,126,126,126,128,135,135,135,137,137,137,137,137,137,139,139,139,139,139,139,139,141,141,141,141,141,141,141,141,143,143,145,145,145,145,145,145,145,147,165],"gold":2467,"neow_bonus":"","is_prod":false,"is_daily":false,"chose_seed":false,"campfire_upgraded":10,"win_rate":0,"timestamp":1532204453,"path_taken":["M","M","M","M","M","R","E","R","T","M","E","M","?","M","R","BOSS","M","M","M","?","?","M","?","M","T","M","M","$","?","?","R","BOSS","M","M","M","M","M","R","M","?","T","M","M","R","M","M","R","BOSS","M","M","M","?","M","M","M","M","T","E","M","M","M","M","R","BOSS","M","M","?","M","M","R","M","M","E","M","R","M","M","M","R","BOSS","M","M","M","?","?","R","E","R","E","M","M","?","M","M","R","BOSS"],"build_version":"2018-07-19","purchased_purges":1,"victory":false,"max_hp_per_floor":[71,71,71,71,71,71,73,73,73,73,75,75,75,80,80,82,82,82,82,82,84,84,84,84,89,89,99,99,99,99,99,99,101,101,101,101,101,101,101,101,101,103,103,103,103,103,103,103,103,105,105,105,105,105,105,112,112,112,112,112,112,112,126,126,126,126,128,135,135,135,137,137,137,137,137,137,139,139,139,139,139,139,139,141,141,141,141,141,141,141,141,143,143,145,145,145,145,145,145,145,147,165],"card_choices":[{"not_picked":["Turbo","Rebound"],"picked":"Aggregate","floor":0},{"not_picked":["Go for the Eyes","Undo"],"picked":"Cold Snap","floor":0},{"not_picked":["FTL","Streamline"],"picked":"Leap","floor":0},{"not_picked":["Leap","Go for the Eyes"],"picked":"Double Energy","floor":0},{"not_picked":["Streamline","Rebound"],"picked":"Doom and Gloom","floor":0},{"not_picked":["Tempest","Steam"],"picked":"Static Discharge","floor":0},{"not_picked":["Hello World","Turbo"],"picked":"Compile Driver","floor":0},{"not_picked":["White Noise","Sunder"],"picked":"Heatsinks","floor":0},{"not_picked":["Hologram","Leap"],"picked":"Storm","floor":0},{"not_picked":["Cold Snap","Undo"],"picked":"Chaos","floor":0},{"not_picked":["Streamline","Steam Power"],"picked":"Conserve Battery","floor":0},{"not_picked":["Steam","Leap"],"picked":"Capacitor","floor":0},{"not_picked":["Fusion","Barrage"],"picked":"Consume","floor":0},{"not_picked":["Turbo","Leap"],"picked":"BootSequence","floor":0},{"not_picked":["Turbo","Gash"],"picked":"Double Energy","floor":0},{"not_picked":["Melter","Doom and Gloom","Amplify"],"picked":"Singing Bowl","floor":7},{"not_picked":["Storm","Rebound","Redo"],"picked":"Singing Bowl","floor":11},{"not_picked":["All For One","Fission","Core Surge"],"picked":"Singing Bowl","floor":16},{"not_picked":["Rebound"],"picked":"Singing Bowl","floor":21},{"not_picked":["Reboot+1"],"picked":"Singing Bowl","floor":33},{"not_picked":["Streamline"],"picked":"Singing Bowl","floor":42},{"not_picked":["Core Surge"],"picked":"Singing Bowl","floor":50},{"not_picked":[],"picked":"Thunder Strike","floor":61},{"not_picked":["Fission+1"],"picked":"Singing Bowl","floor":67},{"not_picked":["Hologram+1"],"picked":"Singing Bowl","floor":68},{"not_picked":["Leap+1"],"picked":"Singing Bowl","floor":71},{"not_picked":["Chaos+1"],"picked":"Singing Bowl","floor":77},{"not_picked":["All For One+1"],"picked":"Singing Bowl","floor":84},{"not_picked":["Hologram+1","Force Field+1"],"picked":"Singing Bowl","floor":92},{"not_picked":["Streamline+1","Beam Cell+1"],"picked":"Singing Bowl","floor":94},{"not_picked":["Machine Learning+1","Core Surge+1"],"picked":"Singing Bowl","floor":101}],"player_experience":119041,"relics_obtained":[{"floor":1,"key":"Boot"},{"floor":2,"key":"Ice Cream"},{"floor":3,"key":"Singing Bowl"},{"floor":4,"key":"Gambling Chip"},{"floor":5,"key":"Bottled Flame"},{"floor":7,"key":"Pen Nib"},{"floor":9,"key":"Bottled Lightning"},{"floor":10,"key":"Bag of Marbles"},{"floor":11,"key":"Old Coin"},{"floor":12,"key":"Shuriken"},{"floor":14,"key":"Gremlin Horn"},{"floor":16,"key":"Kunai"},{"floor":18,"key":"DataDisk"},{"floor":19,"key":"Torii"},{"floor":20,"key":"Dream Catcher"},{"floor":21,"key":"Red Mask"},{"floor":22,"key":"Frozen Egg 2"},{"floor":23,"key":"Vajra"},{"floor":25,"key":"Darkstone Periapt"},{"floor":26,"key":"Toxic Egg 2"},{"floor":27,"key":"Pear"},{"floor":28,"key":"Orichalcum"},{"floor":33,"key":"Bottled Tornado"},{"floor":35,"key":"Symbiotic Virus"},{"floor":36,"key":"Juzu Bracelet"},{"floor":37,"key":"Blood Vial"},{"floor":38,"key":"The Courier"},{"floor":39,"key":"Tiny Chest"},{"floor":41,"key":"MawBank"},{"floor":42,"key":"Incense Burner"},{"floor":43,"key":"Anchor"},{"floor":44,"key":"Oddly Smooth Stone"},{"floor":45,"key":"Bronze Scales"},{"floor":47,"key":"Centennial Puzzle"},{"floor":48,"key":"Whetstone"},{"floor":50,"key":"Meat on the Bone"},{"floor":52,"key":"Bird Faced Urn"},{"floor":53,"key":"Lantern"},{"floor":54,"key":"Bag of Preparation"},{"floor":56,"key":"Strawberry"},{"floor":57,"key":"Ancient Tea Set"},{"floor":58,"key":"Regal Pillow"},{"floor":59,"key":"War Paint"},{"floor":60,"key":"Potion Belt"},{"floor":62,"key":"Pantograph"},{"floor":63,"key":"Mango"},{"floor":64,"key":"Art of War"},{"floor":65,"key":"Blue Candle"},{"floor":67,"key":"Calipers"},{"floor":69,"key":"Matryoshka"},{"floor":70,"key":"Happy Flower"},{"floor":71,"key":"Circlet"},{"floor":72,"key":"Dodecahedron"},{"floor":73,"key":"Mercury Hourglass"},{"floor":75,"key":"Smiling Mask"},{"floor":76,"key":"Cables"},{"floor":78,"key":"Girya"},{"floor":80,"key":"Molten Egg 2"},{"floor":81,"key":"Mummified Hand"},{"floor":82,"key":"Turnip"},{"floor":84,"key":"Letter Opener"},{"floor":86,"key":"Question Card"},{"floor":87,"key":"Ornamental Fan"},{"floor":88,"key":"Sundial"},{"floor":95,"key":"Prayer Wheel"},{"floor":96,"key":"Emotion Chip"},{"floor":98,"key":"Nunchaku"},{"floor":99,"key":"Ginger"},{"floor":101,"key":"Dead Branch"},{"floor":102,"key":"Thread and Needle"},{"floor":102,"key":"Du-Vu Doll"},{"floor":102,"key":"Gambling Chip"}],"event_choices":[{"event_name":"The Woman in Blue","player_choice":"Bought 1 Potion","floor":13,"damage_taken":0},{"event_name":"Masked Bandits","player_choice":"Fought over 670 gold","floor":21,"damage_taken":0},{"event_name":"N\u0027loth","player_choice":"Traded a Gambling Chip","floor":24,"damage_taken":0},{"event_name":"Drug Dealer","player_choice":"Ignored","floor":30,"damage_taken":0},{"event_name":"Mysterious Sphere","player_choice":"Fight","floor":42,"damage_taken":0},{"event_name":"Liars Game","player_choice":"agreed","floor":55,"damage_taken":0},{"event_name":"Masked Bandits","player_choice":"Fought over 1388 gold","floor":71,"damage_taken":0},{"event_name":"Duplicator","player_choice":"One dupe","floor":89,"damage_taken":0},{"event_name":"Winding Halls","player_choice":"Writhe","floor":90,"damage_taken":0},{"event_name":"Tomb of Lord Red Mask","player_choice":"Wore Mask","floor":97,"damage_taken":0}],"is_beta":true,"boss_relics":[{"not_picked":["Cursed Key","Fusion Hammer"],"picked":"Busted Crown"},{"not_picked":["Philosopher\u0027s Stone","Sozu"],"picked":"Eternal Feather"},{"not_picked":["Tiny House","Astrolabe"],"picked":"Nuclear Battery"},{"not_picked":["Lizard Tail","Velvet Choker"],"picked":"Tiny House"},{"not_picked":["Coffee Dripper","Sozu"],"picked":"Black Star"},{"not_picked":["Runic Pyramid","Empty Cage"],"picked":"Calling Bell"}],"items_purged_floors":[29],"is_endless":true,"potions_floor_spawned":[1,2,3,4,5,7,10,11,12,14,16,18,19,20,21,22,23,25,27,28,33,35,36,37,38,39,41,42,44,45,47,48,50,52,53,54,56,57,58,59,61,62,63,64,65,67,69,70,71,72,73,75,76,77,78,80,81,82,84,86,87,88,92,94,95,96,98,99,101],"ascension_level":15}