{"gold_per_floor":[114,114,125,125,137,137,151,163,163,18,18,18,18,50,50,150,200,215,233,183,195,0,0,0,0,0,12,23,23,23,23,23,148,148,242,242,37,1036,1079,1079,1079,549,549,588,21,116,210,252,252,374,374],"floor_reached":51,"playtime":3020,"items_purged":["Normality","Normality"],"score":897,"play_id":"b2050d76-02c2-4a4f-b3b0-350e8faec359","local_time":"20181109051748","daily_mods":["SealedDeck","Diverse","Colorless Cards","Heirloom","Flight"],"is_ascension_mode":false,"campfire_choices":[{"data":"Flex","floor":6,"key":"SMITH"},{"data":"Beam Cell","floor":11,"key":"SMITH"},{"data":"Spot Weakness","floor":13,"key":"SMITH"},{"data":"Genetic Algorithm","floor":15,"key":"SMITH"},{"data":"Panache","floor":23,"key":"SMITH"},{"data":"Rampage","floor":24,"key":"SMITH"},{"data":"HandOfGreed","floor":29,"key":"SMITH"},{"data":"Gash","floor":30,"key":"SMITH"},{"data":"Gash","floor":32,"key":"SMITH"},{"floor":40,"key":"REST"},{"floor":49,"key":"REST"}],"neow_cost":"","seed_source_timestamp":119669534517848,"circlet_count":0,"master_deck":["Finesse","Flex+1","Gash+1","Gash+1","Spot Weakness+1","Blur","Genetic Algorithm+1","Beam Cell+1","Backflip","Rampage+1","HandOfGreed+1","Phantasmal Killer","Entrench+1","Outmaneuver+1"],"relics":["Black Blood","Champion Belt","Lantern","Pantograph","Boot","Du-Vu Doll","Tiny House","ClockworkSouvenir","Question Card","Empty Cage","Lee\u0027s Waffle","MealTicket","Dream Catcher","Kunai","HandDrill","Mummified Hand"],"potions_floor_usage":[8,18,27,33,35,48,48,48,50,50,50],"damage_taken":[{"damage":0,"enemies":"Small Slimes","floor":1,"turns":2},{"damage":1,"enemies":"Jaw Worm","floor":3,"turns":2},{"damage":0,"enemies":"Cultist","floor":5,"turns":2},{"damage":5,"enemies":"Gremlin Gang","floor":7,"turns":3},{"damage":8,"enemies":"Exordium Thugs","floor":8,"turns":2},{"damage":0,"enemies":"Lagavulin","floor":14,"turns":3},{"damage":1,"enemies":"The Guardian","floor":16,"turns":4},{"damage":0,"enemies":"2 Thieves","floor":18,"turns":2},{"damage":0,"enemies":"3 Byrds","floor":19,"turns":3},{"damage":0,"enemies":"3 Cultists","floor":21,"turns":3},{"damage":3,"enemies":"Shelled Parasite and Fungi","floor":27,"turns":2},{"damage":6,"enemies":"Snecko","floor":28,"turns":3},{"damage":44,"enemies":"Automaton","floor":33,"turns":8},{"damage":51,"enemies":"3 Shapes","floor":35,"turns":10},{"damage":54,"enemies":"3 Darklings","floor":39,"turns":9},{"damage":7,"enemies":"Writhing Mass","floor":44,"turns":2},{"damage":19,"enemies":"Sphere and 2 Shapes","floor":46,"turns":7},{"damage":31,"enemies":"Jaw Worm Horde","floor":47,"turns":6},{"damage":31,"enemies":"Writhing Mass","floor":48,"turns":5},{"damage":53,"enemies":"Awakened One","floor":50,"turns":9}],"seed_played":"-8109649244272164421","potions_obtained":[{"floor":1,"key":"Energy Potion"},{"floor":3,"key":"Strength Potion"},{"floor":7,"key":"SpeedPotion"},{"floor":16,"key":"Energy Potion"},{"floor":18,"key":"SpeedPotion"},{"floor":25,"key":"Fruit Juice"},{"floor":25,"key":"LiquidBronze"},{"floor":27,"key":"Poison Potion"},{"floor":39,"key":"SteroidPotion"},{"floor":46,"key":"Dexterity Potion"},{"floor":47,"key":"Regen Potion"}],"is_trial":true,"path_per_floor":["M","?","M","?","M","R","M","M","T","$","R","?","R","E","R","B",null,"M","M","?","M","$","R","R","?","T","M","M","R","R","?","R","B",null,"M","?","$","?","M","R","?","$","T","M","$","M","M","M","R","B",null],"character_chosen":"IRONCLAD","items_purchased":["Boot","ClockworkSouvenir","Lee\u0027s Waffle","MealTicket","Dream Catcher","EntropicBrew","HandDrill","Mummified Hand"],"campfire_rested":2,"item_purchase_floors":[10,22,37,42,42,42,45,45],"current_hp_per_floor":[80,68,73,73,79,79,80,78,78,78,78,80,80,80,80,80,85,85,85,85,85,85,85,85,85,85,90,90,90,90,72,72,57,95,50,50,102,102,54,84,84,84,84,83,83,70,45,34,64,42,102],"gold":374,"neow_bonus":"","is_prod":false,"is_daily":false,"chose_seed":false,"campfire_upgraded":9,"win_rate":0,"timestamp":1541758668,"path_taken":["M","?","M","?","?","R","?","M","T","?","R","?","R","E","R","BOSS","M","?","?","?","?","R","R","?","T","?","?","R","R","?","R","BOSS","M","?","$","?","M","R","?","?","T","?","?","M","?","?","R","BOSS"],"build_version":"2018-11-08","purchased_purges":2,"victory":false,"max_hp_per_floor":[80,80,80,80,80,80,80,80,80,80,80,80,80,80,80,80,85,85,85,85,85,85,85,85,85,85,90,90,90,90,95,95,95,95,95,95,102,102,102,102,102,102,102,102,102,102,102,102,102,102,102],"card_choices":[{"not_picked":["Anger","Warcry","Barrage"],"picked":"SKIP","floor":1},{"not_picked":["Riddle With Holes","Bane"],"picked":"Beam Cell","floor":3},{"not_picked":["Thunderclap","Barrage","Deadly Poison"],"picked":"SKIP","floor":5},{"not_picked":["Dagger Throw","Iron Wave"],"picked":"Backflip","floor":7},{"not_picked":["Twin Strike","Skewer","Perfected Strike"],"picked":"SKIP","floor":8},{"not_picked":["Bloodletting","Fission","Scrape"],"picked":"SKIP","floor":14},{"not_picked":["Fiend Fire","Amplify"],"picked":"Panache","floor":16},{"not_picked":["Anger","Iron Wave"],"picked":"Rampage","floor":18},{"not_picked":["Accuracy","Clash+1","Heavy Blade"],"picked":"SKIP","floor":19},{"not_picked":["Setup","Quick Slash","Leap"],"picked":"SKIP","floor":21},{"not_picked":["Ball Lightning","Compile Driver","Cleave","Sword Boomerang"],"picked":"SKIP","floor":27},{"not_picked":["Forethought","Cleave","Acrobatics+1"],"picked":"HandOfGreed","floor":28},{"not_picked":["Berserk","Storm of Steel","Glass Knife"],"picked":"Phantasmal Killer","floor":33},{"not_picked":["Quick Slash+1","Distraction+1","Iron Wave","Compile Driver+1"],"picked":"SKIP","floor":35},{"not_picked":["Flying Knee+1","FTL+1","Shrug It Off","Acrobatics"],"picked":"SKIP","floor":39},{"not_picked":["Warcry","Melter+1","Purity+1","Prepared"],"picked":"SKIP","floor":44},{"not_picked":["Calculated Gamble","Turbo+1","Sweeping Beam","Rip and Tear"],"picked":"SKIP","floor":46},{"not_picked":["Wraith Form v2","Static Discharge+1","Clash","Dagger Throw"],"picked":"SKIP","floor":47},{"not_picked":["Warcry","Streamline+1","Body Slam"],"picked":"Entrench+1","floor":48},{"not_picked":["Underhanded Strike","Meteor Strike","Shockwave+1"],"picked":"Outmaneuver+1","floor":49}],"player_experience":245510,"relics_obtained":[{"floor":9,"key":"Pantograph"},{"floor":14,"key":"Du-Vu Doll"},{"floor":26,"key":"Question Card"},{"floor":43,"key":"Kunai"}],"event_choices":[{"damage_healed":0,"gold_gain":0,"player_choice":"Success","damage_taken":12,"relics_obtained":["Lantern"],"max_hp_gain":0,"max_hp_loss":0,"event_name":"Scrap Ooze","floor":2,"gold_loss":0},{"damage_healed":0,"gold_gain":0,"player_choice":"Ignored","damage_taken":0,"max_hp_gain":0,"max_hp_loss":0,"event_name":"NoteForYourself","floor":4,"gold_loss":0},{"cards_removed":["Quick Slash"],"damage_healed":5,"gold_gain":0,"player_choice":"Offered Common","damage_taken":0,"max_hp_gain":0,"max_hp_loss":0,"event_name":"Bonfire Elementals","floor":12,"gold_loss":0},{"cards_removed":["Quick Slash"],"damage_healed":5,"gold_gain":0,"player_choice":"Offered Special","damage_taken":0,"max_hp_gain":0,"max_hp_loss":0,"event_name":"Bonfire Elementals","floor":12,"gold_loss":0},{"damage_healed":0,"gold_gain":0,"player_choice":"Bet on Murderer","damage_taken":0,"max_hp_gain":0,"max_hp_loss":0,"event_name":"The Joust","floor":20,"gold_loss":50},{"damage_healed":0,"gold_gain":0,"player_choice":"Got Potions","damage_taken":0,"max_hp_gain":0,"max_hp_loss":0,"event_name":"Lab","floor":25,"gold_loss":0},{"damage_healed":0,"gold_gain":0,"player_choice":"Shed Blood","damage_taken":23,"max_hp_gain":5,"max_hp_loss":0,"event_name":"Forgotten Altar","floor":31,"gold_loss":0},{"cards_removed":["Panache"],"damage_healed":0,"gold_gain":0,"player_choice":"Removed Power","damage_taken":0,"max_hp_gain":0,"max_hp_loss":0,"event_name":"Falling","floor":36,"gold_loss":0},{"damage_healed":0,"gold_gain":999,"player_choice":"Gold","damage_taken":0,"max_hp_gain":0,"max_hp_loss":0,"event_name":"MindBloom","floor":38,"gold_loss":0,"cards_obtained":["Normality","Normality"]},{"damage_healed":0,"gold_gain":0,"player_choice":"Ignored","damage_taken":0,"max_hp_gain":0,"max_hp_loss":0,"event_name":"Tomb of Lord Red Mask","floor":41,"gold_loss":0}],"is_beta":true,"boss_relics":[{"not_picked":["Runic Dome","Sozu"],"picked":"Tiny House"},{"not_picked":["Velvet Choker","Eternal Feather"],"picked":"Empty Cage"},{"not_picked":["Busted Crown","Cursed Key"],"picked":"Black Blood"}],"items_purged_floors":[42,45],"is_endless":true,"potions_floor_spawned":[1,3,7,16,18,27,28,39,46,47,48],"ascension_level":0}