{"gold_per_floor":[114,127,202,202,45,75,75,89,161,172,172,185,185,208,208,327,327,322,342,342,366,385,385,73,73,73,73,73],"floor_reached":28,"playtime":1506,"items_purged":[],"score":243,"play_id":"c08652fe-a5be-4039-9353-4126d70a88de","local_time":"20181106072630","is_ascension_mode":false,"campfire_choices":[{"floor":7,"key":"RECALL"},{"data":"Caltrops","floor":11,"key":"SMITH"},{"data":"Dodge and Roll","floor":15,"key":"SMITH"},{"floor":23,"key":"REST"},{"floor":27,"key":"DIG"}],"neow_cost":"NONE","seed_source_timestamp":13070813931985,"circlet_count":0,"master_deck":["Defend_G","Defend_G","Defend_G","Defend_G","Defend_G","Strike_G","Strike_G","Strike_G","Strike_G","Strike_G","Survivor","Neutralize","Dodge and Roll","Dodge and Roll","Acrobatics","Caltrops+1","Deflect","Dodge and Roll+1","Bouncing Flask","Well Laid Plans+1","Crippling Poison"],"relics":["Ring of the Snake","NeowsBlessing","Orichalcum","Bag of Preparation","Bag of Marbles","Golden Idol","Lantern","Black Star","Shovel","Bottled Lightning","Pocketwatch"],"potions_floor_usage":[16,16,18],"damage_taken":[{"damage":0,"enemies":"Jaw Worm","floor":1,"turns":1},{"damage":0,"enemies":"2 Louse","floor":2,"turns":1},{"damage":0,"enemies":"3 Sentries","floor":6,"turns":1},{"damage":0,"enemies":"Small Slimes","floor":8,"turns":3},{"damage":3,"enemies":"2 Fungi Beasts","floor":10,"turns":6},{"damage":4,"enemies":"Exordium Thugs","floor":12,"turns":7},{"damage":41,"enemies":"Hexaghost","floor":16,"turns":18},{"damage":14,"enemies":"2 Thieves","floor":18,"turns":4},{"damage":0,"enemies":"3 Byrds","floor":19,"turns":4},{"damage":27,"enemies":"Snecko","floor":21,"turns":8},{"damage":26,"enemies":"Snake Plant","floor":22,"turns":6},{"damage":16,"enemies":"Colosseum Slavers","floor":25,"turns":6},{"damage":9,"enemies":"Cultist and Chosen","floor":28,"turns":6}],"seed_played":"-8367861234548469849","potions_obtained":[{"floor":1,"key":"Dexterity Potion"},{"floor":6,"key":"SkillPotion"},{"floor":10,"key":"AttackPotion"}],"is_trial":false,"path_per_floor":["M","M","?","?","$","E","R","M","T","M","R","M","?","T","R","B",null,"M","M","?","M","M","R","$","?","T","R","M"],"character_chosen":"THE_SILENT","items_purchased":["Bag of Preparation","Shovel"],"campfire_rested":1,"item_purchase_floors":[5,24],"current_hp_per_floor":[70,70,59,52,52,52,52,52,52,49,49,45,45,45,45,4,70,56,56,56,29,3,24,24,8,8,8,0],"gold":73,"neow_bonus":"THREE_ENEMY_KILL","is_prod":false,"is_daily":false,"chose_seed":false,"campfire_upgraded":2,"win_rate":0,"timestamp":1541507190,"path_taken":["M","M","?","?","$","E","R","M","T","M","R","M","?","?","R","BOSS","M","M","?","M","M","R","$","?","T","R","M"],"build_version":"2018-11-02","purchased_purges":0,"victory":false,"max_hp_per_floor":[70,70,70,70,70,70,70,70,70,70,70,70,70,70,70,70,70,70,70,70,70,70,70,70,70,70,70,70],"card_choices":[{"not_picked":["Endless Agony","Sucker Punch"],"picked":"Dodge and Roll","floor":1},{"not_picked":["Finisher","Dagger Throw"],"picked":"Dodge and Roll","floor":2},{"not_picked":["Underhanded Strike","Infinite Blades"],"picked":"Acrobatics","floor":6},{"not_picked":["Bouncing Flask","Deflect"],"picked":"Caltrops","floor":8},{"not_picked":["Slice","Quick Slash"],"picked":"Deflect","floor":10},{"not_picked":["Slice","Deadly Poison"],"picked":"Dodge and Roll","floor":12},{"not_picked":["Skewer","Blade Dance"],"picked":"Bouncing Flask","floor":18},{"not_picked":["Distraction","Acrobatics","Skewer"],"picked":"SKIP","floor":19},{"not_picked":["Dagger Throw","Deadly Poison+1"],"picked":"Well Laid Plans+1","floor":21},{"not_picked":["Slice","Sucker Punch"],"picked":"Crippling Poison","floor":22}],"player_experience":150990,"relics_obtained":[{"floor":6,"key":"Bag of Marbles"},{"floor":14,"key":"Lantern"},{"floor":26,"key":"Bottled Lightning"},{"floor":27,"key":"Pocketwatch"}],"event_choices":[{"damage_healed":0,"gold_gain":75,"player_choice":"Gather Gold","damage_taken":11,"max_hp_gain":0,"max_hp_loss":0,"event_name":"World of Goop","floor":3,"gold_loss":0},{"damage_healed":0,"gold_gain":0,"player_choice":"Success","damage_taken":7,"relics_obtained":["Orichalcum"],"max_hp_gain":0,"max_hp_loss":0,"event_name":"Scrap Ooze","floor":4,"gold_loss":0},{"damage_healed":0,"gold_gain":0,"player_choice":"Take Wound","damage_taken":0,"relics_obtained":["Golden Idol"],"max_hp_gain":0,"max_hp_loss":0,"event_name":"Golden Idol","floor":13,"gold_loss":0,"cards_obtained":["Injury"]},{"cards_removed":["Injury"],"damage_healed":0,"gold_gain":0,"player_choice":"Elegance","damage_taken":0,"max_hp_gain":0,"max_hp_loss":0,"event_name":"Back to Basics","floor":20,"gold_loss":0},{"damage_healed":0,"gold_gain":0,"player_choice":"Fight","damage_taken":0,"max_hp_gain":0,"max_hp_loss":0,"event_name":"Colosseum","floor":25,"gold_loss":0},{"damage_healed":0,"gold_gain":0,"player_choice":"Fled From Nobs","damage_taken":0,"max_hp_gain":0,"max_hp_loss":0,"event_name":"Colosseum","floor":25,"gold_loss":0}],"is_beta":true,"boss_relics":[{"not_picked":["Runic Dome","Runic Pyramid"],"picked":"Black Star"}],"items_purged_floors":[],"is_endless":false,"potions_floor_spawned":[1,6,10,25],"killed_by":"Cultist and Chosen","ascension_level":0}