{"gold_per_floor":[12,12,41,228,240,252,264,320,379,416,451,463,455,51,51,182,182,207,207,220,220,234,234,257,270,352,0,0,15,15,34,34,34],"floor_reached":33,"playtime":1598,"items_purged":["Doubt"],"score":346,"play_id":"f7cca17f-dcc2-4d75-8616-87b119641b8f","local_time":"20181129232834","is_ascension_mode":true,"campfire_choices":[{"data":"Cleave","floor":6,"key":"SMITH"},{"data":"Metallicize","floor":12,"key":"SMITH"},{"data":"Bash","floor":15,"key":"SMITH"},{"data":"Spot Weakness","floor":23,"key":"SMITH"},{"data":"Ghostly","floor":28,"key":"SMITH"},{"floor":32,"key":"REST"}],"neow_cost":"NO_GOLD","seed_source_timestamp":116477791399627,"circlet_count":0,"master_deck":["Strike_R","Strike_R","Strike_R+1","Strike_R","Defend_R","Defend_R","Defend_R","Defend_R","Bash+1","Cleave+1","Twin Strike","Iron Wave+1","Pommel Strike","Metallicize+1","Barricade","Parasite","Injury","Regret","Ghostly","Ghostly","Ghostly","Ghostly","Ghostly+1","Spot Weakness+1","Burning Pact","Feel No Pain","Iron Wave+1","Shame","Flex+1"],"relics":["Burning Blood","WingedGreaves","MawBank","Golden Idol","Bottled Flame","Centennial Puzzle","Whetstone","Sling","Calling Bell","Art of War","Matryoshka","Gambling Chip","Bag of Marbles","Potion Belt","Mummified Hand","Blood Vial","Frozen Eye","Letter Opener"],"potions_floor_usage":[16,18,25,33,33],"damage_taken":[{"damage":6,"enemies":"Cultist","floor":1,"turns":3},{"damage":0,"enemies":"Small Slimes","floor":3,"turns":3},{"damage":32,"enemies":"Gremlin Nob","floor":8,"turns":4},{"damage":2,"enemies":"2 Louse","floor":10,"turns":2},{"damage":0,"enemies":"2 Fungi Beasts","floor":11,"turns":2},{"damage":12,"enemies":"The Guardian","floor":16,"turns":14},{"damage":45,"enemies":"Shell Parasite","floor":18,"turns":9},{"damage":27,"enemies":"Spheric Guardian","floor":20,"turns":12},{"damage":3,"enemies":"Snake Plant","floor":22,"turns":7},{"damage":2,"enemies":"Snecko","floor":24,"turns":5},{"damage":19,"enemies":"Chosen and Byrds","floor":25,"turns":6},{"damage":6,"enemies":"Snake Plant","floor":29,"turns":6},{"damage":33,"enemies":"3 Cultists","floor":31,"turns":7},{"damage":39,"enemies":"Champ","floor":33,"turns":12}],"seed_played":"4317274661744777197","potions_obtained":[{"floor":1,"key":"FairyPotion"},{"floor":3,"key":"FearPotion"},{"floor":13,"key":"EssenceOfSteel"},{"floor":16,"key":"BloodPotion"},{"floor":20,"key":"FairyPotion"},{"floor":22,"key":"Strength Potion"},{"floor":25,"key":"EssenceOfSteel"},{"floor":29,"key":"Energy Potion"}],"is_trial":false,"path_per_floor":["M","?","M","?","?","R","?","E","T","M","M","R","?","$","R","B",null,"M","?","M","?","M","R","M","M","T","$","R","M","?","M","R","B"],"character_chosen":"IRONCLAD","items_purchased":["Whetstone","Sling","Blood Vial","Frozen Eye"],"campfire_rested":1,"item_purchase_floors":[14,14,27,27],"current_hp_per_floor":[72,72,78,78,58,58,58,32,32,36,42,42,42,42,42,36,69,38,38,17,17,20,20,24,11,11,11,11,13,13,10,22,0],"gold":34,"neow_bonus":"ONE_RARE_RELIC","is_prod":false,"is_daily":false,"chose_seed":false,"campfire_upgraded":5,"win_rate":0,"timestamp":1543552114,"path_taken":["M","?","?","?","?","R","?","E","T","?","M","R","?","$","R","BOSS","M","?","M","?","M","R","M","M","T","?","R","M","?","M","R","BOSS"],"build_version":"2018-11-15","purchased_purges":1,"victory":false,"max_hp_per_floor":[80,80,80,80,80,80,80,80,80,80,80,80,80,80,80,80,80,80,40,40,40,40,40,40,40,40,40,40,40,40,40,40,40],"card_choices":[{"not_picked":["Sword Boomerang","Hemokinesis"],"picked":"Armaments","floor":1},{"not_picked":["Havoc","Hemokinesis"],"picked":"Cleave","floor":3},{"not_picked":["Hemokinesis","Flex"],"picked":"Iron Wave","floor":8},{"not_picked":["Havoc","Clash"],"picked":"Pommel Strike","floor":10},{"not_picked":["Disarm","Headbutt"],"picked":"Metallicize","floor":11},{"not_picked":["Impervious","Limit Break"],"picked":"Barricade","floor":16},{"not_picked":["Evolve","Blood for Blood","Pommel Strike"],"picked":"SKIP","floor":18},{"not_picked":["Cleave","Seeing Red"],"picked":"Spot Weakness","floor":20},{"not_picked":["Warcry","Headbutt+1"],"picked":"Burning Pact","floor":22},{"not_picked":["Clothesline+1","Bludgeon","Sever Soul"],"picked":"SKIP","floor":24},{"not_picked":["Clothesline","Clash"],"picked":"Feel No Pain","floor":25},{"not_picked":["Rage","Clothesline"],"picked":"Iron Wave+1","floor":29},{"not_picked":["Wild Strike","Uppercut"],"picked":"Flex+1","floor":31}],"player_experience":542263,"relics_obtained":[{"floor":8,"key":"Bottled Flame"},{"floor":9,"key":"Centennial Puzzle"},{"floor":17,"key":"Art of War"},{"floor":17,"key":"Matryoshka"},{"floor":17,"key":"Gambling Chip"},{"floor":26,"key":"Potion Belt"},{"floor":26,"key":"Mummified Hand"}],"event_choices":[{"cards_removed":["Armaments"],"damage_healed":0,"gold_gain":0,"player_choice":"Gave Card","damage_taken":0,"relics_obtained":["MawBank"],"max_hp_gain":0,"max_hp_loss":0,"event_name":"WeMeetAgain","floor":2,"gold_loss":0},{"damage_healed":0,"gold_gain":175,"player_choice":"AGREE","damage_taken":0,"max_hp_gain":0,"max_hp_loss":0,"event_name":"Liars Game","floor":4,"gold_loss":0,"cards_obtained":["Doubt"]},{"damage_healed":0,"gold_gain":0,"player_choice":"Take Damage","damage_taken":20,"relics_obtained":["Golden Idol"],"max_hp_gain":0,"max_hp_loss":0,"event_name":"Golden Idol","floor":5,"gold_loss":0},{"damage_healed":0,"gold_gain":0,"cards_transformed":["Strike_R"],"player_choice":"Transformed","damage_taken":0,"max_hp_gain":0,"max_hp_loss":0,"event_name":"Transmorgrifier","floor":7,"gold_loss":0,"cards_obtained":["Twin Strike"]},{"damage_healed":0,"gold_gain":0,"player_choice":"Bought 1 Potion","damage_taken":0,"max_hp_gain":0,"max_hp_loss":0,"event_name":"The Woman in Blue","floor":13,"gold_loss":0},{"damage_healed":0,"gold_gain":0,"player_choice":"Became a Ghost","damage_taken":0,"max_hp_gain":0,"max_hp_loss":40,"event_name":"Ghosts","floor":19,"gold_loss":0,"cards_obtained":["Ghostly","Ghostly","Ghostly","Ghostly","Ghostly"]},{"damage_healed":0,"gold_gain":0,"player_choice":"Opened","damage_taken":0,"relics_obtained":["Bag of Marbles"],"max_hp_gain":0,"max_hp_loss":0,"event_name":"The Mausoleum","floor":21,"gold_loss":0},{"damage_healed":0,"gold_gain":0,"player_choice":"Stole Relic","damage_taken":0,"relics_obtained":["Letter Opener"],"max_hp_gain":0,"max_hp_loss":0,"event_name":"Addict","floor":30,"gold_loss":0,"cards_obtained":["Shame"]}],"is_beta":true,"boss_relics":[{"not_picked":["Ectoplasm","Philosopher\u0027s Stone"],"picked":"Calling Bell"}],"items_purged_floors":[14],"is_endless":false,"potions_floor_spawned":[1,3,16,20,22,25,29],"killed_by":"Champ","ascension_level":6}