{"gold_per_floor":[112,82,94,112,76,76,93,93,93,93,168,37,37,48,48,150,150,160,150,166,166],"floor_reached":21,"playtime":1834,"items_purged":[],"score":171,"play_id":"4c423d99-bf14-4ed9-9d0c-63b5525da24c","local_time":"20190627222137","is_ascension_mode":false,"campfire_choices":[{"data":"Noxious Fumes","floor":6,"key":"SMITH"},{"data":"Dash","floor":8,"key":"SMITH"},{"data":"Dagger Spray","floor":10,"key":"SMITH"},{"data":"Cloak And Dagger","floor":13,"key":"SMITH"},{"data":"Dodge and Roll","floor":15,"key":"SMITH"}],"neow_cost":"NONE","seed_source_timestamp":420626251401800,"circlet_count":0,"master_deck":["Defend_G","Defend_G","Defend_G","Defend_G","Defend_G","Strike_G","Strike_G","Strike_G","Strike_G","Strike_G","Survivor","Neutralize","Finesse","Dagger Spray+1","Dash+1","Noxious Fumes+1","Backstab","Deflect","Blur","Cloak And Dagger+1","Dodge and Roll+1","A Thousand Cuts","Setup","Flying Knee+1","Bane+1"],"relics":["Ring of the Serpent","Bottled Flame"],"potions_floor_usage":[18,21],"damage_taken":[{"damage":1,"enemies":"Jaw Worm","floor":1,"turns":6},{"damage":0,"enemies":"Cultist","floor":3,"turns":4},{"damage":0,"enemies":"Small Slimes","floor":4,"turns":2},{"damage":0,"enemies":"Blue Slaver","floor":7,"turns":4},{"damage":0,"enemies":"Gremlin Gang","floor":14,"turns":5},{"damage":35,"enemies":"Hexaghost","floor":16,"turns":13},{"damage":25,"enemies":"3 Byrds","floor":18,"turns":5},{"damage":3,"enemies":"2 Thieves","floor":19,"turns":4},{"damage":2,"enemies":"Centurion and Healer","floor":20,"turns":8},{"damage":5,"enemies":"3 Cultists","floor":21,"turns":4}],"seed_played":"-7133839697182264043","potions_obtained":[{"floor":1,"key":"GhostInAJar"},{"floor":2,"key":"Ancient Potion"},{"floor":2,"key":"EntropicBrew"},{"floor":19,"key":"PowerPotion"}],"is_trial":false,"path_per_floor":["M","?","M","M","$","R","M","R","T","R","?","$","R","M","R","B",null,"M","M","M","M"],"character_chosen":"THE_SILENT","items_purchased":["Backstab","Blur","Cloak And Dagger"],"campfire_rested":0,"item_purchase_floors":[5,12,12],"current_hp_per_floor":[69,69,69,69,69,69,69,69,69,69,58,58,58,58,58,23,70,45,42,40,35],"gold":166,"neow_bonus":"RANDOM_COLORLESS","is_prod":false,"is_daily":false,"chose_seed":false,"campfire_upgraded":5,"win_rate":0,"timestamp":1561688497,"path_taken":["M","?","M","M","?","R","M","R","T","R","?","?","R","M","R","BOSS","M","M","M","M"],"build_version":"2019-01-23","purchased_purges":0,"victory":false,"max_hp_per_floor":[70,70,70,70,70,70,70,70,70,70,70,70,70,70,70,70,70,70,70,70,70],"card_choices":[{"not_picked":["Deadly Poison","Slice"],"picked":"Dagger Spray","floor":1},{"not_picked":["Bane","Dodge and Roll"],"picked":"Dash","floor":3},{"not_picked":["Slice","Dagger Throw"],"picked":"Noxious Fumes","floor":4},{"not_picked":["Outmaneuver","Eviscerate"],"picked":"Deflect","floor":7},{"not_picked":["PiercingWail","Eviscerate"],"picked":"Dodge and Roll","floor":14},{"not_picked":["Corpse Explosion","Bullet Time"],"picked":"A Thousand Cuts","floor":16},{"not_picked":["Slice","Poisoned Stab"],"picked":"Setup","floor":18},{"not_picked":["Quick Slash","Slice+1"],"picked":"Flying Knee+1","floor":19},{"not_picked":["Acrobatics","Masterful Stab"],"picked":"Bane+1","floor":20}],"player_experience":493986,"relics_obtained":[{"floor":9,"key":"Bottled Flame"}],"event_choices":[{"damage_healed":0,"gold_gain":0,"player_choice":"Bought 2 Potions","damage_taken":0,"max_hp_gain":0,"max_hp_loss":0,"event_name":"The Woman in Blue","floor":2,"gold_loss":0},{"damage_healed":0,"gold_gain":75,"player_choice":"Gather Gold","damage_taken":11,"max_hp_gain":0,"max_hp_loss":0,"event_name":"World of Goop","floor":11,"gold_loss":0}],"is_beta":false,"boss_relics":[{"not_picked":["Snecko Eye","Pandora\u0027s Box"],"picked":"Ring of the Serpent"}],"items_purged_floors":[],"is_endless":false,"potions_floor_spawned":[1,14,16,19],"killed_by":"3 Cultists","ascension_level":0}