{"gold_per_floor":[360,376,376,387,399,430,430,9,33,45,79,154,186,113,113,212,212,231,213,213,224,241,241],"floor_reached":23,"playtime":1143,"items_purged":[],"score":245,"play_id":"ad0a2f41-0bf9-4a90-9edc-eabf273c5022","local_time":"20190717180833","is_ascension_mode":true,"campfire_choices":[{"floor":7.0,"key":"REST"},{"floor":15.0,"key":"REST"}],"neow_cost":"PERCENT_DAMAGE","seed_source_timestamp":0,"circlet_count":0,"master_deck":["Zap","Dualcast","Sunder","Loop","Conserve Battery","Darkness","Redo","Fusion","Fusion","Static Discharge","Hologram","Capacitor","Thunder Strike","Conserve Battery","Fusion","Doom and Gloom","Double Energy","Coolheaded","Rip and Tear","Ball Lightning","FTL","Sunder","Stack+1","Defragment"],"special_seed":0,"relics":["Cracked Core","DataDisk","Orichalcum","Lee\u0027s Waffle","Regal Pillow","Blue Candle","Pandora\u0027s Box"],"potions_floor_usage":[22],"damage_taken":[{"damage":13.0,"enemies":"2 Louse","floor":1.0,"turns":3.0},{"damage":6.0,"enemies":"Small Slimes","floor":2.0,"turns":3.0},{"damage":1.0,"enemies":"Cultist","floor":4.0,"turns":3.0},{"damage":20.0,"enemies":"Gremlin Gang","floor":5.0,"turns":4.0},{"damage":20.0,"enemies":"3 Sentries","floor":6.0,"turns":5.0},{"damage":12.0,"enemies":"Exordium Wildlife","floor":10.0,"turns":3.0},{"damage":22.0,"enemies":"Gremlin Nob","floor":11.0,"turns":4.0},{"damage":23.0,"enemies":"3 Sentries","floor":13.0,"turns":5.0},{"damage":45.0,"enemies":"Slime Boss","floor":16.0,"turns":9.0},{"damage":6.0,"enemies":"Chosen","floor":18.0,"turns":4.0},{"damage":23.0,"enemies":"2 Thieves","floor":19.0,"turns":4.0},{"damage":23.0,"enemies":"Sentry and Sphere","floor":21.0,"turns":5.0},{"damage":10,"enemies":"Snecko","floor":22,"turns":4},{"damage":21,"enemies":"Snake Plant","floor":23,"turns":2}],"seed_played":"-1300408947954317405","potions_obtained":[{"floor":1.0,"key":"Energy Potion"},{"floor":5.0,"key":"Explosive Potion"},{"floor":6.0,"key":"Energy Potion"},{"floor":11.0,"key":"SteroidPotion"},{"floor":13.0,"key":"Explosive Potion"},{"floor":21.0,"key":"SkillPotion"}],"is_trial":false,"path_per_floor":["M","M","?","M","M","E","R","$","T","M","E","?","E","$","R","B",null,"M","M","?","M","M","M"],"character_chosen":"DEFECT","items_purchased":["Orichalcum","Fusion","Lee\u0027s Waffle","Capacitor"],"campfire_rested":2,"item_purchase_floors":[8,8,8,14],"current_hp_per_floor":[41,35,60,59,39,19,41,82,82,70,48,37,14,14,53,8,82,76,53,53,30,20,0],"gold":241,"neow_bonus":"TWO_FIFTY_GOLD","is_prod":false,"is_daily":false,"chose_seed":false,"campfire_upgraded":0,"win_rate":0,"timestamp":1563401313,"path_taken":["M","M","?","M","M","E","R","$","T","M","E","?","E","$","R","BOSS","M","M","?","?","M","M"],"build_version":"2019-07-05","purchased_purges":0,"victory":false,"max_hp_per_floor":[75,75,75,75,75,75,75,82,82,82,82,82,82,82,82,82,82,82,82,82,82,82,82],"card_choices":[{"not_picked":["Recycle","Barrage"],"picked":"Sunder","floor":1.0},{"not_picked":["Force Field","Steam"],"picked":"Loop","floor":2.0},{"not_picked":["Stack","Scrape"],"picked":"Conserve Battery","floor":4.0},{"not_picked":["Redo","Turbo"],"picked":"Darkness","floor":5.0},{"not_picked":["Undo","Reprogram"],"picked":"Redo","floor":6.0},{"not_picked":["Aggregate","Recycle"],"picked":"Fusion","floor":10.0},{"not_picked":["Fission","Darkness"],"picked":"Static Discharge","floor":11.0},{"not_picked":["Sweeping Beam","Redo"],"picked":"Hologram","floor":13.0},{"not_picked":["Amplify","Buffer"],"picked":"Thunder Strike","floor":16.0},{"not_picked":["Redo","Streamline","Chaos+1"],"picked":"SKIP","floor":18.0},{"not_picked":["Coolheaded","Compile Driver","Sweeping Beam"],"picked":"SKIP","floor":19.0},{"not_picked":["Barrage","Sunder"],"picked":"Stack+1","floor":21.0},{"not_picked":["Conserve Battery","Cold Snap"],"picked":"Defragment","floor":22}],"player_experience":552638,"relics_obtained":[{"floor":6.0,"key":"DataDisk"},{"floor":11.0,"key":"Regal Pillow"},{"floor":13.0,"key":"Blue Candle"}],"event_choices":[{"damage_healed":25.0,"max_hp_gain":0.0,"max_hp_loss":0.0,"gold_gain":0.0,"event_name":"Big Fish","player_choice":"Banana","floor":3.0,"gold_loss":0.0,"damage_taken":0.0},{"damage_healed":0.0,"max_hp_gain":0.0,"max_hp_loss":0.0,"gold_gain":75.0,"event_name":"World of Goop","player_choice":"Gather Gold","floor":12.0,"gold_loss":0.0,"damage_taken":11.0},{"damage_healed":0.0,"max_hp_gain":0.0,"max_hp_loss":0.0,"gold_gain":0.0,"event_name":"Duplicator","player_choice":"Copied","floor":20.0,"gold_loss":0.0,"damage_taken":0.0,"cards_obtained":["Sunder"]}],"is_beta":false,"boss_relics":[{"not_picked":["Busted Crown","FrozenCore"],"picked":"Pandora\u0027s Box"}],"items_purged_floors":[],"is_endless":false,"potions_floor_spawned":[1,5,6,11,13,21],"killed_by":"Snake Plant","ascension_level":3}