{"gold_per_floor":[16,16,33,47,59,59,33,33,33,43,43,54,78,78,78,176,176,196,106,118,118,129,129],"floor_reached":23,"playtime":1557,"items_purged":[],"score":201,"play_id":"6bc015ae-ddeb-421f-afbc-25ce61fe57c8","local_time":"20190707233021","is_ascension_mode":true,"campfire_choices":[{"data":"Body Slam","floor":6.0,"key":"SMITH"},{"data":"Mind Blast","floor":8.0,"key":"SMITH"},{"data":"Flex","floor":11.0,"key":"SMITH"},{"data":"Bash","floor":15.0,"key":"SMITH"}],"neow_cost":"NO_GOLD","seed_source_timestamp":0,"circlet_count":0,"master_deck":["Strike_R","Strike_R+1","Strike_R","Strike_R","Defend_R","Defend_R","Defend_R","Defend_R","Bash+1","Mind Blast+1","Finesse","Cleave+1","Headbutt","Body Slam+1","Warcry","Shrug It Off","Flex+1","Shrug It Off","Power Through","Juggernaut","Twin Strike+1","Fire Breathing+1"],"special_seed":0,"relics":["Burning Blood","Omamori","Odd Mushroom","Torii","Busted Crown","Dodecahedron"],"potions_floor_usage":[],"damage_taken":[{"damage":4.0,"enemies":"2 Louse","floor":1.0,"turns":4.0},{"damage":0.0,"enemies":"Cultist","floor":3.0,"turns":3.0},{"damage":0.0,"enemies":"Small Slimes","floor":4.0,"turns":3.0},{"damage":11.0,"enemies":"Looter","floor":5.0,"turns":2.0},{"damage":15.0,"enemies":"Gremlin Gang","floor":10.0,"turns":4.0},{"damage":0.0,"enemies":"Exordium Thugs","floor":12.0,"turns":3.0},{"damage":6.0,"enemies":"The Mushroom Lair","floor":13.0,"turns":4.0},{"damage":20.0,"enemies":"Slime Boss","floor":16.0,"turns":8.0},{"damage":18.0,"enemies":"2 Thieves","floor":18.0,"turns":3.0},{"damage":7.0,"enemies":"Chosen","floor":20.0,"turns":3.0},{"damage":15.0,"enemies":"Snake Plant","floor":22.0,"turns":3.0},{"damage":0,"enemies":"Slavers","floor":23,"turns":1}],"seed_played":"8214297021034959555","potions_obtained":[{"floor":5.0,"key":"Swift Potion"},{"floor":10.0,"key":"Energy Potion"},{"floor":12.0,"key":"Block Potion"},{"floor":16.0,"key":"Strength Potion"},{"floor":18.0,"key":"Dexterity Potion"}],"is_trial":false,"path_per_floor":["M","?","M","M","M","R","$","R","T","M","R","M","?","T","R","B",null,"M","?","M","?","M","E"],"character_chosen":"IRONCLAD","items_purchased":["Shrug It Off"],"campfire_rested":0,"item_purchase_floors":[7],"current_hp_per_floor":[80,80,80,80,75,75,75,75,75,66,66,72,72,72,72,58,80,68,68,67,67,58,58],"gold":129,"neow_bonus":"RANDOM_COLORLESS_2","is_prod":false,"is_daily":false,"chose_seed":false,"campfire_upgraded":4,"win_rate":0,"timestamp":1562556621,"path_taken":["M","?","M","M","M","R","?","R","T","M","R","M","?","?","R","BOSS","M","?","?","?","M","E"],"build_version":"2019-07-05","purchased_purges":0,"victory":false,"max_hp_per_floor":[80,80,80,80,80,80,80,80,80,80,80,80,80,80,80,80,80,80,80,80,80,80,80],"card_choices":[{"not_picked":["Heavy Blade","Havoc"],"picked":"Cleave","floor":1.0},{"not_picked":["True Grit","Pommel Strike"],"picked":"Headbutt","floor":3.0},{"not_picked":["Corruption","Impervious"],"picked":"Body Slam","floor":4.0},{"not_picked":["Searing Blow","Dual Wield"],"picked":"Warcry","floor":5.0},{"not_picked":["Searing Blow","Sword Boomerang"],"picked":"Flex","floor":10.0},{"not_picked":["Perfected Strike","Flex"],"picked":"Shrug It Off","floor":12.0},{"not_picked":["Searing Blow","Uppercut"],"picked":"Power Through","floor":13.0},{"not_picked":["Feed","Limit Break"],"picked":"Juggernaut","floor":16.0},{"not_picked":["True Grit"],"picked":"SKIP","floor":18.0},{"not_picked":[],"picked":"Twin Strike+1","floor":20.0},{"not_picked":[],"picked":"Fire Breathing+1","floor":22.0}],"player_experience":669725,"relics_obtained":[{"floor":9.0,"key":"Omamori"},{"floor":13.0,"key":"Odd Mushroom"},{"floor":14.0,"key":"Torii"},{"floor":21.0,"key":"Dodecahedron"}],"event_choices":[{"damage_healed":0.0,"max_hp_gain":0.0,"max_hp_loss":0.0,"gold_gain":0.0,"event_name":"Upgrade Shrine","player_choice":"Upgraded","floor":2.0,"gold_loss":0.0,"damage_taken":0.0,"cards_upgraded":["Cleave"]},{"damage_healed":0.0,"max_hp_gain":0.0,"max_hp_loss":0.0,"gold_gain":0.0,"event_name":"Mushrooms","player_choice":"Fought Mushrooms","floor":13.0,"gold_loss":0.0,"damage_taken":0.0},{"cards_removed":["Strike_R"],"damage_healed":0.0,"max_hp_gain":0.0,"max_hp_loss":0.0,"gold_gain":0.0,"event_name":"Designer","player_choice":"Upgrade and Remove","floor":19.0,"gold_loss":90.0,"damage_taken":0.0,"cards_upgraded":["Strike_R"]},{"damage_healed":0.0,"max_hp_gain":0.0,"max_hp_loss":0.0,"gold_gain":0.0,"event_name":"Wheel of Change","player_choice":"Relic","floor":21.0,"gold_loss":0.0,"damage_taken":0.0}],"is_beta":false,"boss_relics":[{"not_picked":["Fusion Hammer","Pandora\u0027s Box"],"picked":"Busted Crown"}],"items_purged_floors":[],"is_endless":false,"potions_floor_spawned":[5,10,12,16,18],"killed_by":"Slavers","ascension_level":2}