{"gold_per_floor":[112,132,132,207,157,157,176,191,215,68,68,101,101,114,114,216,216,236,221,235,253,253],"floor_reached":22,"playtime":1538,"items_purged":[],"score":232,"play_id":"25d51573-539d-41b1-ba82-5b890a47a98e","local_time":"20190715204901","is_ascension_mode":true,"campfire_choices":[{"data":"Quick Slash","floor":6,"key":"SMITH"},{"data":"Noxious Fumes","floor":11,"key":"SMITH"},{"data":"Corpse Explosion","floor":15,"key":"SMITH"}],"neow_cost":"NONE","seed_source_timestamp":327714571959800,"circlet_count":0,"master_deck":["Strike_G","Strike_G","Strike_G","Defend_G","Defend_G","Defend_G","Defend_G","Defend_G","Survivor","Neutralize","Quick Slash+1","Distraction","Blur","Noxious Fumes+1","Corpse Explosion+1","Finisher","Deflect","Glass Knife","Backflip","Setup","Flying Knee","Predator","Blur+1","Setup","All Out Attack"],"relics":["Ring of the Snake","MawBank","Snake Skull","Orrery"],"potions_floor_usage":[16,18,20,22],"damage_taken":[{"damage":0,"enemies":"Cultist","floor":1,"turns":6},{"damage":0,"enemies":"2 Louse","floor":2,"turns":3},{"damage":0,"enemies":"Small Slimes","floor":7,"turns":3},{"damage":0,"enemies":"Blue Slaver","floor":8,"turns":4},{"damage":14,"enemies":"3 Sentries","floor":12,"turns":3},{"damage":1,"enemies":"2 Fungi Beasts","floor":14,"turns":4},{"damage":10,"enemies":"The Guardian","floor":16,"turns":8},{"damage":3,"enemies":"3 Byrds","floor":18,"turns":2},{"damage":11,"enemies":"2 Thieves","floor":19,"turns":4},{"damage":1,"enemies":"Snake Plant","floor":20,"turns":5},{"damage":23,"enemies":"Snecko","floor":21,"turns":5},{"damage":10,"enemies":"3 Cultists","floor":22,"turns":3}],"seed_played":"-2180503840861272283","potions_obtained":[{"floor":7,"key":"Explosive Potion"},{"floor":8,"key":"Strength Potion"},{"floor":14,"key":"GhostInAJar"},{"floor":21,"key":"PowerPotion"}],"is_trial":false,"path_per_floor":["M","M","?","?","?","R","M","M","T","$","R","E","?","M","R","B",null,"M","M","M","M","M"],"character_chosen":"THE_SILENT","items_purchased":["Corpse Explosion"],"campfire_rested":0,"item_purchase_floors":[10],"current_hp_per_floor":[77,77,77,66,66,66,66,66,66,66,66,52,87,86,86,76,87,84,73,72,49,39],"gold":253,"neow_bonus":"TEN_PERCENT_HP_BONUS","is_prod":false,"is_daily":false,"chose_seed":false,"campfire_upgraded":3,"win_rate":0,"timestamp":1563238141,"path_taken":["M","M","?","?","?","R","M","M","T","?","R","E","?","M","R","BOSS","M","M","M","M","?"],"build_version":"2019-07-05","purchased_purges":0,"victory":false,"max_hp_per_floor":[77,77,77,77,77,77,77,77,77,77,77,77,87,87,87,87,87,87,87,87,87,87],"card_choices":[{"not_picked":["Acrobatics","Dagger Throw"],"picked":"Quick Slash","floor":1},{"not_picked":["Underhanded Strike","Choke"],"picked":"Distraction","floor":2},{"not_picked":["Underhanded Strike","Dagger Throw"],"picked":"Blur","floor":7},{"not_picked":["Quick Slash","Bane"],"picked":"Noxious Fumes","floor":8},{"not_picked":["Underhanded Strike","Quick Slash"],"picked":"Finisher","floor":12},{"not_picked":["Riddle With Holes","Blade Dance"],"picked":"Deflect","floor":14},{"not_picked":["Unload","Corpse Explosion"],"picked":"Glass Knife","floor":16},{"not_picked":["Tactician","Deflect"],"picked":"Backflip","floor":17},{"not_picked":["Flechettes","Outmaneuver"],"picked":"Setup","floor":17},{"not_picked":["Acrobatics","PiercingWail"],"picked":"Flying Knee","floor":17},{"not_picked":["Backstab","Infinite Blades"],"picked":"Predator","floor":17},{"not_picked":["Heel Hook","Malaise"],"picked":"Blur+1","floor":18},{"not_picked":["Endless Agony","Deflect"],"picked":"Setup","floor":19},{"not_picked":["Dagger Throw+1","Poisoned Stab"],"picked":"All Out Attack","floor":20},{"not_picked":["Predator","PiercingWail","Dagger Throw"],"picked":"SKIP","floor":21}],"player_experience":724860,"relics_obtained":[{"floor":9,"key":"MawBank"},{"floor":12,"key":"Snake Skull"}],"event_choices":[{"damage_healed":0,"gold_gain":0,"cards_transformed":["Strike_G"],"player_choice":"Change","damage_taken":0,"max_hp_gain":0,"max_hp_loss":0,"event_name":"Living Wall","floor":3,"gold_loss":0,"cards_obtained":["Adrenaline"]},{"damage_healed":0,"gold_gain":75,"player_choice":"Gather Gold","damage_taken":11,"max_hp_gain":0,"max_hp_loss":0,"event_name":"World of Goop","floor":4,"gold_loss":0},{"cards_removed":["Strike_G"],"damage_healed":0,"gold_gain":0,"player_choice":"Card Removal","damage_taken":0,"max_hp_gain":0,"max_hp_loss":0,"event_name":"The Cleric","floor":5,"gold_loss":50},{"cards_removed":["Adrenaline"],"damage_healed":25,"gold_gain":0,"player_choice":"Offered Rare","damage_taken":0,"max_hp_gain":10,"max_hp_loss":0,"event_name":"Bonfire Elementals","floor":13,"gold_loss":0}],"is_beta":false,"boss_relics":[{"not_picked":["Snecko Eye","Sozu"],"picked":"Orrery"}],"items_purged_floors":[],"is_endless":false,"potions_floor_spawned":[7,8,14,21],"killed_by":"3 Cultists","ascension_level":2}