{"path_per_floor":["M","M","M","M","?","R","M","M","T","$","E","M","?","M","R","B",null,"M","?","M","?","M","R","E","M","T","R","?","$","?","$","R"],"character_chosen":"DEFECT","items_purchased":["Swift Strike","Dexterity Potion","Secret Technique","Swift Strike","PowerPotion"],"gold_per_floor":[99,116,132,143,143,143,153,169,195,47,82,102,173,187,187,290,290,308,308,323,323,334,334,364,380,403,403,353,12,12,12,12,12],"floor_reached":33,"campfire_rested":3,"playtime":2592,"item_purchase_floors":[10,10,29,29,29],"current_hp_per_floor":[68,68,69,67,67,75,72,65,65,65,53,59,59,65,65,24,75,72,72,62,62,56,75,41,47,47,69,69,69,69,69,69,0],"items_purged":[],"gold":12,"score":269,"play_id":"f49a3ae0-7fe8-4c32-89ad-5ffd06c36786","local_time":"20180613212711","is_prod":false,"is_daily":false,"chose_seed":false,"is_ascension_mode":false,"campfire_upgraded":2,"win_rate":0.0,"timestamp":1528939631,"campfire_choices":[{"floor":6,"key":"REST"},{"data":"Sunder","floor":15,"key":"SMITH"},{"floor":23,"key":"REST"},{"floor":27,"key":"REST"},{"data":"Swift Strike","floor":32,"key":"SMITH"}],"path_taken":["M","M","M","M","?","R","M","M","T","$","E","M","?","M","R","BOSS","M","?","M","?","M","R","E","M","T","R","?","$","?","?","R","BOSS"],"build_version":"2018-06-07v3","seed_source_timestamp":74509317685162,"purchased_purges":0,"victory":false,"master_deck":["Strike_B","Strike_B","Strike_B","Strike_B","Defend_B","Defend_B","Defend_B","Defend_B","Zap","Dualcast+1","Go for the Eyes","Ball Lightning","Seek","Go for the Eyes","Conserve Battery","Swift Strike","Sunder+1","Doom and Gloom","Aggregate","Multi-Cast","Rebound+1","Self Repair","RitualDagger","Compile Driver","Dramatic Entrance","Go for the Eyes","Chaos+1","Rip and Tear+1","Secret Technique","Swift Strike+1"],"max_hp_per_floor":[75,75,75,75,75,75,75,75,75,75,75,75,75,75,75,75,75,75,75,75,75,75,75,75,75,75,75,75,75,75,75,75,75],"relics":["Cracked Core","Vajra","Letter Opener","Nuclear Battery","Boot","Anchor"],"card_choices":[{"not_picked":["Coolheaded","Sweeping Beam"],"picked":"Go for the Eyes","floor":1},{"not_picked":["Loop","Conserve Battery"],"picked":"Self Repair","floor":2},{"not_picked":["Reprogram","Compile Driver"],"picked":"Ball Lightning","floor":3},{"not_picked":["Stack","Streamline"],"picked":"Seek","floor":4},{"not_picked":["Leap","Conserve Battery"],"picked":"Go for the Eyes","floor":7},{"not_picked":["Cold Snap","Hologram"],"picked":"Conserve Battery","floor":8},{"not_picked":["Barrage","Streamline"],"picked":"Sunder","floor":11},{"not_picked":["Ball Lightning","Sweeping Beam"],"picked":"Doom and Gloom","floor":12},{"not_picked":["Ball Lightning","White Noise"],"picked":"Aggregate","floor":14},{"not_picked":["Amplify","Thunder Strike"],"picked":"Multi-Cast","floor":16},{"not_picked":["Sweeping Beam","Stack+1"],"picked":"Rebound+1","floor":18},{"not_picked":["Coolheaded","Beam Cell"],"picked":"Compile Driver","floor":20},{"not_picked":["Leap","Glacier"],"picked":"Go for the Eyes","floor":22},{"not_picked":["Rainbow","BootSequence"],"picked":"Chaos+1","floor":24},{"not_picked":["Ball Lightning+1","Redo"],"picked":"Rip and Tear+1","floor":25}],"player_experience":34543,"potions_floor_usage":[8,11,16,24,24,33],"damage_taken":[{"damage":7,"enemies":"Small Slimes","floor":1,"turns":2},{"damage":0,"enemies":"2 Louse","floor":2,"turns":1},{"damage":6,"enemies":"Jaw Worm","floor":3,"turns":3},{"damage":9,"enemies":"Exordium Wildlife","floor":4,"turns":3},{"damage":3,"enemies":"Large Slime","floor":7,"turns":4},{"damage":7,"enemies":"2 Fungi Beasts","floor":8,"turns":2},{"damage":22,"enemies":"3 Sentries","floor":11,"turns":6},{"damage":4,"enemies":"Exordium Thugs","floor":12,"turns":3},{"damage":4,"enemies":"Blue Slaver","floor":14,"turns":2},{"damage":51,"enemies":"The Guardian","floor":16,"turns":10},{"damage":13,"enemies":"Shell Parasite","floor":18,"turns":4},{"damage":10,"enemies":"Chosen","floor":20,"turns":4},{"damage":13,"enemies":"Snecko","floor":22,"turns":5},{"damage":34,"enemies":"Book of Stabbing","floor":24,"turns":5},{"damage":1,"enemies":"3 Cultists","floor":25,"turns":4},{"damage":69,"enemies":"Champ","floor":33,"turns":7}],"relics_obtained":[{"floor":9,"key":"Vajra"},{"floor":11,"key":"Letter Opener"},{"floor":24,"key":"Boot"},{"floor":26,"key":"Anchor"}],"event_choices":[{"event_name":"Living Wall","player_choice":"Grow","floor":5,"damage_taken":0},{"event_name":"Golden Wing","player_choice":"Gained Gold","floor":13,"damage_taken":0},{"event_name":"Nest","player_choice":"Joined the Cult","floor":19,"damage_taken":0},{"event_name":"Match and Keep!","player_choice":"1 cards matched","floor":21,"damage_taken":0},{"event_name":"The Joust","player_choice":"Bet on Owner","floor":28,"damage_taken":0},{"event_name":"N\u0027loth","player_choice":"Ignored","floor":30,"damage_taken":0}],"boss_relics":[{"not_picked":["Velvet Choker","Orrery"],"picked":"Nuclear Battery"}],"items_purged_floors":[],"potions_floor_spawned":[4,7,11,18],"seed_played":"7006813649738473985","killed_by":"Champ","ascension_level":0,"potions_obtained":[{"floor":4,"key":"PowerPotion"},{"floor":7,"key":"Poison Potion"},{"floor":11,"key":"SpeedPotion"},{"floor":18,"key":"LiquidBronze"}],"is_trial":false}