{"gold_per_floor":[113,126,139,314,91,91,105,130,130,130,130,159,159,234,234,234],"floor_reached":16,"playtime":623,"items_purged":["Doubt"],"score":167,"play_id":"b6de49ef-fb68-4a2e-9f8d-aaa2455df52d","local_time":"20181231224536","is_ascension_mode":true,"campfire_choices":[{"data":"Inflame","floor":6,"key":"SMITH"},{"data":"Perfected Strike","floor":10,"key":"SMITH"},{"floor":13,"key":"REST"},{"data":"Defend_R","floor":15,"key":"SMITH"}],"neow_cost":"CURSE","seed_source_timestamp":38486545096349,"circlet_count":0,"master_deck":["AscendersBane","Strike_R","Strike_R+1","Strike_R","Strike_R","Strike_R","Defend_R","Defend_R","Defend_R+1","Defend_R+1","Bash","Parasite","Reaper","Pommel Strike","Inflame+1","Perfected Strike+1","Pommel Strike+1","Twin Strike+1"],"relics":["Burning Blood","Ancient Tea Set","Molten Egg 2","Bottled Flame","Dodecahedron"],"potions_floor_usage":[8,12,16],"damage_taken":[{"damage":5,"enemies":"Cultist","floor":1,"turns":5},{"damage":14,"enemies":"2 Louse","floor":2,"turns":3},{"damage":20,"enemies":"Jaw Worm","floor":3,"turns":6},{"damage":21,"enemies":"Looter","floor":7,"turns":4},{"damage":40,"enemies":"3 Sentries","floor":8,"turns":8},{"damage":20,"enemies":"Lagavulin","floor":12,"turns":6},{"damage":25,"enemies":"The Guardian","floor":16,"turns":7}],"seed_played":"-1020702453971584408","potions_obtained":[{"floor":1,"key":"Weak Potion"},{"floor":7,"key":"EssenceOfSteel"},{"floor":12,"key":"SkillPotion"}],"is_trial":false,"path_per_floor":["M","M","M","?","$","R","M","E","T","R","?","E","R","?","R","B"],"character_chosen":"IRONCLAD","items_purchased":["Ancient Tea Set"],"campfire_rested":1,"item_purchase_floors":[5],"current_hp_per_floor":[77,72,64,64,64,64,53,33,33,33,17,12,36,25,25,0],"gold":234,"neow_bonus":"THREE_RARE_CARDS","is_prod":false,"is_daily":false,"chose_seed":false,"campfire_upgraded":3,"win_rate":0,"timestamp":1546314336,"path_taken":["M","?","?","?","$","R","M","E","T","R","?","E","R","?","R","BOSS"],"build_version":"2018-12-25","purchased_purges":1,"victory":false,"max_hp_per_floor":[80,80,80,80,80,80,80,80,80,80,80,80,80,80,80,80],"card_choices":[{"not_picked":["Dark Embrace","Double Tap"],"picked":"Reaper","floor":0},{"not_picked":["Rampage","Anger"],"picked":"Pommel Strike","floor":1},{"not_picked":["Havoc","Corruption"],"picked":"Inflame","floor":2},{"not_picked":["Headbutt","Combust","Body Slam"],"picked":"SKIP","floor":3},{"not_picked":["Anger","Sword Boomerang"],"picked":"Perfected Strike","floor":7},{"not_picked":["Clothesline","Exhume"],"picked":"Pommel Strike","floor":8},{"not_picked":["Pummel+1","Warcry"],"picked":"Twin Strike+1","floor":12}],"player_experience":719595,"relics_obtained":[{"floor":8,"key":"Molten Egg 2"},{"floor":9,"key":"Bottled Flame"},{"floor":12,"key":"Dodecahedron"}],"event_choices":[{"damage_healed":0,"gold_gain":175,"player_choice":"AGREE","damage_taken":0,"max_hp_gain":0,"max_hp_loss":0,"event_name":"Liars Game","floor":4,"gold_loss":0,"cards_obtained":["Doubt"]},{"damage_healed":0,"gold_gain":0,"player_choice":"Entered Light","damage_taken":16,"max_hp_gain":0,"max_hp_loss":0,"event_name":"Shining Light","floor":11,"gold_loss":0,"cards_upgraded":["Defend_R","Strike_R"]},{"damage_healed":0,"gold_gain":75,"player_choice":"Gather Gold","damage_taken":11,"max_hp_gain":0,"max_hp_loss":0,"event_name":"World of Goop","floor":14,"gold_loss":0}],"is_beta":true,"boss_relics":[],"items_purged_floors":[5],"is_endless":false,"potions_floor_spawned":[1,7,12],"killed_by":"The Guardian","ascension_level":11}