{"gold_per_floor":[113,113,124,124,144,144,144,185,211,229,229,404,444,464,464,587,587,601,601,619,619],"floor_reached":21,"playtime":1254,"items_purged":[],"score":296,"play_id":"2770e624-f78a-4f38-97af-b36b660cf972","local_time":"20190102132037","is_ascension_mode":true,"campfire_choices":[{"floor":11.0,"key":"REST"},{"data":"Doubt","floor":15.0,"key":"PURGE"}],"neow_cost":"PERCENT_DAMAGE","seed_source_timestamp":175971265401638,"circlet_count":0,"master_deck":["AscendersBane","Strike_R","Strike_R","Strike_R","Strike_R","Defend_R","Defend_R","Defend_R","Defend_R","Bash","Armaments+1","Clothesline+1","Cleave","Barricade","Searing Blow","Shrug It Off","Limit Break","Shrug It Off","Havoc+1"],"special_seed":0,"relics":["Burning Blood","Ice Cream","Golden Idol","Regal Pillow","Centennial Puzzle","Peace Pipe","White Beast Statue"],"potions_floor_usage":[21],"damage_taken":[{"damage":0.0,"enemies":"2 Louse","floor":1.0,"turns":4.0},{"damage":0.0,"enemies":"Small Slimes","floor":3.0,"turns":4.0},{"damage":1.0,"enemies":"Cultist","floor":5.0,"turns":3.0},{"damage":11.0,"enemies":"Lagavulin","floor":8.0,"turns":8.0},{"damage":14.0,"enemies":"Exordium Wildlife","floor":10.0,"turns":5.0},{"damage":25.0,"enemies":"Gremlin Nob","floor":13.0,"turns":5.0},{"damage":14.0,"enemies":"3 Louse","floor":14.0,"turns":2.0},{"damage":20.0,"enemies":"Slime Boss","floor":16.0,"turns":45.0},{"damage":30.0,"enemies":"2 Thieves","floor":18.0,"turns":4.0},{"damage":0.0,"enemies":"Spheric Guardian","floor":19.0,"turns":1.0},{"damage":36.0,"enemies":"Cultist and Chosen","floor":20.0,"turns":8.0},{"damage":18,"enemies":"Snake Plant","floor":21,"turns":4}],"seed_played":"5623157921318163894","potions_obtained":[{"floor":5.0,"key":"GamblersBrew"},{"floor":14.0,"key":"Poison Potion"},{"floor":16.0,"key":"FearPotion"},{"floor":18.0,"key":"EntropicBrew"},{"floor":20.0,"key":"Explosive Potion"}],"is_trial":false,"path_per_floor":["M","?","M","?","M","?","?","E","T","M","R","?","E","M","R","B",null,"M","M","M","M"],"character_chosen":"IRONCLAD","items_purchased":[],"campfire_rested":1,"item_purchase_floors":[],"current_hp_per_floor":[57,57,63,63,68,48,48,43,43,35,74,74,55,47,47,33,68,44,50,20,2],"gold":619,"neow_bonus":"ONE_RARE_RELIC","is_prod":false,"is_daily":false,"chose_seed":false,"campfire_upgraded":0,"win_rate":0,"timestamp":1546453237,"path_taken":["M","?","M","?","?","?","?","E","T","?","R","?","E","M","R","BOSS","M","M","M","M"],"build_version":"2019-01-01v2","purchased_purges":0,"victory":false,"max_hp_per_floor":[80,80,80,80,80,80,80,80,80,80,80,80,80,80,80,80,80,80,80,80,80],"card_choices":[{"not_picked":["Clash","Power Through"],"picked":"Armaments","floor":1.0},{"not_picked":["Sword Boomerang","Cleave"],"picked":"Clothesline","floor":3.0},{"not_picked":["Clash","Sword Boomerang"],"picked":"Cleave","floor":5.0},{"not_picked":["Shrug It Off","Dropkick"],"picked":"Barricade","floor":8.0},{"not_picked":["Perfected Strike","Thunderclap","Twin Strike"],"picked":"SKIP","floor":10.0},{"not_picked":["Heavy Blade","Headbutt"],"picked":"Searing Blow","floor":13.0},{"not_picked":["Clothesline","Double Tap"],"picked":"Shrug It Off","floor":14.0},{"not_picked":["Bludgeon","Fiend Fire"],"picked":"Limit Break","floor":16.0},{"not_picked":["Hemokinesis","Warcry"],"picked":"Shrug It Off","floor":18.0},{"not_picked":["Pommel Strike+1","Wild Strike"],"picked":"Havoc+1","floor":20.0}],"player_experience":729447,"relics_obtained":[{"floor":8.0,"key":"Regal Pillow"},{"floor":9.0,"key":"Centennial Puzzle"},{"floor":13.0,"key":"Peace Pipe"}],"event_choices":[{"damage_healed":0.0,"max_hp_gain":0.0,"max_hp_loss":0.0,"gold_gain":0.0,"event_name":"Living Wall","player_choice":"Grow","floor":2.0,"gold_loss":0.0,"damage_taken":0.0,"cards_upgraded":["Armaments"]},{"damage_healed":0.0,"max_hp_gain":0.0,"max_hp_loss":0.0,"gold_gain":0.0,"event_name":"Upgrade Shrine","player_choice":"Upgraded","floor":4.0,"gold_loss":0.0,"damage_taken":0.0,"cards_upgraded":["Clothesline"]},{"damage_healed":0.0,"max_hp_gain":0.0,"max_hp_loss":0.0,"gold_gain":0.0,"event_name":"Golden Idol","player_choice":"Take Damage","floor":6.0,"gold_loss":0.0,"damage_taken":20.0,"relics_obtained":["Golden Idol"]},{"cards_removed":["Strike_R"],"damage_healed":0.0,"max_hp_gain":0.0,"max_hp_loss":0.0,"gold_gain":0.0,"event_name":"Purifier","player_choice":"Purged","floor":7.0,"gold_loss":0.0,"damage_taken":0.0},{"damage_healed":0.0,"max_hp_gain":0.0,"max_hp_loss":0.0,"gold_gain":175.0,"event_name":"Liars Game","player_choice":"AGREE","floor":12.0,"gold_loss":0.0,"damage_taken":0.0,"cards_obtained":["Doubt"]}],"is_beta":true,"boss_relics":[{"not_picked":["Runic Cube","Empty Cage"],"picked":"White Beast Statue"}],"items_purged_floors":[],"is_endless":false,"potions_floor_spawned":[5,14,16,18,19,20],"killed_by":"Snake Plant","ascension_level":11}