{"gold_per_floor":[109,126,174,191,208,208,208,208,208,208,219,234,247,265,265,360,360,375,394,408,427,437,437,437,437,437,437,349,349,365,378,378,476,476,486,506,516,222,235,235,235,235,235,235,262,262,281,311,311,311],"floor_reached":51,"playtime":2441,"items_purged":["Clash","Spot Weakness"],"score":882,"play_id":"4feb2bd9-d844-44ee-ab2d-17f3509a2207","local_time":"20181111043217","daily_mods":["SealedDeck","Vintage","Heirloom","Time Dilation","Flight"],"is_ascension_mode":false,"campfire_choices":[{"data":"Searing Blow","floor":6,"key":"SMITH"},{"data":"Searing Blow+1","floor":7,"key":"SMITH"},{"data":"Searing Blow+2","floor":8,"key":"SMITH"},{"data":"Searing Blow+3","floor":10,"key":"SMITH"},{"data":"Searing Blow+4","floor":15,"key":"SMITH"},{"data":"Armaments","floor":23,"key":"SMITH"},{"data":"Armaments","floor":24,"key":"SMITH"},{"data":"Searing Blow+5","floor":25,"key":"SMITH"},{"data":"Searing Blow+6","floor":27,"key":"SMITH"},{"data":"Searing Blow+7","floor":29,"key":"SMITH"},{"data":"Searing Blow+8","floor":32,"key":"SMITH"},{"data":"Searing Blow+9","floor":40,"key":"SMITH"},{"data":"Searing Blow+10","floor":41,"key":"SMITH"},{"data":"Searing Blow+11","floor":42,"key":"SMITH"},{"data":"Searing Blow+12","floor":44,"key":"SMITH"},{"data":"Searing Blow+13","floor":46,"key":"SMITH"},{"data":"Searing Blow+15","floor":49,"key":"SMITH"}],"neow_cost":"","seed_source_timestamp":0,"circlet_count":0,"master_deck":["Shrug It Off","Seeing Red","Armaments+1","Heavy Blade+1","Inflame","Searing Blow+16","Armaments+1","Inflame","Offering","Offering","Limit Break"],"relics":["Burning Blood","Bird Faced Urn","Shovel","Blue Candle","Tiny Chest","Incense Burner","Centennial Puzzle","Gremlin Horn","The Courier","Smiling Mask","Ancient Tea Set","Omamori","Runic Dome","Potion Belt","Mercury Hourglass","Frozen Egg 2","Bottled Tornado","FossilizedHelix","Bottled Lightning","Vajra","Kunai","Black Star","Oddly Smooth Stone","Sundial","Art of War","Girya","Anchor","Letter Opener","Prayer Wheel","Mango","Whetstone","Turnip","StoneCalendar"],"potions_floor_usage":[50,50,50,50],"damage_taken":[{"damage":0,"enemies":"2 Louse","floor":1,"turns":3},{"damage":0,"enemies":"Cultist","floor":2,"turns":3},{"damage":5,"enemies":"Small Slimes","floor":3,"turns":2},{"damage":0,"enemies":"3 Louse","floor":4,"turns":3},{"damage":11,"enemies":"Large Slime","floor":5,"turns":4},{"damage":0,"enemies":"2 Fungi Beasts","floor":11,"turns":2},{"damage":0,"enemies":"Exordium Wildlife","floor":12,"turns":2},{"damage":0,"enemies":"Looter","floor":13,"turns":1},{"damage":7,"enemies":"Large Slime","floor":14,"turns":5},{"damage":33,"enemies":"Hexaghost","floor":16,"turns":5},{"damage":0,"enemies":"Shell Parasite","floor":18,"turns":2},{"damage":6,"enemies":"Chosen","floor":19,"turns":2},{"damage":6,"enemies":"Centurion and Healer","floor":20,"turns":2},{"damage":6,"enemies":"Snecko","floor":21,"turns":2},{"damage":18,"enemies":"Shelled Parasite and Fungi","floor":22,"turns":2},{"damage":0,"enemies":"Sentry and Sphere","floor":30,"turns":1},{"damage":0,"enemies":"Chosen and Byrds","floor":31,"turns":3},{"damage":7,"enemies":"Champ","floor":33,"turns":3},{"damage":6,"enemies":"3 Shapes","floor":35,"turns":2},{"damage":6,"enemies":"Orb Walker","floor":36,"turns":1},{"damage":6,"enemies":"Spire Growth","floor":37,"turns":1},{"damage":6,"enemies":"Maw","floor":39,"turns":1},{"damage":1,"enemies":"Nemesis","floor":45,"turns":1},{"damage":6,"enemies":"Jaw Worm Horde","floor":47,"turns":2},{"damage":6,"enemies":"Reptomancer","floor":48,"turns":1},{"damage":6,"enemies":"Time Eater","floor":50,"turns":1}],"seed_played":"-5747168098447870764","potions_obtained":[{"floor":2,"key":"SpeedPotion"},{"floor":11,"key":"SmokeBomb"},{"floor":14,"key":"Swift Potion"},{"floor":16,"key":"Dexterity Potion"},{"floor":20,"key":"Energy Potion"},{"floor":21,"key":"FearPotion"},{"floor":22,"key":"LiquidBronze"},{"floor":36,"key":"Fire Potion"}],"is_trial":true,"path_per_floor":["M","M","M","M","M","R","R","R","T","R","M","M","M","M","R","B",null,"M","M","M","M","M","R","R","R","T","R","$","R","M","M","R","B",null,"M","M","M","$","M","R","R","R","T","R","E","R","M","E","R","B",null],"character_chosen":"IRONCLAD","items_purchased":["Strength Potion","Girya"],"campfire_rested":0,"item_purchase_floors":[28,38],"current_hp_per_floor":[80,80,80,80,77,77,77,77,77,77,80,80,80,79,79,53,80,80,80,80,80,68,68,68,68,68,68,68,68,78,80,80,79,80,80,80,80,80,80,80,80,80,80,80,94,94,94,94,94,94],"gold":311,"neow_bonus":"","is_prod":false,"is_daily":false,"chose_seed":false,"campfire_upgraded":17,"win_rate":0,"timestamp":1541928737,"path_taken":["M","M","M","M","M","R","R","R","T","R","M","M","M","M","R","BOSS","M","M","M","M","M","R","R","R","T","R","$","R","M","M","R","BOSS","M","M","M","$","M","R","R","R","T","R","E","R","M","E","R","BOSS"],"build_version":"2018-11-08","purchased_purges":2,"victory":true,"max_hp_per_floor":[80,80,80,80,80,80,80,80,80,80,80,80,80,80,80,80,80,80,80,80,80,80,80,80,80,80,80,80,80,80,80,80,80,80,80,80,80,80,80,80,80,80,80,80,94,94,94,94,94,94],"card_choices":[{"not_picked":["Exhume","Immolate"],"picked":"Offering","floor":16},{"not_picked":["Impervious","Immolate"],"picked":"Offering","floor":33},{"not_picked":["True Grit+1","Sever Soul"],"picked":"Limit Break","floor":45},{"not_picked":["Blood for Blood+1","Metallicize+1","Body Slam"],"picked":"SKIP","floor":48}],"player_experience":343178,"relics_obtained":[{"floor":1,"key":"Shovel"},{"floor":2,"key":"Blue Candle"},{"floor":3,"key":"Tiny Chest"},{"floor":4,"key":"Incense Burner"},{"floor":5,"key":"Centennial Puzzle"},{"floor":9,"key":"Gremlin Horn"},{"floor":11,"key":"The Courier"},{"floor":12,"key":"Smiling Mask"},{"floor":13,"key":"Ancient Tea Set"},{"floor":14,"key":"Omamori"},{"floor":18,"key":"Potion Belt"},{"floor":19,"key":"Mercury Hourglass"},{"floor":20,"key":"Frozen Egg 2"},{"floor":21,"key":"Bottled Tornado"},{"floor":22,"key":"FossilizedHelix"},{"floor":26,"key":"Bottled Lightning"},{"floor":30,"key":"Vajra"},{"floor":31,"key":"Kunai"},{"floor":35,"key":"Oddly Smooth Stone"},{"floor":36,"key":"Sundial"},{"floor":37,"key":"Art of War"},{"floor":39,"key":"Anchor"},{"floor":43,"key":"Letter Opener"},{"floor":45,"key":"Prayer Wheel"},{"floor":45,"key":"Mango"},{"floor":47,"key":"Whetstone"},{"floor":48,"key":"Turnip"},{"floor":48,"key":"StoneCalendar"}],"event_choices":[],"is_beta":true,"boss_relics":[{"not_picked":["Eternal Feather","Black Blood"],"picked":"Runic Dome"},{"not_picked":["Astrolabe","Coffee Dripper"],"picked":"Black Star"}],"items_purged_floors":[28,38],"is_endless":false,"potions_floor_spawned":[2,11,14,16,20,21,22,36,39,47],"ascension_level":0}