{"gold_per_floor":[111,111,124,124,142,169,220,240,240,270,301,381,393,423,435,447],"floor_reached":16,"playtime":753,"items_purged":[],"score":132,"play_id":"1efb683b-5d77-4bb8-86d1-23cba25f048c","local_time":"20190720120559","is_ascension_mode":true,"campfire_choices":[{"floor":13.0,"key":"REST"},{"floor":15.0,"key":"REST"}],"neow_cost":"NONE","seed_source_timestamp":0,"circlet_count":0,"master_deck":["Strike_R","Strike_R","Strike_R","Strike_R+1","Strike_R","Defend_R","Defend_R","Defend_R","Defend_R","Bash+1","Perfected Strike","Carnage","Infernal Blade","Anger","Infernal Blade","Body Slam","Spot Weakness","Armaments"],"special_seed":0,"relics":["Burning Blood","NeowsBlessing","PreservedInsect","Odd Mushroom","Pen Nib","MawBank"],"potions_floor_usage":[16],"damage_taken":[{"damage":0.0,"enemies":"Jaw Worm","floor":1.0,"turns":1.0},{"damage":0.0,"enemies":"Cultist","floor":3.0,"turns":1.0},{"damage":0.0,"enemies":"Small Slimes","floor":5.0,"turns":1.0},{"damage":16.0,"enemies":"Gremlin Nob","floor":6.0,"turns":3.0},{"damage":29.0,"enemies":"The Mushroom Lair","floor":8.0,"turns":5.0},{"damage":30.0,"enemies":"3 Sentries","floor":10.0,"turns":6.0},{"damage":8.0,"enemies":"3 Louse","floor":11.0,"turns":3.0},{"damage":17.0,"enemies":"Looter","floor":14.0,"turns":3.0},{"damage":70,"enemies":"The Guardian","floor":16,"turns":9}],"seed_played":"-8613719793070796548","potions_obtained":[{"floor":5.0,"key":"Ancient Potion"},{"floor":8.0,"key":"Strength Potion"},{"floor":14.0,"key":"Regen Potion"}],"is_trial":false,"path_per_floor":["M","?","M","?","M","E","T","?","T","E","M","?","R","M","R","B"],"character_chosen":"IRONCLAD","items_purchased":[],"campfire_rested":2,"item_purchase_floors":[],"current_hp_per_floor":[80,64,70,70,76,66,66,43,43,19,17,17,41,30,54,0],"gold":447,"neow_bonus":"THREE_ENEMY_KILL","is_prod":false,"is_daily":false,"chose_seed":false,"campfire_upgraded":0,"win_rate":0,"timestamp":1563638759,"path_taken":["M","?","M","?","?","E","?","?","T","E","M","?","R","M","R","BOSS"],"build_version":"2019-07-17","purchased_purges":0,"victory":false,"max_hp_per_floor":[80,80,80,80,80,80,80,80,80,80,80,80,80,80,80,80],"card_choices":[{"not_picked":["Sever Soul","True Grit"],"picked":"Perfected Strike","floor":1.0},{"not_picked":["Warcry","Twin Strike"],"picked":"Carnage","floor":3.0},{"not_picked":["Clash","Shrug It Off"],"picked":"Infernal Blade","floor":5.0},{"not_picked":["True Grit","Heavy Blade"],"picked":"Anger","floor":6.0},{"not_picked":["Clash","Sword Boomerang"],"picked":"Infernal Blade","floor":8.0},{"not_picked":["Fiend Fire","Hemokinesis"],"picked":"Body Slam","floor":10.0},{"not_picked":["Wild Strike","Perfected Strike"],"picked":"Spot Weakness","floor":11.0},{"not_picked":["Perfected Strike","Pommel Strike"],"picked":"Armaments","floor":14.0}],"player_experience":558482,"relics_obtained":[{"floor":6.0,"key":"PreservedInsect"},{"floor":8.0,"key":"Odd Mushroom"},{"floor":9.0,"key":"Pen Nib"},{"floor":10.0,"key":"MawBank"}],"event_choices":[{"damage_healed":0.0,"max_hp_gain":0.0,"max_hp_loss":0.0,"gold_gain":0.0,"event_name":"Shining Light","player_choice":"Entered Light","floor":2.0,"gold_loss":0.0,"damage_taken":16.0,"cards_upgraded":["Bash","Strike_R"]},{"damage_healed":0.0,"max_hp_gain":0.0,"max_hp_loss":0.0,"gold_gain":0.0,"event_name":"Purifier","player_choice":"Ignored","floor":4.0,"gold_loss":0.0,"damage_taken":0.0},{"damage_healed":0.0,"max_hp_gain":0.0,"max_hp_loss":0.0,"gold_gain":0.0,"event_name":"Mushrooms","player_choice":"Fought Mushrooms","floor":8.0,"gold_loss":0.0,"damage_taken":0.0},{"damage_healed":0.0,"max_hp_gain":0.0,"max_hp_loss":0.0,"gold_gain":68.0,"event_name":"Golden Wing","player_choice":"Gained Gold","floor":12.0,"gold_loss":0.0,"damage_taken":0.0}],"is_beta":false,"boss_relics":[],"items_purged_floors":[],"is_endless":false,"potions_floor_spawned":[5,8,14],"killed_by":"The Guardian","ascension_level":4}