{"gold_per_floor":[114,127,140,34,52,52,83,6,6,25,35,35,49,65,65,167,167,183,98,144,162,173,173,189,202,202,69,82,92,92,109,109,109],"floor_reached":33,"playtime":6979,"items_purged":[],"score":257,"play_id":"e351ad4f-71ff-4fe6-a3cb-0d3638554bd3","local_time":"20190622211556","is_ascension_mode":false,"campfire_choices":[{"data":"Consume","floor":6,"key":"SMITH"},{"data":"Defragment","floor":12,"key":"SMITH"},{"floor":15,"key":"REST"},{"data":"Leap","floor":23,"key":"SMITH"},{"data":"Loop","floor":30,"key":"SMITH"},{"floor":32,"key":"REST"}],"neow_cost":"CURSE","seed_source_timestamp":499170414459600,"circlet_count":0,"master_deck":["Strike_B","Strike_B+1","Strike_B","Strike_B","Defend_B","Defend_B","Defend_B","Defend_B","Zap","Dualcast","Injury","Conserve Battery","Cold Snap","Rip and Tear+1","Consume+1","Capacitor","Ball Lightning","Streamline","Defragment+1","Leap+1","Conserve Battery","Ball Lightning","Beam Cell","Buffer","Steam+1","Coolheaded","Leap","Sweeping Beam","Turbo","Loop+1","Turbo","Redo+1","Rip and Tear","Coolheaded+1"],"relics":["Cracked Core","Torii","Ice Cream","Gambling Chip","White Beast Statue","Mercury Hourglass","Whetstone","Shuriken"],"potions_floor_usage":[16,22,33],"damage_taken":[{"damage":1,"enemies":"Cultist","floor":1,"turns":3},{"damage":1,"enemies":"Small Slimes","floor":2,"turns":4},{"damage":0,"enemies":"Jaw Worm","floor":3,"turns":4},{"damage":11,"enemies":"Exordium Thugs","floor":5,"turns":4},{"damage":21,"enemies":"Lagavulin","floor":7,"turns":7},{"damage":2,"enemies":"Looter","floor":10,"turns":4},{"damage":9,"enemies":"Exordium Wildlife","floor":11,"turns":4},{"damage":0,"enemies":"Blue Slaver","floor":13,"turns":4},{"damage":13,"enemies":"3 Louse","floor":14,"turns":3},{"damage":5,"enemies":"Hexaghost","floor":16,"turns":7},{"damage":11,"enemies":"Spheric Guardian","floor":18,"turns":4},{"damage":0,"enemies":"Chosen","floor":21,"turns":5},{"damage":16,"enemies":"Snake Plant","floor":22,"turns":5},{"damage":2,"enemies":"Centurion and Healer","floor":24,"turns":6},{"damage":16,"enemies":"Shelled Parasite and Fungi","floor":25,"turns":7},{"damage":21,"enemies":"Sentry and Sphere","floor":28,"turns":4},{"damage":1,"enemies":"Snecko","floor":29,"turns":5},{"damage":1,"enemies":"Cultist and Chosen","floor":31,"turns":5},{"damage":29,"enemies":"Collector","floor":33,"turns":3}],"seed_played":"399378305072831960","potions_obtained":[{"floor":3,"key":"Strength Potion"},{"floor":5,"key":"GamblersBrew"},{"floor":7,"key":"FocusPotion"},{"floor":18,"key":"SkillPotion"},{"floor":22,"key":"Weak Potion"},{"floor":25,"key":"FocusPotion"}],"is_trial":false,"path_per_floor":["M","M","M","$","M","R","E","$","T","M","M","R","M","M","R","B",null,"M","?","T","M","M","R","M","M","T","$","M","M","R","M","R","B"],"character_chosen":"DEFECT","items_purchased":["Consume","Capacitor","Defragment","Loop","Turbo"],"campfire_rested":2,"item_purchase_floors":[4,4,8,27,27],"current_hp_per_floor":[74,73,73,73,62,62,41,41,41,39,30,30,30,17,39,34,75,64,64,64,64,48,48,46,30,30,30,9,8,8,7,29,0],"gold":109,"neow_bonus":"ONE_RARE_RELIC","is_prod":false,"is_daily":false,"chose_seed":false,"campfire_upgraded":4,"win_rate":0.0,"timestamp":1561252556,"path_taken":["M","?","M","$","M","R","E","?","T","M","M","R","M","M","R","BOSS","M","?","?","?","M","R","M","M","T","$","M","M","R","M","R","BOSS"],"build_version":"2019-01-23","purchased_purges":0,"victory":false,"max_hp_per_floor":[75,75,75,75,75,75,75,75,75,75,75,75,75,75,75,75,75,75,75,75,75,75,75,75,75,75,75,75,75,75,75,75,75],"card_choices":[{"not_picked":["Steam Power","Gash"],"picked":"Conserve Battery","floor":1},{"not_picked":["Turbo","Chill"],"picked":"Cold Snap","floor":2},{"not_picked":["Sweeping Beam","Rebound"],"picked":"Rip and Tear","floor":3},{"not_picked":["All For One","Tempest"],"picked":"Ball Lightning","floor":5},{"not_picked":["Stack","Coolheaded"],"picked":"Streamline","floor":7},{"not_picked":["Ball Lightning","Steam"],"picked":"Leap","floor":10},{"not_picked":["Ball Lightning","Chaos"],"picked":"Conserve Battery","floor":11},{"not_picked":["Streamline","Darkness"],"picked":"Ball Lightning","floor":13},{"not_picked":["Hologram","Chaos"],"picked":"Beam Cell","floor":14},{"not_picked":["Meteor Strike","Biased Cognition"],"picked":"Buffer","floor":16},{"not_picked":["Force Field","Coolheaded"],"picked":"Steam+1","floor":18},{"not_picked":["Beam Cell","Doom and Gloom"],"picked":"Coolheaded","floor":21},{"not_picked":["Compile Driver","Beam Cell"],"picked":"Leap","floor":22},{"not_picked":["Buffer","Hologram+1"],"picked":"Sweeping Beam","floor":24},{"not_picked":["Sweeping Beam","Cold Snap"],"picked":"Turbo","floor":25},{"not_picked":["Coolheaded","Steam"],"picked":"Redo+1","floor":28},{"not_picked":["Redo","Reprogram"],"picked":"Rip and Tear","floor":29},{"not_picked":["Redo","Rebound"],"picked":"Coolheaded+1","floor":31}],"player_experience":442694,"relics_obtained":[{"floor":7,"key":"Ice Cream"},{"floor":9,"key":"Gambling Chip"},{"floor":20,"key":"Whetstone"},{"floor":26,"key":"Shuriken"}],"event_choices":[{"damage_healed":0,"gold_gain":0,"player_choice":"Obtained Relic","damage_taken":0,"relics_obtained":["Mercury Hourglass"],"max_hp_gain":0,"max_hp_loss":0,"event_name":"Addict","floor":19,"gold_loss":85}],"is_beta":false,"boss_relics":[{"not_picked":["Busted Crown","Runic Pyramid"],"picked":"White Beast Statue"}],"items_purged_floors":[],"is_endless":false,"potions_floor_spawned":[3,5,7,11,13,18,21,22,24,25,28,29,31],"killed_by":"Collector","ascension_level":0}