{"gold_per_floor":[113,124,299,315,36,36,46,61,61,72,107,107,69,80,80,176,176,194,194,67,87,105,105,116,44,71,83,183,183,197,226,226,328,328,344,566,566,341,353,353,366,303,303,303,322,111,143,158,158,158],"floor_reached":51,"playtime":3125,"items_purged":["Doubt","Defend_R","Defend_R","Second Wind"],"score":781,"play_id":"8cd99a23-9c3d-4b63-8693-0124602863ae","local_time":"20181106100053","is_ascension_mode":false,"campfire_choices":[{"data":"Perfected Strike","floor":6,"key":"SMITH"},{"data":"Perfected Strike","floor":12,"key":"SMITH"},{"data":"Feed","floor":15,"key":"SMITH"},{"data":"Rage","floor":23,"key":"SMITH"},{"data":"Spot Weakness","floor":29,"key":"SMITH"},{"floor":32,"key":"REST"},{"data":"Limit Break","floor":40,"key":"SMITH"},{"floor":49,"key":"REST"}],"neow_cost":"NONE","seed_source_timestamp":20702669043483,"circlet_count":0,"master_deck":["Strike_R","Strike_R","Strike_R","Strike_R","Strike_R","Defend_R","Bash","Perfected Strike","Perfected Strike","Perfected Strike+1","Inflame","Perfected Strike+1","Perfected Strike+1","Feed+1","Limit Break+1","Heavy Blade+1","Rage+1","Spot Weakness+1","Shrug It Off+1","Offering","Seeing Red+1","Fire Breathing","Madness","Madness","Impervious","Heavy Blade+1"],"relics":["Burning Blood","Membership Card","Centennial Puzzle","Happy Flower","Runic Pyramid","Mercury Hourglass","Bronze Scales","Boot","Calipers","Self Forming Clay","Red Mask","Black Star","Oddly Smooth Stone","Omamori","Question Card","TheAbacus","Unceasing Top","FossilizedHelix"],"potions_floor_usage":[0,7,11,16,16,16,28,33,41,47,50,50,50],"damage_taken":[{"damage":13,"enemies":"Cultist","floor":1,"turns":5},{"damage":0,"enemies":"Small Slimes","floor":2,"turns":4},{"damage":7,"enemies":"Jaw Worm","floor":4,"turns":5},{"damage":12,"enemies":"Gremlin Gang","floor":7,"turns":4},{"damage":0,"enemies":"Large Slime","floor":8,"turns":4},{"damage":0,"enemies":"2 Fungi Beasts","floor":10,"turns":3},{"damage":14,"enemies":"Gremlin Nob","floor":11,"turns":3},{"damage":5,"enemies":"Looter","floor":14,"turns":2},{"damage":24,"enemies":"Hexaghost","floor":16,"turns":6},{"damage":10,"enemies":"2 Thieves","floor":18,"turns":2},{"damage":0,"enemies":"Spheric Guardian","floor":21,"turns":2},{"damage":21,"enemies":"Snake Plant","floor":22,"turns":3},{"damage":5,"enemies":"Cultist and Chosen","floor":24,"turns":3},{"damage":2,"enemies":"Centurion and Healer","floor":27,"turns":4},{"damage":13,"enemies":"Colosseum Slavers","floor":28,"turns":2},{"damage":41,"enemies":"Colosseum Nobs","floor":28,"turns":4},{"damage":15,"enemies":"Snecko","floor":30,"turns":3},{"damage":8,"enemies":"Masked Bandits","floor":31,"turns":3},{"damage":59,"enemies":"Collector","floor":33,"turns":7},{"damage":12,"enemies":"3 Darklings","floor":35,"turns":3},{"damage":7,"enemies":"Orb Walker","floor":39,"turns":2},{"damage":31,"enemies":"Maw","floor":41,"turns":6},{"damage":18,"enemies":"4 Shapes","floor":45,"turns":3},{"damage":18,"enemies":"Nemesis","floor":47,"turns":5},{"damage":6,"enemies":"Sphere and 2 Shapes","floor":48,"turns":3},{"damage":74,"enemies":"Awakened One","floor":50,"turns":8}],"seed_played":"-8637636258293509216","potions_obtained":[{"floor":0,"key":"Fruit Juice"},{"floor":0,"key":"SkillPotion"},{"floor":0,"key":"SmokeBomb"},{"floor":2,"key":"Energy Potion"},{"floor":7,"key":"AttackPotion"},{"floor":8,"key":"PowerPotion"},{"floor":14,"key":"FearPotion"},{"floor":18,"key":"Swift Potion"},{"floor":22,"key":"AttackPotion"},{"floor":31,"key":"Regen Potion"},{"floor":41,"key":"Poison Potion"},{"floor":47,"key":"Explosive Potion"}],"is_trial":false,"path_per_floor":["M","M","?","M","$","R","M","M","T","M","E","R","$","M","R","B",null,"M","?","$","M","M","R","M","$","T","M","?","R","M","?","R","B",null,"M","?","?","$","M","R","M","$","T","?","M","$","E","M","R","B",null],"character_chosen":"IRONCLAD","items_purchased":["Membership Card","Centennial Puzzle","Mercury Hourglass","Bronze Scales","Oddly Smooth Stone","Omamori","AttackPotion","TheAbacus","BloodPotion"],"campfire_rested":2,"item_purchase_floors":[5,5,20,25,38,38,38,46,46],"current_hp_per_floor":[78,84,84,83,83,83,77,83,83,85,77,77,77,78,78,64,89,89,89,89,93,82,82,87,87,87,95,57,57,52,54,89,51,117,111,111,111,111,110,110,89,89,89,74,66,66,66,66,103,35],"gold":158,"neow_bonus":"THREE_SMALL_POTIONS","is_prod":false,"is_daily":false,"chose_seed":false,"campfire_upgraded":6,"win_rate":0,"timestamp":1541516453,"path_taken":["M","?","?","M","?","R","?","M","T","M","E","R","$","M","R","BOSS","M","?","$","M","?","R","M","$","T","M","?","R","M","?","R","BOSS","M","?","?","$","M","R","?","$","T","?","M","$","E","M","R","BOSS"],"build_version":"2018-11-05","purchased_purges":4,"victory":true,"max_hp_per_floor":[85,85,85,85,85,85,85,85,85,85,85,85,85,85,85,89,89,93,93,93,93,97,97,101,101,101,105,109,109,113,117,117,117,117,117,117,117,117,117,117,121,121,121,121,125,125,125,125,125,125],"card_choices":[{"not_picked":["Dual Wield","Headbutt"],"picked":"Perfected Strike","floor":1},{"not_picked":["Infernal Blade","Shrug It Off"],"picked":"Perfected Strike","floor":2},{"not_picked":["Thunderclap","Cleave"],"picked":"Perfected Strike","floor":4},{"not_picked":["Thunderclap","Limit Break"],"picked":"Inflame","floor":7},{"not_picked":["Corruption","Ghostly Armor","Entrench"],"picked":"SKIP","floor":8},{"not_picked":["Warcry","Wild Strike"],"picked":"Perfected Strike","floor":10},{"not_picked":["Anger","True Grit"],"picked":"Perfected Strike","floor":11},{"not_picked":["Iron Wave","Armaments"],"picked":"Feed","floor":14},{"not_picked":["Feed","Brutality"],"picked":"Limit Break","floor":16},{"not_picked":["Hemokinesis+1","Clothesline"],"picked":"Heavy Blade+1","floor":18},{"not_picked":["Anger","Shrug It Off"],"picked":"Rage","floor":21},{"not_picked":["Intimidate","Cleave+1"],"picked":"Spot Weakness","floor":22},{"not_picked":["True Grit","Clash","Armaments+1"],"picked":"SKIP","floor":24},{"not_picked":["Corruption+1","Pommel Strike","Body Slam"],"picked":"SKIP","floor":27},{"not_picked":["Dropkick","Second Wind"],"picked":"Shrug It Off+1","floor":28},{"not_picked":["Wild Strike+1","Pommel Strike"],"picked":"Offering","floor":30},{"not_picked":["Clash+1","Dropkick"],"picked":"Seeing Red+1","floor":35},{"not_picked":["Rupture+1","Battle Trance+1"],"picked":"Fire Breathing","floor":39},{"not_picked":["Anger","Bloodletting+1","Rupture"],"picked":"SKIP","floor":41},{"not_picked":["Thunderclap","Wild Strike","Sword Boomerang","Clash"],"picked":"SKIP","floor":45},{"not_picked":["Sever Soul+1","Pommel Strike+1","Warcry"],"picked":"Impervious","floor":47},{"not_picked":["Dual Wield+1","Pommel Strike+1","Spot Weakness"],"picked":"Heavy Blade+1","floor":48}],"player_experience":157510,"relics_obtained":[{"floor":11,"key":"Happy Flower"},{"floor":26,"key":"Boot"},{"floor":28,"key":"Calipers"},{"floor":28,"key":"Self Forming Clay"},{"floor":31,"key":"Red Mask"},{"floor":43,"key":"Question Card"},{"floor":47,"key":"Unceasing Top"},{"floor":47,"key":"FossilizedHelix"}],"event_choices":[{"damage_healed":0,"gold_gain":175,"player_choice":"AGREE","damage_taken":0,"max_hp_gain":0,"max_hp_loss":0,"event_name":"Liars Game","floor":3,"gold_loss":0,"cards_obtained":["Doubt"]},{"damage_healed":0,"gold_gain":0,"player_choice":"Upgraded","damage_taken":0,"max_hp_gain":0,"max_hp_loss":0,"event_name":"Upgrade Shrine","floor":19,"gold_loss":0,"cards_upgraded":["Perfected Strike"]},{"damage_healed":0,"gold_gain":0,"player_choice":"Fight","damage_taken":0,"max_hp_gain":0,"max_hp_loss":0,"event_name":"Colosseum","floor":28,"gold_loss":0},{"damage_healed":0,"gold_gain":0,"player_choice":"Fought Nobs","damage_taken":0,"max_hp_gain":0,"max_hp_loss":0,"event_name":"Colosseum","floor":28,"gold_loss":0},{"damage_healed":0,"gold_gain":0,"player_choice":"Fought Bandits","damage_taken":0,"max_hp_gain":0,"max_hp_loss":0,"event_name":"Masked Bandits","floor":31,"gold_loss":0},{"damage_healed":0,"gold_gain":222,"player_choice":"Wore Mask","damage_taken":0,"max_hp_gain":0,"max_hp_loss":0,"event_name":"Tomb of Lord Red Mask","floor":36,"gold_loss":0},{"damage_healed":0,"gold_gain":0,"cards_transformed":["Defend_R"],"player_choice":"Transformed","damage_taken":0,"max_hp_gain":0,"max_hp_loss":0,"event_name":"Transmorgrifier","floor":37,"gold_loss":0,"cards_obtained":["Second Wind"]},{"damage_healed":0,"gold_gain":0,"player_choice":"Embrace Madness","damage_taken":15,"max_hp_gain":0,"max_hp_loss":0,"event_name":"Winding Halls","floor":44,"gold_loss":0,"cards_obtained":["Madness","Madness"]}],"is_beta":true,"boss_relics":[{"not_picked":["Ectoplasm","Busted Crown"],"picked":"Runic Pyramid"},{"not_picked":["Sozu","Philosopher\u0027s Stone"],"picked":"Black Star"}],"items_purged_floors":[13,38,42,46],"is_endless":false,"potions_floor_spawned":[2,7,8,14,18,22,28,31,41,47],"ascension_level":0}