{"path_per_floor":["M","M","M","?","?","R","$","R","T","E","M","M","?","M","R","B",null,"M","M","?","$","?","R","E","R","T","R","E","T"],"character_chosen":"THE_SILENT","items_purchased":["Pen Nib","Bag of Marbles"],"gold_per_floor":[210,226,246,321,321,321,33,33,33,63,75,90,90,100,100,197,197,207,224,139,64,64,64,96,96,96,96,125,125],"floor_reached":30,"campfire_rested":3,"playtime":2853,"current_hp_per_floor":[66,66,66,55,48,48,48,48,48,45,42,42,35,35,56,34,70,64,63,63,63,50,72,40,62,62,62,16,16],"items_purged":["Strike_G"],"gold":125,"score":266,"play_id":"f11fabaa-22f5-4a5e-9764-b69028a3ef8f","is_prod":false,"is_daily":false,"is_ascension_mode":false,"campfire_upgraded":3,"path_taken":["M","M","?","?","?","R","$","R","T","E","?","M","?","M","R","BOSS","M","M","?","$","?","R","E","R","T","R","E","?","M"],"build_version":"2018-02-12-PROD1","purchased_purges":1,"victory":false,"master_deck":["Defend_G","Defend_G","Defend_G","Defend_G","Defend_G","Strike_G","Strike_G","Strike_G","Survivor","Neutralize","Infinite Blades+1","Backflip","Dodge and Roll+1","Dodge and Roll+1","Burst","Outmaneuver","Envenom","Noxious Fumes","Calculated Gamble"],"max_hp_per_floor":[70,70,70,70,70,70,70,70,70,70,70,70,70,70,70,70,70,70,70,70,70,75,75,75,75,75,75,75,75],"relics":["Ring of the Snake","Pen Nib","Bag of Marbles","Oddly Smooth Stone","Letter Opener","The Specimen","Lantern","Frozen Eye","Blood Vial","Matryoshka","Prayer Wheel","Ginger"],"card_choices":[{"not_picked":["Well Laid Plans","Dagger Spray"],"picked":"Infinite Blades"},{"not_picked":["Backstab","Flying Knee"],"picked":"Backflip"},{"not_picked":["All Out Attack","Prepared"],"picked":"Dodge and Roll"},{"not_picked":["Deadly Poison","Well Laid Plans"],"picked":"Dodge and Roll"},{"not_picked":["Choke","Acrobatics"],"picked":"Burst"},{"not_picked":["Dodge and Roll","Poisoned Stab"],"picked":"Outmaneuver"},{"not_picked":["Tools of the Trade","Glass Knife"],"picked":"Envenom"},{"not_picked":["Acrobatics","Prepared"],"picked":"Noxious Fumes"},{"not_picked":["PiercingWail","All Out Attack"],"picked":"Calculated Gamble"}],"player_experience":77808,"potions_floor_usage":[10,16,16,24],"damage_taken":[{"damage":4,"enemies":"Blue Slaver","floor":1,"turns":5},{"damage":0,"enemies":"2 Louse","floor":2,"turns":4},{"damage":0,"enemies":"Jaw Worm","floor":3,"turns":6},{"damage":3,"enemies":"3 Sentries","floor":10,"turns":8},{"damage":3,"enemies":"3 Louse","floor":11,"turns":4},{"damage":0,"enemies":"Exordium Wildlife","floor":12,"turns":5},{"damage":0,"enemies":"Red Slaver","floor":14,"turns":4},{"damage":22,"enemies":"Slime Boss","floor":16,"turns":21},{"damage":6,"enemies":"3 Byrds","floor":18,"turns":8},{"damage":1,"enemies":"Chosen","floor":19,"turns":7},{"damage":32,"enemies":"Slavers","floor":24,"turns":6},{"damage":48,"enemies":"Gremlin Leader","floor":28,"turns":10},{"damage":28,"enemies":"3 Cultists","floor":30,"turns":6}],"event_choices":[{"event_name":"World of Goop","player_choice":"Gather Gold","floor":4,"damage_taken":0},{"event_name":"Golden Wing","player_choice":"Card Removal","floor":5,"damage_taken":0},{"event_name":"Wheel of Change","player_choice":"Damage","floor":13,"damage_taken":0},{"event_name":"Addict","player_choice":"Obtained Relic","floor":20,"damage_taken":0},{"event_name":"Forgotten Altar","player_choice":"Shed Blood","floor":22,"damage_taken":0}],"boss_relics":[{"not_picked":["Cursed Key","Runic Dome"],"picked":"The Specimen"}],"potions_floor_spawned":[1,2,14,18],"seed_played":"532294465591962747","killed_by":"3 Cultists","ascension_level":0,"is_trial":false}