{"gold_per_floor":[119,119,119,131,131,131,131,131],"floor_reached":8,"playtime":341,"items_purged":[],"score":86,"play_id":"eeaac862-a802-46bc-8b71-d44cc0787b47","local_time":"20190220150155","is_ascension_mode":true,"campfire_choices":[{"data":"Neutralize","floor":6.0,"key":"SMITH"}],"neow_cost":"NONE","seed_source_timestamp":584659681665236,"circlet_count":0,"master_deck":["AscendersBane","Defend_G","Defend_G","Defend_G","Defend_G","Defend_G","Strike_G","Strike_G","Strike_G","Survivor","Neutralize+1","Escape Plan","Escape Plan","Crippling Poison"],"special_seed":0,"relics":["Ring of the Snake"],"potions_floor_usage":[8],"damage_taken":[{"damage":16.0,"enemies":"Jaw Worm","floor":1.0,"turns":9.0},{"damage":2.0,"enemies":"2 Louse","floor":4.0,"turns":5.0},{"damage":46,"enemies":"3 Sentries","floor":8,"turns":14}],"seed_played":"-6701430554102998071","potions_obtained":[{"floor":1.0,"key":"GhostInAJar"}],"is_trial":false,"path_per_floor":["M","?","?","M","?","R","?","E"],"character_chosen":"THE_SILENT","items_purchased":[],"campfire_rested":0,"item_purchase_floors":[],"current_hp_per_floor":[49,49,54,52,45,45,45,0],"gold":131,"neow_bonus":"TEN_PERCENT_HP_BONUS","is_prod":false,"is_daily":false,"chose_seed":false,"campfire_upgraded":1,"win_rate":0,"timestamp":1550692915,"path_taken":["M","?","?","M","?","R","?","E"],"build_version":"2019-02-06","purchased_purges":0,"victory":false,"max_hp_per_floor":[72,72,77,77,77,77,77,77],"card_choices":[{"not_picked":["Deadly Poison","Outmaneuver"],"picked":"Escape Plan","floor":1.0},{"not_picked":["Dodge and Roll","Envenom"],"picked":"Crippling Poison","floor":4.0}],"player_experience":996621,"relics_obtained":[],"event_choices":[{"damage_healed":0.0,"max_hp_gain":0.0,"max_hp_loss":0.0,"gold_gain":0.0,"cards_transformed":["Strike_G"],"event_name":"Living Wall","player_choice":"Change","floor":2.0,"gold_loss":0.0,"damage_taken":0.0,"cards_obtained":["Escape Plan"]},{"damage_healed":0.0,"max_hp_gain":5.0,"max_hp_loss":0.0,"gold_gain":0.0,"event_name":"Big Fish","player_choice":"Donut","floor":3.0,"gold_loss":0.0,"damage_taken":0.0},{"cards_removed":["Strike_G"],"damage_healed":0.0,"max_hp_gain":0.0,"max_hp_loss":0.0,"gold_gain":0.0,"event_name":"Golden Wing","player_choice":"Card Removal","floor":5.0,"gold_loss":0.0,"damage_taken":7.0},{"damage_healed":0.0,"max_hp_gain":0.0,"max_hp_loss":0.0,"gold_gain":0.0,"event_name":"Liars Game","player_choice":"Ignored","floor":7.0,"gold_loss":0.0,"damage_taken":0.0}],"is_beta":true,"boss_relics":[],"items_purged_floors":[],"is_endless":false,"potions_floor_spawned":[1],"killed_by":"3 Sentries","ascension_level":19}