{"gold_per_floor":[113,43,60,60,74,74,74,74,97,140,153,153,46,46,46,172,172,167,70,86,107,7,7],"floor_reached":23,"playtime":2621,"items_purged":["Defend_R","Strike_R"],"score":189,"play_id":"5f353e41-1e3c-4bd9-807d-cc8cbdf2169e","local_time":"20190703063043","is_ascension_mode":false,"campfire_choices":[{"data":"Body Slam","floor":6,"key":"SMITH"},{"data":"Armaments","floor":8,"key":"SMITH"},{"floor":15,"key":"REST"}],"neow_cost":"NONE","seed_source_timestamp":923642053433819,"circlet_count":0,"master_deck":["Strike_R+1","Defend_R","Defend_R","Defend_R+1","Bash","Fiend Fire","Body Slam+1","Ghostly Armor","Intimidate","Armaments+1","Power Through","Flex","Anger","Battle Trance","Iron Wave","Fiend Fire","Inflame","Shrug It Off","Headbutt"],"relics":["Burning Blood","Golden Idol","Ancient Tea Set","Regal Pillow","Empty Cage"],"potions_floor_usage":[7,10,23],"damage_taken":[{"damage":13,"enemies":"2 Louse","floor":1,"turns":3},{"damage":4,"enemies":"Cultist","floor":3,"turns":4},{"damage":0,"enemies":"Small Slimes","floor":5,"turns":3},{"damage":29,"enemies":"Lagavulin","floor":10,"turns":7},{"damage":2,"enemies":"3 Louse","floor":11,"turns":5},{"damage":47,"enemies":"Hexaghost","floor":16,"turns":16},{"damage":0,"enemies":"2 Thieves","floor":18,"turns":4},{"damage":1,"enemies":"Chosen","floor":20,"turns":7},{"damage":15,"enemies":"Snake Plant","floor":21,"turns":6},{"damage":76,"enemies":"Book of Stabbing","floor":23,"turns":7}],"seed_played":"-6834294509890214419","potions_obtained":[{"floor":3,"key":"Strength Potion"},{"floor":5,"key":"Ancient Potion"},{"floor":7,"key":"Fruit Juice"},{"floor":7,"key":"Dexterity Potion"},{"floor":11,"key":"Energy Potion"},{"floor":18,"key":"PowerPotion"},{"floor":21,"key":"SteroidPotion"}],"is_trial":false,"path_per_floor":["M","$","M","?","M","R","?","R","T","E","M","?","$","?","R","B",null,"M","$","M","M","$","E"],"character_chosen":"IRONCLAD","items_purchased":["Ghostly Armor","Anger","Battle Trance","Shrug It Off"],"campfire_rested":1,"item_purchase_floors":[2,13,13,19],"current_hp_per_floor":[73,73,75,55,61,61,66,66,66,43,47,30,30,30,70,29,85,85,85,85,76,76,0],"gold":7,"neow_bonus":"ONE_RANDOM_RARE_CARD","is_prod":false,"is_daily":false,"chose_seed":false,"campfire_upgraded":2,"win_rate":0.0,"timestamp":1562160643,"path_taken":["M","$","M","?","M","R","?","R","T","E","?","?","$","?","R","BOSS","M","$","?","?","?","E"],"build_version":"2019-07-01","purchased_purges":2,"victory":false,"max_hp_per_floor":[80,80,80,80,80,80,85,85,85,85,85,85,85,85,85,85,85,85,85,85,85,85,85],"card_choices":[{"not_picked":["Shrug It Off","Clash"],"picked":"Body Slam","floor":1},{"not_picked":["Perfected Strike","Berserk"],"picked":"Intimidate","floor":3},{"not_picked":["True Grit","Dual Wield"],"picked":"Armaments","floor":5},{"not_picked":["Rage","Second Wind"],"picked":"Power Through","floor":10},{"not_picked":["Pummel","Whirlwind"],"picked":"Flex","floor":11},{"not_picked":["Reaper","Demon Form"],"picked":"Fiend Fire","floor":16},{"not_picked":["True Grit","Warcry"],"picked":"Inflame","floor":18},{"not_picked":["Iron Wave","Cleave","Thunderclap"],"picked":"SKIP","floor":20},{"not_picked":["Power Through","Body Slam"],"picked":"Headbutt","floor":21}],"player_experience":4159,"relics_obtained":[{"floor":9,"key":"Ancient Tea Set"},{"floor":10,"key":"Regal Pillow"}],"event_choices":[{"damage_healed":0,"gold_gain":0,"player_choice":"Take Damage","damage_taken":20,"relics_obtained":["Golden Idol"],"max_hp_gain":0,"max_hp_loss":0,"event_name":"Golden Idol","floor":4,"gold_loss":0},{"damage_healed":0,"gold_gain":0,"player_choice":"Got Potions","damage_taken":0,"max_hp_gain":0,"max_hp_loss":0,"event_name":"Lab","floor":7,"gold_loss":0},{"damage_healed":0,"gold_gain":0,"player_choice":"Entered Light","damage_taken":17,"max_hp_gain":0,"max_hp_loss":0,"event_name":"Shining Light","floor":12,"gold_loss":0,"cards_upgraded":["Strike_R","Defend_R"]},{"cards_removed":["Strike_R"],"damage_healed":0,"gold_gain":0,"player_choice":"Took Card","damage_taken":0,"max_hp_gain":0,"max_hp_loss":0,"event_name":"NoteForYourself","floor":14,"gold_loss":0,"cards_obtained":["Iron Wave"]}],"is_beta":false,"boss_relics":[{"not_picked":["Black Star","White Beast Statue"],"picked":"Empty Cage"}],"items_purged_floors":[19,22],"is_endless":false,"potions_floor_spawned":[3,5,11,18,21],"killed_by":"Book of Stabbing","ascension_level":0}