{"gold_per_floor":[210,210,123,93,106,106,124,274,274,285,285,46,46,62,62,139,139,151,151,169,189,202,221,221,246,271,290,290,302,302,322,322,322],"floor_reached":33,"playtime":1684,"items_purged":["Doubt"],"score":520,"play_id":"57c4c32c-9dd9-4d9e-9460-25e887d8710c","local_time":"20190306143234","is_ascension_mode":true,"campfire_choices":[{"data":"Metallicize","floor":6.0,"key":"SMITH"},{"data":"Evolve","floor":11.0,"key":"SMITH"},{"data":"Feed","floor":13.0,"key":"SMITH"},{"data":"Metallicize","floor":15.0,"key":"SMITH"},{"floor":24,"key":"REST"},{"data":"Clothesline","floor":28,"key":"SMITH"},{"data":"Double Tap","floor":30,"key":"SMITH"},{"floor":32,"key":"REST"}],"neow_cost":"NONE","seed_source_timestamp":184014859245822,"circlet_count":0,"master_deck":["AscendersBane","Strike_R","Strike_R","Strike_R","Strike_R","Strike_R","Defend_R","Defend_R","Defend_R","Defend_R","Bash","Iron Wave","Metallicize+1","Reaper","Evolve+1","Battle Trance","Metallicize+1","Feed+1","Double Tap+1","Cleave+1","Sentinel+1","Impervious","Fire Breathing","Clothesline+1"],"special_seed":0,"relics":["Burning Blood","Mercury Hourglass","Runic Pyramid","FaceOfCleric","Red Skull","Anchor"],"potions_floor_usage":[16,20,21,22,31,33],"damage_taken":[{"damage":1.0,"enemies":"Cultist","floor":1.0,"turns":4.0},{"damage":1.0,"enemies":"2 Louse","floor":5.0,"turns":4.0},{"damage":3.0,"enemies":"Small Slimes","floor":7.0,"turns":5.0},{"damage":15.0,"enemies":"Exordium Thugs","floor":10.0,"turns":5.0},{"damage":2.0,"enemies":"Gremlin Gang","floor":14.0,"turns":3.0},{"damage":37,"enemies":"The Guardian","floor":16,"turns":19},{"damage":34,"enemies":"3 Byrds","floor":18,"turns":7},{"damage":45,"enemies":"2 Thieves","floor":20,"turns":4},{"damage":17,"enemies":"Shelled Parasite and Fungi","floor":21,"turns":12},{"damage":17,"enemies":"Cultist and Chosen","floor":22,"turns":9},{"damage":28,"enemies":"Snake Plant","floor":23,"turns":8},{"damage":3,"enemies":"Snecko","floor":27,"turns":6},{"damage":17,"enemies":"Sentry and Sphere","floor":29,"turns":12},{"damage":16,"enemies":"Snake Plant","floor":31,"turns":5},{"damage":96,"enemies":"Automaton","floor":33,"turns":12}],"seed_played":"-799675314865593465","potions_obtained":[{"floor":4.0,"key":"Fire Potion"},{"floor":4.0,"key":"SteroidPotion"},{"floor":14.0,"key":"Fire Potion"},{"floor":20,"key":"Weak Potion"},{"floor":21,"key":"Fire Potion"},{"floor":27,"key":"Block Potion"},{"floor":29,"key":"Ancient Potion"}],"is_trial":false,"path_per_floor":["M","?","$","?","M","R","M","?","T","M","R","$","R","M","R","B",null,"M","?","M","M","M","M","R","T","T","M","R","M","R","M","R","B"],"character_chosen":"IRONCLAD","items_purchased":["Metallicize","Metallicize","Feed"],"campfire_rested":2,"item_purchase_floors":[3,12,12],"current_hp_per_floor":[73,75,75,75,75,75,75,75,75,66,66,66,66,78,78,55,76,58,58,42,36,38,21,53,53,53,61,61,55,55,50,86,0],"gold":322,"neow_bonus":"HUNDRED_GOLD","is_prod":false,"is_daily":false,"chose_seed":false,"campfire_upgraded":6,"win_rate":0,"timestamp":1551900754,"path_taken":["M","?","?","?","?","R","M","?","T","M","R","$","R","M","R","BOSS","M","?","?","M","M","M","R","?","T","M","R","M","R","M","R","BOSS"],"build_version":"2019-02-06","purchased_purges":1,"victory":false,"max_hp_per_floor":[75,75,75,75,75,75,75,75,75,75,75,75,75,79,79,83,83,87,87,92,97,102,107,107,107,107,112,112,117,117,122,122,122],"card_choices":[{"not_picked":["Thunderclap","Wild Strike"],"picked":"Iron Wave","floor":1.0},{"not_picked":["Infernal Blade","Heavy Blade"],"picked":"Reaper","floor":5.0},{"not_picked":["Cleave","Iron Wave"],"picked":"Evolve","floor":7.0},{"not_picked":["Havoc","Pommel Strike"],"picked":"Battle Trance","floor":10.0},{"not_picked":["Clash","Anger","Heavy Blade"],"picked":"SKIP","floor":14.0},{"not_picked":["Reaper","Immolate"],"picked":"Double Tap","floor":16},{"not_picked":["Sever Soul","Thunderclap"],"picked":"Cleave+1","floor":18},{"not_picked":["Warcry","Infernal Blade"],"picked":"Sentinel+1","floor":20},{"not_picked":["Thunderclap","Hemokinesis","Combust"],"picked":"SKIP","floor":21},{"not_picked":["Havoc","Sever Soul"],"picked":"Impervious","floor":22},{"not_picked":["Corruption","Rupture"],"picked":"Fire Breathing","floor":23},{"not_picked":["Clash","Heavy Blade"],"picked":"Clothesline","floor":27},{"not_picked":["Heavy Blade","Twin Strike+1","Pommel Strike"],"picked":"SKIP","floor":29},{"not_picked":["Twin Strike","Sword Boomerang","Fiend Fire"],"picked":"SKIP","floor":31}],"player_experience":1033033,"relics_obtained":[{"floor":9.0,"key":"Mercury Hourglass"},{"floor":25,"key":"Red Skull"},{"floor":26,"key":"Anchor"}],"event_choices":[{"damage_healed":2.0,"max_hp_gain":0.0,"max_hp_loss":0.0,"gold_gain":0.0,"event_name":"Wheel of Change","player_choice":"Full Heal","floor":2.0,"gold_loss":0.0,"damage_taken":0.0},{"damage_healed":0.0,"max_hp_gain":0.0,"max_hp_loss":0.0,"gold_gain":0.0,"event_name":"The Woman in Blue","player_choice":"Bought 2 Potions","floor":4.0,"gold_loss":0.0,"damage_taken":0.0},{"damage_healed":0.0,"max_hp_gain":0.0,"max_hp_loss":0.0,"gold_gain":150.0,"event_name":"Liars Game","player_choice":"AGREE","floor":8.0,"gold_loss":0.0,"damage_taken":0.0,"cards_obtained":["Doubt"]},{"damage_healed":0,"gold_gain":0,"player_choice":"Trade","damage_taken":0,"relics_obtained":["FaceOfCleric"],"max_hp_gain":0,"max_hp_loss":0,"event_name":"FaceTrader","floor":19,"gold_loss":0}],"is_beta":true,"boss_relics":[{"not_picked":["Orrery","Empty Cage"],"picked":"Runic Pyramid"}],"items_purged_floors":[12],"is_endless":false,"potions_floor_spawned":[10,14,20,21,27,29],"killed_by":"Automaton","ascension_level":19}