{"gold_per_floor":[109,127,107,118,130,130,146,122,122,139,152,166,166],"floor_reached":13,"playtime":319,"items_purged":[],"score":187,"play_id":"75e79f8d-6a16-4efe-a82f-5203ff32c22c","local_time":"20190325140534","is_ascension_mode":true,"campfire_choices":[{"data":"Doom and Gloom","floor":6,"key":"SMITH"}],"neow_cost":"NONE","seed_source_timestamp":183652609081307,"circlet_count":0,"master_deck":["AscendersBane","Strike_B","Strike_B","Strike_B","Strike_B","Defend_B","Defend_B","Defend_B","Defend_B","Zap","Dualcast","Doom and Gloom+1","Heatsinks","Rebound","Recycle","Loop","Cold Snap","Conserve Battery","Go for the Eyes","Glacier"],"special_seed":0,"relics":["Cracked Core","Pear"],"potions_floor_usage":[5,7,13],"damage_taken":[{"damage":1.0,"enemies":"Cultist","floor":1.0,"turns":4.0},{"damage":0.0,"enemies":"2 Louse","floor":2.0,"turns":2.0},{"damage":9.0,"enemies":"Jaw Worm","floor":4.0,"turns":4.0},{"damage":27,"enemies":"Large Slime","floor":5,"turns":4},{"damage":17,"enemies":"Looter","floor":7,"turns":3},{"damage":16,"enemies":"Blue Slaver","floor":10,"turns":3},{"damage":6,"enemies":"Red Slaver","floor":11,"turns":4},{"damage":13,"enemies":"3 Louse","floor":12,"turns":2},{"damage":12,"enemies":"Exordium Thugs","floor":13,"turns":1}],"seed_played":"4450941064503793652","potions_obtained":[{"floor":1.0,"key":"Fire Potion"},{"floor":3.0,"key":"Fruit Juice"},{"floor":7,"key":"Fruit Juice"},{"floor":10,"key":"Weak Potion"},{"floor":11,"key":"Block Potion"},{"floor":12,"key":"Strength Potion"}],"is_trial":false,"path_per_floor":["M","M","?","M","M","R","M","$","T","M","M","M","M"],"character_chosen":"DEFECT","items_purchased":["Cold Snap"],"campfire_rested":0,"item_purchase_floors":[8],"current_hp_per_floor":[70,70,75,66,39,39,27,27,37,21,15,2,0],"gold":166,"neow_bonus":"TEN_PERCENT_HP_BONUS","is_prod":false,"is_daily":false,"chose_seed":false,"campfire_upgraded":1,"win_rate":0,"timestamp":1553537134,"path_taken":["M","?","?","M","M","R","M","?","T","M","M","?","M"],"build_version":"2019-03-15","purchased_purges":0,"victory":false,"max_hp_per_floor":[78,78,83,83,83,83,88,88,98,98,98,98,98],"card_choices":[{"not_picked":["Rip and Tear","Barrage"],"picked":"Doom and Gloom","floor":1.0},{"not_picked":["Streamline","Beam Cell"],"picked":"Heatsinks","floor":2.0},{"not_picked":["Turbo","Streamline"],"picked":"Rebound","floor":4.0},{"not_picked":["Multi-Cast","Storm"],"picked":"Recycle","floor":5},{"not_picked":["Compile Driver","Hologram"],"picked":"Loop","floor":7},{"not_picked":["Stack","Beam Cell"],"picked":"Conserve Battery","floor":10},{"not_picked":["Leap","Recycle"],"picked":"Go for the Eyes","floor":11},{"not_picked":["Streamline","Compile Driver"],"picked":"Glacier","floor":12}],"player_experience":1047805,"relics_obtained":[{"floor":9,"key":"Pear"}],"event_choices":[{"damage_healed":0.0,"max_hp_gain":0.0,"max_hp_loss":0.0,"gold_gain":0.0,"event_name":"The Woman in Blue","player_choice":"Bought 1 Potion","floor":3.0,"gold_loss":0.0,"damage_taken":0.0}],"is_beta":true,"boss_relics":[],"items_purged_floors":[],"is_endless":false,"potions_floor_spawned":[1,7,10,11,12],"killed_by":"Exordium Thugs","ascension_level":20}