{"gold_per_floor":[109,119,132,146,146,180,180,180,248,348,367,383,403,421,421,421],"floor_reached":16,"playtime":1912,"items_purged":[],"score":106,"play_id":"a8797fd6-1d49-4fc7-b849-37fa8d3ad86e","local_time":"20190225185336","is_ascension_mode":false,"campfire_choices":[{"floor":8,"key":"REST"},{"floor":15,"key":"REST"}],"neow_cost":"NONE","seed_source_timestamp":863638620944131,"circlet_count":0,"master_deck":["Defend_G","Defend_G","Defend_G","Defend_G","Defend_G","Strike_G","Strike_G","Strike_G","Strike_G","Strike_G","Survivor","Neutralize","Malaise","Backflip","Dagger Spray","Sucker Punch","Blade Dance","Deadly Poison","Adrenaline","Underhanded Strike","PiercingWail","Catalyst"],"relics":["Ring of the Snake","Turnip","Bottled Lightning"],"potions_floor_usage":[6,6,13,16],"damage_taken":[{"damage":7,"enemies":"Cultist","floor":1,"turns":8},{"damage":0,"enemies":"2 Louse","floor":2,"turns":3},{"damage":3,"enemies":"Small Slimes","floor":3,"turns":3},{"damage":0,"enemies":"3 Louse","floor":4,"turns":4},{"damage":25,"enemies":"Gremlin Nob","floor":6,"turns":5},{"damage":0,"enemies":"Red Slaver","floor":11,"turns":4},{"damage":2,"enemies":"Large Slime","floor":12,"turns":9},{"damage":27,"enemies":"Gremlin Gang","floor":13,"turns":4},{"damage":0,"enemies":"Exordium Thugs","floor":14,"turns":6},{"damage":58,"enemies":"Slime Boss","floor":16,"turns":11}],"seed_played":"-7731601716888552863","potions_obtained":[{"floor":2,"key":"SkillPotion"},{"floor":4,"key":"Weak Potion"},{"floor":6,"key":"Poison Potion"},{"floor":13,"key":"Block Potion"}],"is_trial":false,"path_per_floor":["M","M","M","M","?","E","?","R","T","?","M","M","M","M","R","B"],"character_chosen":"THE_SILENT","items_purchased":[],"campfire_rested":2,"item_purchase_floors":[],"current_hp_per_floor":[63,63,60,60,60,35,35,56,56,56,56,54,27,27,48,0],"gold":421,"neow_bonus":"ONE_RANDOM_RARE_CARD","is_prod":false,"is_daily":false,"chose_seed":false,"campfire_upgraded":0,"win_rate":0,"timestamp":1551138816,"path_taken":["M","?","M","M","?","E","?","R","T","?","M","?","M","M","R","BOSS"],"build_version":"2019-01-23","purchased_purges":0,"victory":false,"max_hp_per_floor":[70,70,70,70,70,70,70,70,70,70,70,70,70,70,70,70],"card_choices":[{"not_picked":["Flechettes","Predator"],"picked":"Backflip","floor":1},{"not_picked":["Reflex","Caltrops"],"picked":"Dagger Spray","floor":2},{"not_picked":["Outmaneuver","Expertise"],"picked":"Sucker Punch","floor":3},{"not_picked":["Quick Slash","Dagger Spray"],"picked":"Blade Dance","floor":4},{"not_picked":["Calculated Gamble","Bane"],"picked":"Deadly Poison","floor":6},{"not_picked":["Underhanded Strike","Deflect"],"picked":"Adrenaline","floor":11},{"not_picked":["Heel Hook","Backflip"],"picked":"Underhanded Strike","floor":12},{"not_picked":["Blade Dance","Sucker Punch"],"picked":"PiercingWail","floor":13},{"not_picked":["Dagger Throw","Deadly Poison"],"picked":"Catalyst","floor":14}],"player_experience":259640,"relics_obtained":[{"floor":6,"key":"Turnip"},{"floor":9,"key":"Bottled Lightning"}],"event_choices":[{"damage_healed":0,"gold_gain":0,"player_choice":"Ignored","damage_taken":0,"max_hp_gain":0,"max_hp_loss":0,"event_name":"Liars Game","floor":5,"gold_loss":0},{"damage_healed":0,"gold_gain":0,"player_choice":"Ignored","damage_taken":0,"max_hp_gain":0,"max_hp_loss":0,"event_name":"Shining Light","floor":7,"gold_loss":0},{"damage_healed":0,"gold_gain":100,"player_choice":"Pray","damage_taken":0,"max_hp_gain":0,"max_hp_loss":0,"event_name":"Golden Shrine","floor":10,"gold_loss":0}],"is_beta":false,"boss_relics":[],"items_purged_floors":[],"is_endless":false,"potions_floor_spawned":[2,4,6,13],"killed_by":"Slime Boss","ascension_level":0}