{"gold_per_floor":[119,119,136,49,62,79,95,95,95,106,106,123,123,198,198,198],"floor_reached":16,"playtime":521,"items_purged":[],"score":179,"play_id":"4811882f-0b97-4194-b0e3-0593bcd082f5","local_time":"20190210194041","is_ascension_mode":true,"campfire_choices":[{"floor":11,"key":"REST"},{"data":"Loop","floor":13,"key":"SMITH"},{"data":"Undo","floor":15,"key":"SMITH"}],"neow_cost":"NONE","seed_source_timestamp":1058223361114780,"circlet_count":0,"master_deck":["AscendersBane","Strike_B","Strike_B+1","Strike_B","Defend_B+1","Defend_B","Defend_B","Defend_B","Zap","Dualcast","Consume","Cold Snap","Loop+1","Chill","Self Repair","Fission","Undo+1","Self Repair+1"],"relics":["Cracked Core","Smiling Mask","Frozen Egg 2"],"potions_floor_usage":[12],"damage_taken":[{"damage":5,"enemies":"2 Louse","floor":1,"turns":2},{"damage":1,"enemies":"Cultist","floor":3,"turns":3},{"damage":2,"enemies":"Small Slimes","floor":5,"turns":4},{"damage":10,"enemies":"Looter","floor":6,"turns":3},{"damage":9,"enemies":"2 Fungi Beasts","floor":7,"turns":5},{"damage":9,"enemies":"Blue Slaver","floor":10,"turns":5},{"damage":7,"enemies":"Lots of Slimes","floor":12,"turns":4},{"damage":32,"enemies":"Hexaghost","floor":16,"turns":12}],"seed_played":"2386843668335825845","potions_obtained":[{"floor":7,"key":"Fire Potion"}],"is_trial":false,"path_per_floor":["M","?","M","$","M","M","M","?","T","M","R","M","R","?","R","B"],"character_chosen":"DEFECT","items_purchased":["Loop"],"campfire_rested":1,"item_purchase_floors":[4],"current_hp_per_floor":[59,59,58,58,56,46,44,23,23,21,42,42,42,31,31,0],"gold":198,"neow_bonus":"RANDOM_COMMON_RELIC","is_prod":false,"is_daily":false,"chose_seed":false,"campfire_upgraded":2,"win_rate":0,"timestamp":1549845641,"path_taken":["M","?","?","?","M","?","M","?","T","M","R","M","R","?","R","BOSS"],"build_version":"2019-02-06","purchased_purges":0,"victory":false,"max_hp_per_floor":[71,71,71,71,71,71,71,71,71,71,71,71,71,71,71,71],"card_choices":[{"not_picked":["Turbo","Compile Driver"],"picked":"Consume","floor":1},{"not_picked":["Conserve Battery","Rebound"],"picked":"Cold Snap","floor":3},{"not_picked":["Streamline","Capacitor"],"picked":"Chill","floor":5},{"not_picked":["Barrage","Coolheaded"],"picked":"Self Repair","floor":6},{"not_picked":["Barrage","Rebound"],"picked":"Fission","floor":7},{"not_picked":["Streamline","Tempest"],"picked":"Undo","floor":10},{"not_picked":["Steam","Genetic Algorithm"],"picked":"Self Repair+1","floor":12}],"player_experience":932005,"relics_obtained":[{"floor":9,"key":"Frozen Egg 2"}],"event_choices":[{"cards_removed":["Strike_B"],"damage_healed":0,"gold_gain":0,"player_choice":"Purged","damage_taken":0,"max_hp_gain":0,"max_hp_loss":0,"event_name":"Purifier","floor":2,"gold_loss":0},{"damage_healed":0,"gold_gain":0,"player_choice":"Entered Light","damage_taken":21,"max_hp_gain":0,"max_hp_loss":0,"event_name":"Shining Light","floor":8,"gold_loss":0,"cards_upgraded":["Strike_B","Defend_B"]},{"damage_healed":0,"gold_gain":75,"player_choice":"Gather Gold","damage_taken":11,"max_hp_gain":0,"max_hp_loss":0,"event_name":"World of Goop","floor":14,"gold_loss":0}],"is_beta":true,"boss_relics":[],"items_purged_floors":[],"is_endless":false,"potions_floor_spawned":[7],"killed_by":"Hexaghost","ascension_level":18}