{"gold_per_floor":[119,133,149,112,262,262,262,272,272,291,302,302,334,85,85,163,163,178,188,203,220,220,220,234,234,234,248,268,268,268,285,285,285],"floor_reached":33,"playtime":1787,"items_purged":["Doubt"],"score":615,"play_id":"3373c14a-6a16-43b3-946f-da04cc0c3c5b","local_time":"20190128165007","is_ascension_mode":true,"campfire_choices":[{"data":"Armaments","floor":6.0,"key":"SMITH"},{"data":"Bludgeon","floor":12.0,"key":"SMITH"},{"data":"Rampage","floor":15.0,"key":"SMITH"},{"floor":23.0,"key":"REST"},{"floor":25.0,"key":"REST"},{"floor":29.0,"key":"REST"},{"floor":32,"key":"REST"}],"neow_cost":"NONE","seed_source_timestamp":0,"circlet_count":0,"master_deck":["AscendersBane","Strike_R","Strike_R","Strike_R","Strike_R","Strike_R","Defend_R","Defend_R","Defend_R","Defend_R","Bash","Bludgeon+1","Pommel Strike","Armaments+1","Offering+1","Feel No Pain","Perfected Strike","Seeing Red","Battle Trance","Feel No Pain","Intimidate+1","Shrug It Off+1","Rampage+1","Exhume+1","Spot Weakness+1","Shrug It Off+1","True Grit+1","Armaments+1","Armaments+1","Spot Weakness+1","Flame Barrier+1","Berserk","Burning Pact+1","Power Through+1","Dark Embrace","Warcry+1"],"special_seed":0,"relics":["Burning Blood","Bottled Lightning","Toxic Egg 2","Orrery","Paper Frog"],"potions_floor_usage":[33],"damage_taken":[{"damage":4.0,"enemies":"Cultist","floor":1.0,"turns":5.0},{"damage":7.0,"enemies":"Small Slimes","floor":2.0,"turns":4.0},{"damage":0.0,"enemies":"2 Louse","floor":3.0,"turns":3.0},{"damage":27.0,"enemies":"Lots of Slimes","floor":8.0,"turns":6.0},{"damage":11.0,"enemies":"Gremlin Gang","floor":10.0,"turns":4.0},{"damage":13.0,"enemies":"Large Slime","floor":11.0,"turns":3.0},{"damage":6.0,"enemies":"Gremlin Nob","floor":13.0,"turns":2.0},{"damage":6.0,"enemies":"Slime Boss","floor":16.0,"turns":12.0},{"damage":12.0,"enemies":"2 Thieves","floor":18.0,"turns":3.0},{"damage":31.0,"enemies":"Spheric Guardian","floor":19.0,"turns":4.0},{"damage":12.0,"enemies":"Cultist and Chosen","floor":20.0,"turns":5.0},{"damage":11.0,"enemies":"Snake Plant","floor":21.0,"turns":3.0},{"damage":12.0,"enemies":"Centurion and Healer","floor":24.0,"turns":5.0},{"damage":15.0,"enemies":"Cultist and Chosen","floor":27.0,"turns":6.0},{"damage":27.0,"enemies":"3 Cultists","floor":28.0,"turns":6.0},{"damage":24,"enemies":"Snecko","floor":31,"turns":5},{"damage":86,"enemies":"Collector","floor":33,"turns":3}],"seed_played":"6038507355509565770","potions_obtained":[{"floor":2.0,"key":"EssenceOfSteel"},{"floor":10.0,"key":"PowerPotion"},{"floor":13.0,"key":"PowerPotion"},{"floor":16.0,"key":"SteroidPotion"},{"floor":19.0,"key":"PowerPotion"},{"floor":27.0,"key":"Fire Potion"},{"floor":31,"key":"Regen Potion"}],"is_trial":false,"path_per_floor":["M","M","M","$","?","R","?","M","T","M","M","R","E","$","R","B",null,"M","M","M","M","?","R","M","R","T","M","M","R","?","M","R","B"],"character_chosen":"IRONCLAD","items_purchased":["Feel No Pain","Intimidate+1","Shrug It Off+1","Rampage"],"campfire_rested":4,"item_purchase_floors":[4,14,14,14],"current_hp_per_floor":[70,69,75,75,75,75,75,54,54,49,42,42,42,42,42,42,67,61,36,30,25,25,47,41,63,63,54,33,55,55,37,59,0],"gold":285,"neow_bonus":"ONE_RANDOM_RARE_CARD","is_prod":false,"is_daily":false,"chose_seed":false,"campfire_upgraded":3,"win_rate":0,"timestamp":1548712207,"path_taken":["M","M","M","?","?","R","?","?","T","?","M","R","E","$","R","BOSS","M","?","M","M","?","R","M","R","T","M","M","R","?","?","R","BOSS"],"build_version":"2019-01-23","purchased_purges":1,"victory":false,"max_hp_per_floor":[75,75,75,75,75,75,75,75,75,75,75,75,75,75,75,75,75,75,75,75,75,75,75,75,75,75,75,75,75,75,75,75,75],"card_choices":[{"not_picked":["Sword Boomerang","Body Slam"],"picked":"Pommel Strike","floor":1.0},{"not_picked":["Havoc","True Grit"],"picked":"Armaments","floor":2.0},{"not_picked":["Intimidate","Flex"],"picked":"Offering","floor":3.0},{"not_picked":["Clash","Power Through"],"picked":"Perfected Strike","floor":8.0},{"not_picked":["Corruption","Pommel Strike"],"picked":"Seeing Red","floor":10.0},{"not_picked":["Warcry","Flex"],"picked":"Battle Trance","floor":11.0},{"not_picked":["Carnage","Clash"],"picked":"Feel No Pain","floor":13.0},{"not_picked":["Feed","Fiend Fire"],"picked":"Exhume+1","floor":16.0},{"not_picked":["Hemokinesis","Whirlwind"],"picked":"Spot Weakness+1","floor":17.0},{"not_picked":["Burning Pact+1","Wild Strike"],"picked":"Shrug It Off+1","floor":17.0},{"not_picked":["Corruption","Whirlwind"],"picked":"True Grit+1","floor":17.0},{"not_picked":["Pommel Strike","Iron Wave"],"picked":"Armaments+1","floor":17.0},{"not_picked":["Heavy Blade","Twin Strike"],"picked":"Armaments+1","floor":17.0},{"not_picked":["Cleave","Hemokinesis"],"picked":"Spot Weakness+1","floor":18.0},{"not_picked":["Thunderclap","Second Wind+1"],"picked":"Flame Barrier+1","floor":19.0},{"not_picked":["Rage+1","Clothesline"],"picked":"Berserk","floor":20.0},{"not_picked":["Evolve","Thunderclap+1","Wild Strike"],"picked":"SKIP","floor":21.0},{"not_picked":["Perfected Strike","Sword Boomerang"],"picked":"Burning Pact+1","floor":24.0},{"not_picked":["Sword Boomerang","Immolate","Clash+1"],"picked":"SKIP","floor":27.0},{"not_picked":["Havoc+1","Anger"],"picked":"Power Through+1","floor":28.0},{"not_picked":["Body Slam","Twin Strike"],"picked":"Warcry+1","floor":31}],"player_experience":886745,"relics_obtained":[{"floor":9.0,"key":"Bottled Lightning"},{"floor":13.0,"key":"Toxic Egg 2"},{"floor":26.0,"key":"Paper Frog"}],"event_choices":[{"damage_healed":0.0,"max_hp_gain":0.0,"max_hp_loss":0.0,"gold_gain":150.0,"event_name":"Liars Game","player_choice":"AGREE","floor":5.0,"gold_loss":0.0,"damage_taken":0.0,"cards_obtained":["Doubt"]},{"damage_healed":0.0,"max_hp_gain":0.0,"max_hp_loss":0.0,"gold_gain":0.0,"event_name":"Upgrade Shrine","player_choice":"Upgraded","floor":7.0,"gold_loss":0.0,"damage_taken":0.0,"cards_upgraded":["Offering"]},{"damage_healed":0.0,"max_hp_gain":0.0,"max_hp_loss":0.0,"gold_gain":0.0,"event_name":"Ghosts","player_choice":"Ignored","floor":22.0,"gold_loss":0.0,"damage_taken":0.0},{"damage_healed":0,"gold_gain":0,"player_choice":"1 cards matched","damage_taken":0,"max_hp_gain":0,"max_hp_loss":0,"event_name":"Match and Keep!","floor":30,"gold_loss":0,"cards_obtained":["Dark Embrace"]}],"is_beta":true,"boss_relics":[{"not_picked":["Mark of Pain","Ectoplasm"],"picked":"Orrery"}],"items_purged_floors":[14],"is_endless":false,"potions_floor_spawned":[2,10,13,16,19,27,31],"killed_by":"Collector","ascension_level":16}