{"gold_per_floor":[113,113,131,131,107,139,139,174,198,198,198,223,223,244,244,244],"floor_reached":16,"playtime":477,"items_purged":[],"score":162,"play_id":"147d56ab-9518-4331-ac60-c8d493879f55","local_time":"20190725190713","is_ascension_mode":true,"campfire_choices":[{"floor":7,"key":"REST"},{"floor":13,"key":"REST"},{"floor":15,"key":"REST"}],"neow_cost":"NONE","seed_source_timestamp":138946823986679,"circlet_count":0,"master_deck":["AscendersBane","Strike_G","Strike_G+1","Strike_G","Strike_G","Strike_G","Defend_G","Defend_G","Defend_G","Defend_G","Defend_G","Survivor","Neutralize+1","Dagger Throw","Flying Knee+1","Poisoned Stab","PiercingWail"],"relics":["Ring of the Snake","Potion Belt","Whetstone","Ancient Tea Set","Golden Idol"],"potions_floor_usage":[6,6,6,16],"damage_taken":[{"damage":9,"enemies":"2 Louse","floor":1,"turns":5},{"damage":4,"enemies":"Small Slimes","floor":3,"turns":4},{"damage":28,"enemies":"Lagavulin","floor":6,"turns":6},{"damage":38,"enemies":"Gremlin Nob","floor":8,"turns":6},{"damage":3,"enemies":"Jaw Worm","floor":12,"turns":4},{"damage":6,"enemies":"2 Fungi Beasts","floor":14,"turns":3},{"damage":28,"enemies":"Slime Boss","floor":16,"turns":5}],"seed_played":"-8948934574598641039","potions_obtained":[{"floor":0,"key":"SteroidPotion"},{"floor":0,"key":"EssenceOfSteel"},{"floor":0,"key":"Poison Potion"},{"floor":8,"key":"Dexterity Potion"},{"floor":14,"key":"SteroidPotion"}],"is_trial":false,"path_per_floor":["M","?","M","?","?","E","R","E","T","?","?","M","R","M","R","B"],"character_chosen":"THE_SILENT","items_purchased":[],"campfire_rested":3,"item_purchase_floors":[],"current_hp_per_floor":[54,59,55,55,55,27,49,11,11,11,8,5,25,19,39,11],"gold":244,"neow_bonus":"THREE_SMALL_POTIONS","is_prod":false,"is_daily":false,"chose_seed":false,"campfire_upgraded":0,"win_rate":0,"timestamp":1564099633,"path_taken":["M","?","M","?","?","E","R","E","T","?","?","M","R","M","R","BOSS"],"build_version":"2019-07-17","purchased_purges":0,"victory":false,"max_hp_per_floor":[70,75,75,75,75,75,75,75,75,69,69,69,69,69,69,69],"card_choices":[{"not_picked":["Underhanded Strike","Slice","Reflex"],"picked":"SKIP","floor":1},{"not_picked":["Endless Agony","Masterful Stab"],"picked":"Dagger Throw","floor":3},{"not_picked":["Grand Finale","Slice"],"picked":"Flying Knee","floor":6},{"not_picked":["Dagger Throw","Eviscerate","Poisoned Stab"],"picked":"SKIP","floor":8},{"not_picked":["Finisher","Blade Dance"],"picked":"Poisoned Stab","floor":12},{"not_picked":["Endless Agony","Concentrate"],"picked":"PiercingWail","floor":14}],"player_experience":231211,"relics_obtained":[{"floor":6,"key":"Potion Belt"},{"floor":8,"key":"Whetstone"},{"floor":9,"key":"Ancient Tea Set"}],"event_choices":[{"damage_healed":0,"gold_gain":0,"player_choice":"Donut","damage_taken":0,"max_hp_gain":5,"max_hp_loss":0,"event_name":"Big Fish","floor":2,"gold_loss":0},{"damage_healed":0,"gold_gain":0,"player_choice":"Grow","damage_taken":0,"max_hp_gain":0,"max_hp_loss":0,"event_name":"Living Wall","floor":4,"gold_loss":0,"cards_upgraded":["Neutralize"]},{"damage_healed":0,"gold_gain":0,"player_choice":"Left Gold","damage_taken":0,"max_hp_gain":0,"max_hp_loss":0,"event_name":"World of Goop","floor":5,"gold_loss":24},{"damage_healed":0,"gold_gain":0,"player_choice":"Lose Max HP","damage_taken":0,"relics_obtained":["Golden Idol"],"max_hp_gain":0,"max_hp_loss":6,"event_name":"Golden Idol","floor":10,"gold_loss":0},{"damage_healed":0,"gold_gain":0,"player_choice":"Fled","damage_taken":3,"max_hp_gain":0,"max_hp_loss":0,"event_name":"Scrap Ooze","floor":11,"gold_loss":0}],"is_beta":false,"boss_relics":[],"items_purged_floors":[],"is_endless":false,"potions_floor_spawned":[1,3,8,14],"killed_by":"Slime Boss","ascension_level":10}