{"gold_per_floor":[212,231,231,247,53,53,87,87,141,216,216,233,233,233,233,334,334,364,387,412,424,12,23,23,54,54,80,95,95,95,114,114,114],"floor_reached":33,"playtime":1961,"items_purged":["Writhe"],"score":285,"play_id":"6eec220b-35a1-48cd-86d6-1798db75652b","local_time":"20190705112345","is_ascension_mode":false,"campfire_choices":[{"data":"The Bomb","floor":6,"key":"SMITH"},{"data":"Well Laid Plans","floor":8,"key":"SMITH"},{"data":"Neutralize","floor":11,"key":"SMITH"},{"data":"Caltrops","floor":13,"key":"SMITH"},{"floor":15,"key":"REST"},{"floor":24,"key":"REST"},{"floor":32,"key":"REST"}],"neow_cost":"NONE","seed_source_timestamp":1155271956322367,"circlet_count":0,"master_deck":["Strike_G","Strike_G+1","Strike_G","Strike_G","Defend_G","Defend_G","Defend_G","Defend_G","Defend_G","Survivor","Neutralize+1","Cloak And Dagger","Deflect","Well Laid Plans+1","The Bomb+1","Dagger Spray","Caltrops+1","After Image","Injury","Injury","PiercingWail","Poisoned Stab+1","Blade Dance","Cloak And Dagger","Deadly Poison+1","Predator+1","Dash","Infinite Blades"],"relics":["Ring of the Snake","Bronze Scales","The Specimen","Art of War","Calling Bell","MawBank","Dodecahedron","Unceasing Top","MutagenicStrength","Incense Burner","Whetstone","Ninja Scroll","Juzu Bracelet"],"potions_floor_usage":[27,27,28,33],"damage_taken":[{"damage":2,"enemies":"2 Louse","floor":1,"turns":3},{"damage":0,"enemies":"Small Slimes","floor":2,"turns":4},{"damage":0,"enemies":"Cultist","floor":4,"turns":4},{"damage":10,"enemies":"3 Sentries","floor":7,"turns":5},{"damage":7,"enemies":"3 Louse","floor":12,"turns":3},{"damage":26,"enemies":"Slime Boss","floor":16,"turns":9},{"damage":2,"enemies":"Chosen","floor":18,"turns":5},{"damage":9,"enemies":"3 Byrds","floor":19,"turns":3},{"damage":17,"enemies":"Snecko","floor":20,"turns":5},{"damage":4,"enemies":"Cultist and Chosen","floor":23,"turns":4},{"damage":29,"enemies":"Book of Stabbing","floor":25,"turns":6},{"damage":26,"enemies":"Slavers","floor":27,"turns":3},{"damage":6,"enemies":"Centurion and Healer","floor":28,"turns":7},{"damage":5,"enemies":"3 Cultists","floor":31,"turns":3},{"damage":29,"enemies":"Collector","floor":33,"turns":5}],"seed_played":"3261103678473419611","potions_obtained":[{"floor":1,"key":"Dexterity Potion"},{"floor":20,"key":"FearPotion"},{"floor":25,"key":"SneckoOil"},{"floor":27,"key":"Regen Potion"},{"floor":31,"key":"PowerPotion"}],"is_trial":false,"path_per_floor":["M","M","?","M","$","R","E","R","T","?","R","M","R","?","R","B",null,"M","M","M","?","$","M","R","E","T","E","M","?","?","M","R","B"],"character_chosen":"THE_SILENT","items_purchased":["The Bomb","Incense Burner","Blade Dance"],"campfire_rested":3,"item_purchase_floors":[5,22,22],"current_hp_per_floor":[68,68,65,65,65,65,55,55,55,48,48,41,41,34,55,29,70,68,59,42,42,42,38,59,30,30,4,13,13,13,8,29,0],"gold":114,"neow_bonus":"HUNDRED_GOLD","is_prod":false,"is_daily":false,"chose_seed":false,"campfire_upgraded":4,"win_rate":0,"timestamp":1562343825,"path_taken":["M","M","?","M","$","R","E","R","T","?","R","?","R","?","R","BOSS","M","M","M","?","$","M","R","E","T","E","M","?","?","M","R","BOSS"],"build_version":"2019-07-01","purchased_purges":1,"victory":false,"max_hp_per_floor":[70,70,70,70,70,70,70,70,70,70,70,70,70,70,70,70,70,70,70,70,70,70,70,70,70,70,70,70,70,70,70,70,70],"card_choices":[{"not_picked":["Calculated Gamble","PiercingWail"],"picked":"Cloak And Dagger","floor":1},{"not_picked":["Tactician","Bane"],"picked":"Deflect","floor":2},{"not_picked":["Eviscerate","Endless Agony"],"picked":"Well Laid Plans","floor":4},{"not_picked":["Outmaneuver","Sucker Punch"],"picked":"Dagger Spray","floor":7},{"not_picked":["Backstab","Tactician"],"picked":"Caltrops","floor":12},{"not_picked":["Unload","Storm of Steel"],"picked":"After Image","floor":16},{"not_picked":["Dagger Throw","Outmaneuver"],"picked":"PiercingWail","floor":18},{"not_picked":["Prepared+1","Catalyst"],"picked":"Poisoned Stab","floor":19},{"not_picked":["Dodge and Roll+1","Flechettes","Quick Slash"],"picked":"SKIP","floor":20},{"not_picked":["Underhanded Strike+1","All Out Attack"],"picked":"Cloak And Dagger","floor":23},{"not_picked":["Slice","PiercingWail"],"picked":"Deadly Poison+1","floor":25},{"not_picked":["Prepared","Backflip"],"picked":"Predator+1","floor":27},{"not_picked":["Cloak And Dagger+1","Dagger Throw"],"picked":"Dash","floor":28},{"not_picked":["Outmaneuver","Masterful Stab"],"picked":"Infinite Blades","floor":31}],"player_experience":117101,"relics_obtained":[{"floor":7,"key":"The Specimen"},{"floor":9,"key":"Art of War"},{"floor":17,"key":"MawBank"},{"floor":17,"key":"Dodecahedron"},{"floor":17,"key":"Unceasing Top"},{"floor":25,"key":"Whetstone"},{"floor":27,"key":"Ninja Scroll"}],"event_choices":[{"damage_healed":0,"gold_gain":0,"player_choice":"Success","damage_taken":3,"relics_obtained":["Bronze Scales"],"max_hp_gain":0,"max_hp_loss":0,"event_name":"Scrap Ooze","floor":3,"gold_loss":0},{"damage_healed":0,"gold_gain":75,"player_choice":"Touch","damage_taken":7,"max_hp_gain":0,"max_hp_loss":0,"event_name":"FaceTrader","floor":10,"gold_loss":0},{"cards_removed":["Strike_G"],"damage_healed":0,"gold_gain":0,"player_choice":"Card Removal","damage_taken":7,"max_hp_gain":0,"max_hp_loss":0,"event_name":"Golden Wing","floor":14,"gold_loss":0},{"damage_healed":0,"gold_gain":0,"player_choice":"Inject Mutagens","damage_taken":0,"relics_obtained":["MutagenicStrength"],"max_hp_gain":0,"max_hp_loss":0,"event_name":"Drug Dealer","floor":21,"gold_loss":0},{"damage_healed":0,"gold_gain":0,"player_choice":"Opened","damage_taken":0,"relics_obtained":["Juzu Bracelet"],"max_hp_gain":0,"max_hp_loss":0,"event_name":"The Mausoleum","floor":29,"gold_loss":0,"cards_obtained":["Writhe"]},{"cards_removed":["Writhe"],"damage_healed":0,"gold_gain":0,"player_choice":"Purged","damage_taken":0,"max_hp_gain":0,"max_hp_loss":0,"event_name":"Purifier","floor":30,"gold_loss":0}],"is_beta":false,"boss_relics":[{"not_picked":["Runic Dome","White Beast Statue"],"picked":"Calling Bell"}],"items_purged_floors":[22],"is_endless":false,"potions_floor_spawned":[1,20,25,27,31],"killed_by":"Collector","ascension_level":0}