{"gold_per_floor":[110,110,123,123,143,175,175,125,197,147,147,222,210,229,229,332,332,349,315,240,240,304,304,454,555,555,575,575,639,639,172,172,276,276,296,313,1362,1374,589,615,192,192,192,242,252,0,0,50,50,50,50,50,0,26,26],"floor_reached":55,"playtime":4021,"items_purged":["Pain","Strike_G","Strike_G","Normality","Normality","Decay"],"score":823,"play_id":"842d5790-643f-49d9-82be-16b2eaa9c5f0","local_time":"20181107205448","is_ascension_mode":false,"campfire_choices":[{"data":"Caltrops","floor":7,"key":"SMITH"},{"data":"Accuracy","floor":11,"key":"SMITH"},{"data":"Cloak And Dagger","floor":15,"key":"SMITH"},{"data":"Neutralize","floor":23,"key":"SMITH"},{"floor":28,"key":"REST"},{"data":"Blade Dance","floor":30,"key":"SMITH"},{"floor":32,"key":"REST"},{"data":"Footwork","floor":42,"key":"SMITH"},{"floor":47,"key":"RECALL"},{"floor":49,"key":"REST"},{"data":"Malaise","floor":52,"key":"SMITH"}],"neow_cost":"NONE","seed_source_timestamp":10806642098157,"circlet_count":0,"master_deck":["Defend_G","Defend_G","Defend_G","Defend_G","Defend_G","Strike_G","Survivor","Neutralize+1","Accuracy+1","Caltrops+1","After Image","Cloak And Dagger+1","After Image","Footwork+1","Backflip","Blur","Blade Dance+1","Infinite Blades","Malaise+1","Injury","Injury","Finisher+1","Blade Dance+1","Footwork+1","Madness","PiercingWail+1"],"relics":["Ring of the Snake","WarpedTongs","Smiling Mask","White Beast Statue","SsserpentHead","Gambling Chip","Dodecahedron","Lantern","Darkstone Periapt","TwistedFunnel","Oddly Smooth Stone","Calling Bell","Vajra","Mercury Hourglass","Unceasing Top","Lee\u0027s Waffle","Nunchaku","Pear","Centennial Puzzle","Sundial","PreservedInsect","Red Mask","Letter Opener","Ice Cream"],"potions_floor_usage":[3,6,6,6,16,16,19,24,24,33,36,38,40,50,50,50,55],"damage_taken":[{"damage":0,"enemies":"Small Slimes","floor":1,"turns":7},{"damage":1,"enemies":"Jaw Worm","floor":3,"turns":8},{"damage":4,"enemies":"Cultist","floor":5,"turns":4},{"damage":14,"enemies":"Lagavulin","floor":6,"turns":15},{"damage":5,"enemies":"Exordium Thugs","floor":13,"turns":5},{"damage":0,"enemies":"Large Slime","floor":14,"turns":9},{"damage":24,"enemies":"Slime Boss","floor":16,"turns":15},{"damage":7,"enemies":"Chosen","floor":18,"turns":6},{"damage":20,"enemies":"2 Thieves","floor":19,"turns":5},{"damage":2,"enemies":"Centurion and Healer","floor":22,"turns":9},{"damage":7,"enemies":"Colosseum Slavers","floor":24,"turns":6},{"damage":33,"enemies":"Colosseum Nobs","floor":24,"turns":8},{"damage":0,"enemies":"Chosen and Byrds","floor":27,"turns":11},{"damage":0,"enemies":"Shelled Parasite and Fungi","floor":29,"turns":7},{"damage":19,"enemies":"Automaton","floor":33,"turns":13},{"damage":0,"enemies":"3 Darklings","floor":35,"turns":7},{"damage":0,"enemies":"Orb Walker","floor":36,"turns":3},{"damage":42,"enemies":"Maw","floor":38,"turns":11},{"damage":4,"enemies":"Giant Head","floor":40,"turns":9},{"damage":11,"enemies":"Spire Growth","floor":45,"turns":6},{"damage":49,"enemies":"Time Eater","floor":50,"turns":14},{"damage":44,"enemies":"Shield and Spear","floor":54,"turns":6},{"damage":76,"enemies":"The Heart","floor":55,"turns":8}],"seed_played":"-4704517350434994021","potions_obtained":[{"floor":0,"key":"GhostInAJar"},{"floor":0,"key":"Dexterity Potion"},{"floor":0,"key":"EssenceOfSteel"},{"floor":3,"key":"Dexterity Potion"},{"floor":6,"key":"SteroidPotion"},{"floor":14,"key":"SpeedPotion"},{"floor":18,"key":"FearPotion"},{"floor":19,"key":"PowerPotion"},{"floor":22,"key":"Block Potion"},{"floor":24,"key":"SpeedPotion"},{"floor":27,"key":"Swift Potion"},{"floor":29,"key":"Regen Potion"},{"floor":33,"key":"FearPotion"},{"floor":35,"key":"AttackPotion"},{"floor":36,"key":"Explosive Potion"},{"floor":38,"key":"Strength Potion"},{"floor":40,"key":"Regen Potion"},{"floor":45,"key":"Strength Potion"},{"floor":54,"key":"Ancient Potion"}],"is_trial":false,"path_per_floor":["M","?","M","?","M","E","R","$","T","$","R","?","M","M","R","B",null,"M","M","?","?","M","R","?","T","T","M","R","M","R","$","R","B",null,"M","M","?","M","$","E","$","R","T","?","M","?","R","T","R","B",null,"R","$","E","B"],"character_chosen":"THE_SILENT","items_purchased":["TwistedFunnel","Oddly Smooth Stone","Infinite Blades","Lee\u0027s Waffle","Nunchaku","Pear","Sundial","Dexterity Potion","Footwork"],"campfire_rested":3,"item_purchase_floors":[31,31,31,39,39,39,41,41,41],"current_hp_per_floor":[70,63,62,62,58,44,44,44,44,44,44,33,28,28,28,4,70,63,43,43,43,41,41,1,1,1,1,22,22,22,22,43,39,88,88,88,100,58,117,113,113,113,113,113,102,102,102,102,117,68,117,117,117,73,0],"gold":26,"neow_bonus":"THREE_SMALL_POTIONS","is_prod":false,"is_daily":false,"chose_seed":false,"campfire_upgraded":7,"win_rate":0,"timestamp":1541642088,"path_taken":["M","?","M","?","?","E","R","?","T","$","R","?","M","M","R","BOSS","M","M","?","?","?","R","?","?","T","M","R","?","R","$","R","BOSS","M","M","?","M","$","E","$","R","T","?","M","?","R","?","R","BOSS","R","$","E","BOSS"],"build_version":"2018-11-06","purchased_purges":6,"victory":false,"max_hp_per_floor":[70,70,70,70,70,70,70,70,70,70,70,70,70,70,70,70,70,70,70,70,70,70,70,70,70,70,70,70,70,70,70,70,70,88,88,88,100,100,117,117,117,117,117,117,117,117,117,117,117,117,117,117,117,117,117],"card_choices":[{"not_picked":["Deadly Poison","Slice"],"picked":"Accuracy","floor":1},{"not_picked":["Skewer","Crippling Poison"],"picked":"Caltrops","floor":3},{"not_picked":["Bane","Heel Hook","Slice"],"picked":"SKIP","floor":5},{"not_picked":["All Out Attack","Skewer"],"picked":"After Image","floor":6},{"not_picked":["Flechettes","All Out Attack","Bane"],"picked":"SKIP","floor":13},{"not_picked":["PiercingWail","Riddle With Holes"],"picked":"Cloak And Dagger","floor":14},{"not_picked":["Envenom","Glass Knife"],"picked":"After Image","floor":16},{"not_picked":["Endless Agony","Dagger Spray+1"],"picked":"Footwork+1","floor":18},{"not_picked":["Acrobatics","Backstab","Dagger Throw+1"],"picked":"SKIP","floor":19},{"not_picked":["Skewer","Well Laid Plans"],"picked":"Backflip","floor":22},{"not_picked":["Flechettes","Sucker Punch"],"picked":"Blur","floor":24},{"not_picked":["Catalyst+1","Underhanded Strike+1","Sucker Punch+1"],"picked":"SKIP","floor":27},{"not_picked":["Underhanded Strike","PiercingWail"],"picked":"Blade Dance","floor":29},{"not_picked":["Wraith Form v2","Doppelganger"],"picked":"Malaise","floor":33},{"not_picked":["Sucker Punch+1","Acrobatics+1"],"picked":"Finisher+1","floor":35},{"not_picked":["Dash+1","Slice+1"],"picked":"Blade Dance+1","floor":36},{"not_picked":["Tactician+1","Sucker Punch","Masterful Stab"],"picked":"SKIP","floor":38},{"not_picked":["Night Terror","Quick Slash+1","Tactician"],"picked":"SKIP","floor":40},{"not_picked":["Purity","Swift Strike"],"picked":"Madness","floor":44},{"not_picked":["Backflip","Dodge and Roll+1","Deadly Poison"],"picked":"SKIP","floor":45},{"not_picked":["Bane+1","Sucker Punch"],"picked":"PiercingWail+1","floor":54}],"player_experience":193998,"relics_obtained":[{"floor":6,"key":"Smiling Mask"},{"floor":24,"key":"Gambling Chip"},{"floor":24,"key":"Dodecahedron"},{"floor":25,"key":"Lantern"},{"floor":26,"key":"Darkstone Periapt"},{"floor":34,"key":"Vajra"},{"floor":34,"key":"Mercury Hourglass"},{"floor":34,"key":"Unceasing Top"},{"floor":40,"key":"Centennial Puzzle"},{"floor":43,"key":"PreservedInsect"},{"floor":48,"key":"Letter Opener"},{"floor":54,"key":"Ice Cream"}],"event_choices":[{"cards_removed":["Strike_G"],"damage_healed":0,"gold_gain":0,"player_choice":"Card Removal","damage_taken":7,"max_hp_gain":0,"max_hp_loss":0,"event_name":"Golden Wing","floor":2,"gold_loss":0},{"damage_healed":0,"gold_gain":0,"player_choice":"Rummage","damage_taken":0,"relics_obtained":["WarpedTongs"],"max_hp_gain":0,"max_hp_loss":0,"event_name":"Accursed Blacksmith","floor":4,"gold_loss":0,"cards_obtained":["Pain"]},{"damage_healed":0,"gold_gain":75,"player_choice":"Gather Gold","damage_taken":11,"max_hp_gain":0,"max_hp_loss":0,"event_name":"World of Goop","floor":12,"gold_loss":0},{"cards_removed":["Strike_G"],"damage_healed":0,"gold_gain":0,"player_choice":"Gave Gold","damage_taken":0,"max_hp_gain":0,"max_hp_loss":0,"event_name":"Beggar","floor":20,"gold_loss":75},{"damage_healed":0,"gold_gain":0,"player_choice":"Trade","damage_taken":0,"relics_obtained":["SsserpentHead"],"max_hp_gain":0,"max_hp_loss":0,"event_name":"FaceTrader","floor":21,"gold_loss":0},{"damage_healed":0,"gold_gain":0,"player_choice":"Fight","damage_taken":0,"max_hp_gain":0,"max_hp_loss":0,"event_name":"Colosseum","floor":24,"gold_loss":0},{"damage_healed":0,"gold_gain":0,"player_choice":"Fought Nobs","damage_taken":0,"max_hp_gain":0,"max_hp_loss":0,"event_name":"Colosseum","floor":24,"gold_loss":0},{"damage_healed":0,"gold_gain":999,"player_choice":"Gold","damage_taken":0,"max_hp_gain":0,"max_hp_loss":0,"event_name":"MindBloom","floor":37,"gold_loss":0,"cards_obtained":["Normality","Normality"]},{"damage_healed":0,"gold_gain":0,"player_choice":"Memory 1","damage_taken":0,"max_hp_gain":0,"max_hp_loss":0,"event_name":"SensoryStone","floor":44,"gold_loss":0},{"damage_healed":0,"gold_gain":0,"player_choice":"Paid","damage_taken":0,"relics_obtained":["Red Mask"],"max_hp_gain":0,"max_hp_loss":0,"event_name":"Tomb of Lord Red Mask","floor":46,"gold_loss":302}],"is_beta":true,"boss_relics":[{"not_picked":["Sozu","Snecko Eye"],"picked":"White Beast Statue"},{"not_picked":["Philosopher\u0027s Stone","Fusion Hammer"],"picked":"Calling Bell"}],"items_purged_floors":[8,10,31,39,41,53],"is_endless":false,"potions_floor_spawned":[1,3,6,14,18,19,22,24,24,27,29,33,35,36,38,40,45,54],"killed_by":"The Heart","ascension_level":0}