{"gold_per_floor":[116,193,37,112,112,437,448,480,480,480,480,122,122,153,153,228,228,239,259,53,53,53,88,88,88],"floor_reached":25,"playtime":969,"items_purged":["Pain"],"score":451,"play_id":"9af27ecd-a500-4816-a0f1-60597e8f10cd","local_time":"20190716221518","is_ascension_mode":true,"campfire_choices":[{"data":"Uppercut","floor":10.0,"key":"SMITH"},{"data":"Cleave","floor":15.0,"key":"SMITH"},{"floor":24,"key":"REST"}],"neow_cost":"NONE","seed_source_timestamp":0,"circlet_count":0,"master_deck":["AscendersBane","Defend_R","Defend_R","Defend_R","Defend_R","Bash","Clash","Bandage Up","Rampage","Power Through","Uppercut+1","Cleave+1","Jack Of All Trades","Metallicize","Berserk","True Grit","Infernal Blade","Bite","Bite","Bite","Bite","Bite","Power Through","Spot Weakness"],"special_seed":0,"relics":["Burning Blood","NeowsBlessing","Old Coin","Strawberry","Ice Cream","WarpedTongs","Bag of Marbles","Letter Opener","Gambling Chip","Sozu","Lee\u0027s Waffle","Frozen Egg 2"],"potions_floor_usage":[],"damage_taken":[{"damage":0.0,"enemies":"2 Louse","floor":1.0,"turns":1.0},{"damage":0.0,"enemies":"3 Sentries","floor":6.0,"turns":1.0},{"damage":0.0,"enemies":"Jaw Worm","floor":7.0,"turns":1.0},{"damage":20.0,"enemies":"Lagavulin","floor":8.0,"turns":4.0},{"damage":23.0,"enemies":"3 Sentries","floor":14.0,"turns":8.0},{"damage":13.0,"enemies":"Slime Boss","floor":16.0,"turns":7.0},{"damage":32,"enemies":"3 Byrds","floor":18,"turns":5},{"damage":19,"enemies":"Shell Parasite","floor":19,"turns":5},{"damage":67,"enemies":"Book of Stabbing","floor":23,"turns":6},{"damage":47,"enemies":"Gremlin Leader","floor":25,"turns":5}],"seed_played":"-7803411569129655460","potions_obtained":[{"floor":5.0,"key":"AttackPotion"},{"floor":5.0,"key":"Swift Potion"},{"floor":7.0,"key":"AttackPotion"},{"floor":8.0,"key":"AttackPotion"}],"is_trial":false,"path_per_floor":["M","?","$","?","?","E","M","E","T","R","?","$","?","E","R","B",null,"M","M","$","?","?","E","R","E"],"character_chosen":"IRONCLAD","items_purchased":["Bandage Up","Rampage","Bag of Marbles","Cleave","Jack Of All Trades","Lee\u0027s Waffle"],"campfire_rested":1,"item_purchase_floors":[3,3,12,12,12,20],"current_hp_per_floor":[78,78,78,67,67,73,79,73,73,73,73,73,73,60,60,57,80,60,51,94,65,65,15,34,0],"gold":88,"neow_bonus":"THREE_ENEMY_KILL","is_prod":false,"is_daily":false,"chose_seed":false,"campfire_upgraded":2,"win_rate":0,"timestamp":1563329718,"path_taken":["M","?","$","?","?","E","?","E","T","R","?","?","?","E","R","BOSS","M","M","$","?","?","E","R","E"],"build_version":"2019-07-05","purchased_purges":1,"victory":false,"max_hp_per_floor":[80,80,80,80,80,80,80,87,87,87,87,87,87,87,87,87,87,87,87,94,65,65,65,65,65],"card_choices":[{"not_picked":["Perfected Strike","Twin Strike"],"picked":"Clash","floor":1.0},{"not_picked":["Corruption","Infernal Blade"],"picked":"Power Through","floor":6.0},{"not_picked":["Perfected Strike","Havoc","Clash"],"picked":"SKIP","floor":7.0},{"not_picked":["Brutality","Twin Strike"],"picked":"Uppercut","floor":8.0},{"not_picked":["Flex","Heavy Blade"],"picked":"Metallicize","floor":14.0},{"not_picked":["Limit Break","Immolate"],"picked":"Berserk","floor":16.0},{"not_picked":["Clothesline","Twin Strike"],"picked":"True Grit","floor":18},{"not_picked":["Sword Boomerang","Evolve"],"picked":"Infernal Blade","floor":19},{"not_picked":["Juggernaut","Warcry"],"picked":"Spot Weakness","floor":23}],"player_experience":651953,"relics_obtained":[{"floor":6.0,"key":"Old Coin"},{"floor":8.0,"key":"Strawberry"},{"floor":9.0,"key":"Ice Cream"},{"floor":14.0,"key":"Gambling Chip"},{"floor":23,"key":"Frozen Egg 2"}],"event_choices":[{"damage_healed":0.0,"max_hp_gain":0.0,"max_hp_loss":0.0,"gold_gain":77.0,"event_name":"Golden Wing","player_choice":"Gained Gold","floor":2.0,"gold_loss":0.0,"damage_taken":0.0},{"damage_healed":0.0,"max_hp_gain":0.0,"max_hp_loss":0.0,"gold_gain":75.0,"event_name":"World of Goop","player_choice":"Gather Gold","floor":4.0,"gold_loss":0.0,"damage_taken":11.0},{"damage_healed":0.0,"max_hp_gain":0.0,"max_hp_loss":0.0,"gold_gain":0.0,"event_name":"Lab","player_choice":"Got Potions","floor":5.0,"gold_loss":0.0,"damage_taken":0.0},{"damage_healed":0.0,"max_hp_gain":0.0,"max_hp_loss":0.0,"gold_gain":0.0,"event_name":"Accursed Blacksmith","player_choice":"Rummage","floor":11.0,"gold_loss":0.0,"damage_taken":0.0,"relics_obtained":["WarpedTongs"],"cards_obtained":["Pain"]},{"damage_healed":0.0,"max_hp_gain":0.0,"max_hp_loss":0.0,"gold_gain":0.0,"event_name":"Dead Adventurer","player_choice":"Searched \u00271\u0027 times","floor":13.0,"gold_loss":0.0,"damage_taken":0.0,"relics_obtained":["Letter Opener"]},{"damage_healed":0,"gold_gain":0,"player_choice":"Became a vampire","damage_taken":0,"max_hp_gain":0,"max_hp_loss":29,"event_name":"Vampires","floor":21,"gold_loss":0,"cards_obtained":["Bite","Bite","Bite","Bite","Bite"]},{"damage_healed":0,"gold_gain":0,"player_choice":"Read","damage_taken":0,"max_hp_gain":0,"max_hp_loss":0,"event_name":"The Library","floor":22,"gold_loss":0,"cards_obtained":["Power Through"]}],"is_beta":false,"boss_relics":[{"not_picked":["Empty Cage","Calling Bell"],"picked":"Sozu"}],"items_purged_floors":[12],"is_endless":false,"potions_floor_spawned":[6,7,8,18,23],"killed_by":"Gremlin Leader","ascension_level":13}