{"gold_per_floor":[360,48,48,62,62,62,81,81,81,93,168,186,186,42,42,138,138,154,79,178,93,93,163,163,178,231,250,94,94,114,114,114,114],"floor_reached":33,"playtime":2009,"items_purged":["Decay"],"score":233,"play_id":"3cf6a74e-c462-4d8c-a269-3a1368a0496a","local_time":"20181108234439","is_ascension_mode":false,"campfire_choices":[{"data":"Double Energy","floor":6,"key":"SMITH"},{"floor":15,"key":"REST"},{"data":"Fission","floor":24,"key":"SMITH"},{"data":"Coolheaded","floor":32,"key":"SMITH"}],"neow_cost":"PERCENT_DAMAGE","seed_source_timestamp":109946926524924,"circlet_count":0,"master_deck":["Strike_B","Defend_B+1","Defend_B+1","Defend_B","Defend_B","Zap+1","Dualcast","Double Energy+1","BootSequence+1","Coolheaded+1","Hello World","Fission+1","Parasite","Parasite","Skim+1","Chaos+1","Hyperbeam","Beam Cell"],"relics":["Cracked Core","Dead Branch","Symbiotic Virus","War Paint","Calling Bell","Bronze Scales","Toxic Egg 2","Nunchaku","Shuriken","Gremlin Horn","Tiny Chest","Omamori","Regal Pillow"],"potions_floor_usage":[16,18,18,30,33],"damage_taken":[{"damage":0,"enemies":"Cultist","floor":1,"turns":4},{"damage":1,"enemies":"Jaw Worm","floor":4,"turns":3},{"damage":0,"enemies":"2 Louse","floor":7,"turns":2},{"damage":2,"enemies":"Exordium Thugs","floor":10,"turns":4},{"damage":2,"enemies":"2 Fungi Beasts","floor":12,"turns":3},{"damage":1,"enemies":"Slime Boss","floor":16,"turns":6},{"damage":4,"enemies":"2 Thieves","floor":18,"turns":2},{"damage":0,"enemies":"Chosen","floor":25,"turns":4},{"damage":5,"enemies":"Shelled Parasite and Fungi","floor":27,"turns":5},{"damage":14,"enemies":"Centurion and Healer","floor":30,"turns":16},{"damage":60,"enemies":"Automaton","floor":33,"turns":6}],"seed_played":"-9139664343309502398","potions_obtained":[{"floor":1,"key":"LiquidBronze"},{"floor":10,"key":"AttackPotion"},{"floor":16,"key":"LiquidBronze"},{"floor":27,"key":"Dexterity Potion"},{"floor":30,"key":"PowerPotion"}],"is_trial":false,"path_per_floor":["M","$","?","M","?","R","M","$","T","M","?","M","?","$","R","B",null,"M","$","?","?","?","T","R","M","T","M","$","?","M","?","R","B"],"character_chosen":"DEFECT","items_purchased":["Dead Branch","War Paint","Omamori"],"campfire_rested":1,"item_purchase_floors":[2,14,28],"current_hp_per_floor":[54,54,54,53,46,46,46,46,46,44,33,31,16,16,38,37,75,71,71,71,71,71,71,71,71,71,66,66,66,52,52,52,0],"gold":114,"neow_bonus":"TWO_FIFTY_GOLD","is_prod":false,"is_daily":false,"chose_seed":false,"campfire_upgraded":3,"win_rate":0,"timestamp":1541738679,"path_taken":["M","$","?","?","?","R","M","$","T","M","?","M","?","$","R","BOSS","M","$","?","?","?","?","R","M","T","M","$","?","?","?","R","BOSS"],"build_version":"2018-11-07","purchased_purges":1,"victory":false,"max_hp_per_floor":[75,75,75,75,75,75,75,75,75,75,75,75,75,75,75,75,75,75,75,75,75,75,75,75,75,75,75,75,75,75,75,75,75],"card_choices":[{"not_picked":["White Noise","Compile Driver"],"picked":"Double Energy","floor":1},{"not_picked":["Heatsinks","Capacitor"],"picked":"BootSequence","floor":4},{"not_picked":["Sweeping Beam","Steam Power"],"picked":"Coolheaded","floor":7},{"not_picked":["Melter","Redo"],"picked":"Hello World","floor":10},{"not_picked":["Turbo","Ball Lightning","Gash"],"picked":"SKIP","floor":12},{"not_picked":["Meteor Strike","Machine Learning"],"picked":"Fission","floor":16},{"not_picked":["Go for the Eyes","Steam+1","Compile Driver"],"picked":"SKIP","floor":18},{"not_picked":["Hello World+1","Compile Driver"],"picked":"Skim+1","floor":25},{"not_picked":["Doom and Gloom","Ball Lightning+1","Rebound"],"picked":"SKIP","floor":27},{"not_picked":["Turbo+1","Steam+1"],"picked":"Chaos+1","floor":30}],"player_experience":230151,"relics_obtained":[{"floor":9,"key":"Symbiotic Virus"},{"floor":17,"key":"Bronze Scales"},{"floor":17,"key":"Toxic Egg 2"},{"floor":17,"key":"Nunchaku"},{"floor":23,"key":"Gremlin Horn"},{"floor":26,"key":"Tiny Chest"},{"floor":29,"key":"Regal Pillow"}],"event_choices":[{"damage_healed":0,"gold_gain":0,"player_choice":"Ignored","damage_taken":0,"max_hp_gain":0,"max_hp_loss":0,"event_name":"NoteForYourself","floor":3,"gold_loss":0},{"cards_removed":["Strike_B"],"damage_healed":0,"gold_gain":0,"player_choice":"Card Removal","damage_taken":7,"max_hp_gain":0,"max_hp_loss":0,"event_name":"Golden Wing","floor":5,"gold_loss":0},{"damage_healed":0,"gold_gain":75,"player_choice":"Gather Gold","damage_taken":11,"max_hp_gain":0,"max_hp_loss":0,"event_name":"World of Goop","floor":11,"gold_loss":0},{"damage_healed":0,"gold_gain":0,"player_choice":"Entered Light","damage_taken":15,"max_hp_gain":0,"max_hp_loss":0,"event_name":"Shining Light","floor":13,"gold_loss":0,"cards_upgraded":["Zap","Defend_B"]},{"damage_healed":0,"gold_gain":99,"player_choice":"Stole From Cult","damage_taken":0,"max_hp_gain":0,"max_hp_loss":0,"event_name":"Nest","floor":20,"gold_loss":0},{"damage_healed":0,"gold_gain":0,"player_choice":"Obtained Relic","damage_taken":0,"relics_obtained":["Shuriken"],"max_hp_gain":0,"max_hp_loss":0,"event_name":"Addict","floor":21,"gold_loss":85},{"damage_healed":0,"gold_gain":0,"player_choice":"Ignored","damage_taken":0,"max_hp_gain":0,"max_hp_loss":0,"event_name":"Beggar","floor":22,"gold_loss":0},{"damage_healed":0,"gold_gain":0,"player_choice":"Relic","damage_taken":0,"max_hp_gain":0,"max_hp_loss":0,"event_name":"Wheel of Change","floor":29,"gold_loss":0},{"damage_healed":0,"gold_gain":0,"cards_transformed":["Strike_B","Strike_B"],"player_choice":"Became Test Subject","damage_taken":0,"max_hp_gain":0,"max_hp_loss":0,"event_name":"Drug Dealer","floor":31,"gold_loss":0,"cards_obtained":["Hyperbeam","Beam Cell"]}],"is_beta":true,"boss_relics":[{"not_picked":["Lizard Tail","White Beast Statue"],"picked":"Calling Bell"}],"items_purged_floors":[19],"is_endless":false,"potions_floor_spawned":[1,10,16,27,30],"killed_by":"Automaton","ascension_level":0}