{"gold_per_floor":[111,128,138,42,42,70,80,80,128,154,154,154,154,183,183,287,337,356,372,390,403,403,433,445,492,581,610,634,646],"floor_reached":29,"playtime":1940,"items_purged":[],"score":299,"play_id":"b4647901-3a71-456d-9f63-624cbd8bf369","local_time":"20190715165733","is_ascension_mode":true,"campfire_choices":[{"floor":8,"key":"REST"},{"floor":11,"key":"REST"},{"floor":15,"key":"REST"},{"floor":24,"key":"REST"}],"neow_cost":"NONE","seed_source_timestamp":4774724553213,"circlet_count":0,"master_deck":["Strike_G","Strike_G","Strike_G","Strike_G","Defend_G","Defend_G","Defend_G","Defend_G","Survivor","Neutralize","Cloak And Dagger","Dodge and Roll","Poisoned Stab","Swift Strike","Slice","Bouncing Flask+1","Backstab","Accuracy","Envenom","Backflip+1","Sucker Punch","Backflip","Blade Dance","Corpse Explosion","Blade Dance","Acrobatics"],"relics":["WristBlade","Ninja Scroll","Bronze Scales","Vajra","Ornamental Fan","Tiny House","MawBank","Incense Burner","Bottled Lightning"],"potions_floor_usage":[14,23,23,25,29],"damage_taken":[{"damage":0,"enemies":"Cultist","floor":1,"turns":4},{"damage":0,"enemies":"Small Slimes","floor":2,"turns":4},{"damage":0,"enemies":"2 Louse","floor":3,"turns":2},{"damage":27,"enemies":"Lagavulin","floor":6,"turns":6},{"damage":7,"enemies":"Large Slime","floor":7,"turns":4},{"damage":24,"enemies":"Gremlin Nob","floor":10,"turns":4},{"damage":16,"enemies":"Lagavulin","floor":14,"turns":4},{"damage":26,"enemies":"The Guardian","floor":16,"turns":9},{"damage":0,"enemies":"Spheric Guardian","floor":18,"turns":3},{"damage":0,"enemies":"2 Thieves","floor":19,"turns":3},{"damage":18,"enemies":"Snake Plant","floor":20,"turns":3},{"damage":15,"enemies":"Centurion and Healer","floor":21,"turns":4},{"damage":37,"enemies":"Gremlin Leader","floor":23,"turns":6},{"damage":25,"enemies":"Slavers","floor":25,"turns":6},{"damage":2,"enemies":"Cultist and Chosen","floor":27,"turns":5},{"damage":15,"enemies":"Sentry and Sphere","floor":28,"turns":4},{"damage":8,"enemies":"Gremlin Leader","floor":29,"turns":2}],"seed_played":"475383618518905469","potions_obtained":[{"floor":6,"key":"SkillPotion"},{"floor":10,"key":"Ancient Potion"},{"floor":16,"key":"Regen Potion"},{"floor":17,"key":"Strength Potion"},{"floor":20,"key":"Swift Potion"},{"floor":25,"key":"FairyPotion"},{"floor":28,"key":"AttackPotion"}],"is_trial":false,"path_per_floor":["M","M","M","$","?","E","M","R","T","E","R","?","?","E","R","B",null,"M","M","M","M","?","E","R","E","T","M","M","E"],"character_chosen":"THE_SILENT","items_purchased":["Swift Strike"],"campfire_rested":4,"item_purchase_floors":[4],"current_hp_per_floor":[70,70,70,70,70,43,36,57,57,33,54,54,54,38,59,33,75,75,75,57,42,42,19,41,16,16,14,7,0],"gold":646,"neow_bonus":"BOSS_RELIC","is_prod":false,"is_daily":false,"chose_seed":false,"campfire_upgraded":0,"win_rate":0,"timestamp":1563227853,"path_taken":["M","M","M","$","?","E","M","R","T","E","R","?","?","E","R","BOSS","M","M","M","M","?","E","R","E","T","?","M","E"],"build_version":"2019-07-05","purchased_purges":0,"victory":false,"max_hp_per_floor":[70,70,70,70,70,70,70,70,70,70,70,70,70,70,70,70,75,75,75,75,75,75,75,75,75,75,75,75,75],"card_choices":[{"not_picked":["Slice","Sucker Punch"],"picked":"Cloak And Dagger","floor":1},{"not_picked":["Quick Slash","PiercingWail"],"picked":"Dodge and Roll","floor":2},{"not_picked":["Cloak And Dagger","Acrobatics"],"picked":"Poisoned Stab","floor":3},{"not_picked":["Footwork","Terror"],"picked":"Slice","floor":6},{"not_picked":["Flechettes","Skewer"],"picked":"Bouncing Flask","floor":7},{"not_picked":["Calculated Gamble","Bane"],"picked":"Backstab","floor":10},{"not_picked":["Underhanded Strike","Dagger Spray"],"picked":"Accuracy","floor":14},{"not_picked":["Unload","Wraith Form v2"],"picked":"Envenom","floor":16},{"not_picked":["Bane","Skewer"],"picked":"Backflip+1","floor":18},{"not_picked":["Skewer","Outmaneuver"],"picked":"Sucker Punch","floor":19},{"not_picked":["Flying Knee","Dash+1"],"picked":"Backflip","floor":20},{"not_picked":["Eviscerate","All Out Attack"],"picked":"Blade Dance","floor":21},{"not_picked":["Backflip","Deflect"],"picked":"Corpse Explosion","floor":23},{"not_picked":["Dagger Throw+1","Flying Knee","Bullet Time"],"picked":"SKIP","floor":25},{"not_picked":["Riddle With Holes","Predator"],"picked":"Blade Dance","floor":27},{"not_picked":["Dagger Throw","Flying Knee"],"picked":"Acrobatics","floor":28}],"player_experience":176777,"relics_obtained":[{"floor":6,"key":"Ninja Scroll"},{"floor":9,"key":"Bronze Scales"},{"floor":10,"key":"Vajra"},{"floor":14,"key":"Ornamental Fan"},{"floor":23,"key":"MawBank"},{"floor":25,"key":"Incense Burner"},{"floor":26,"key":"Bottled Lightning"}],"event_choices":[{"damage_healed":0,"gold_gain":0,"player_choice":"Leave","damage_taken":0,"max_hp_gain":0,"max_hp_loss":0,"event_name":"The Cleric","floor":5,"gold_loss":0},{"damage_healed":0,"gold_gain":0,"player_choice":"Fled","damage_taken":0,"max_hp_gain":0,"max_hp_loss":0,"event_name":"Scrap Ooze","floor":12,"gold_loss":0},{"cards_removed":["Strike_G"],"damage_healed":0,"gold_gain":0,"player_choice":"Forget","damage_taken":0,"max_hp_gain":0,"max_hp_loss":0,"event_name":"Living Wall","floor":13,"gold_loss":0},{"cards_removed":["Defend_G"],"damage_healed":0,"gold_gain":0,"player_choice":"Purged","damage_taken":0,"max_hp_gain":0,"max_hp_loss":0,"event_name":"Purifier","floor":22,"gold_loss":0}],"is_beta":false,"boss_relics":[{"not_picked":["Lizard Tail","Eternal Feather"],"picked":"Tiny House"}],"items_purged_floors":[],"is_endless":false,"potions_floor_spawned":[6,10,16,20,21,25,28],"killed_by":"Gremlin Leader","ascension_level":1}