{"gold_per_floor":[116,116,129,143,143,143,159,159,159,179,198,211,242,259,259,259],"floor_reached":16,"playtime":790,"items_purged":[],"score":111,"play_id":"07007dea-14ac-470e-9949-797ff15f0a94","local_time":"20190522201535","is_ascension_mode":true,"campfire_choices":[{"floor":6,"key":"RECALL"},{"data":"Accuracy","floor":8,"key":"SMITH"},{"floor":15,"key":"REST"}],"neow_cost":"NONE","seed_source_timestamp":694525036393593,"circlet_count":0,"master_deck":["Defend_G","Defend_G","Defend_G","Defend_G","Defend_G","Strike_G","Strike_G","Strike_G","Strike_G","Strike_G","Survivor","Neutralize","Accuracy+1","Cloak And Dagger","Dagger Throw","Flying Knee","Heel Hook","Quick Slash","Infinite Blades","PiercingWail+1"],"relics":["Ring of the Snake","NeowsBlessing","Blue Candle","Ninja Scroll","Toxic Egg 2"],"potions_floor_usage":[10,13,13],"damage_taken":[{"damage":0,"enemies":"Jaw Worm","floor":1,"turns":1},{"damage":0,"enemies":"Cultist","floor":3,"turns":1},{"damage":0,"enemies":"Small Slimes","floor":4,"turns":1},{"damage":13,"enemies":"3 Louse","floor":7,"turns":4},{"damage":0,"enemies":"Exordium Thugs","floor":10,"turns":4},{"damage":0,"enemies":"Red Slaver","floor":11,"turns":2},{"damage":3,"enemies":"2 Fungi Beasts","floor":12,"turns":3},{"damage":29,"enemies":"3 Sentries","floor":13,"turns":9},{"damage":0,"enemies":"Blue Slaver","floor":14,"turns":3},{"damage":48,"enemies":"Hexaghost","floor":16,"turns":9}],"seed_played":"1147642227759327746","potions_obtained":[{"floor":4,"key":"Energy Potion"},{"floor":11,"key":"GamblersBrew"},{"floor":12,"key":"Ancient Potion"}],"is_trial":false,"path_per_floor":["M","?","M","M","?","R","M","R","T","M","M","M","E","M","R","B"],"character_chosen":"THE_SILENT","items_purchased":[],"campfire_rested":1,"item_purchase_floors":[],"current_hp_per_floor":[70,67,67,67,70,70,57,57,57,57,57,54,25,25,46,0],"gold":259,"neow_bonus":"THREE_ENEMY_KILL","is_prod":false,"is_daily":false,"chose_seed":false,"campfire_upgraded":1,"win_rate":0,"timestamp":1558570535,"path_taken":["M","?","M","M","?","R","M","R","T","?","M","M","E","M","R","BOSS"],"build_version":"2019-01-23","purchased_purges":0,"victory":false,"max_hp_per_floor":[70,70,70,70,70,70,70,70,70,70,70,70,70,70,70,70],"card_choices":[{"not_picked":["Prepared","Dagger Throw"],"picked":"Accuracy","floor":1},{"not_picked":["Bane","Blur"],"picked":"Cloak And Dagger","floor":3},{"not_picked":["Bane","Dagger Throw"],"picked":"Dagger Spray","floor":4},{"not_picked":["Choke","A Thousand Cuts"],"picked":"Dagger Throw","floor":7},{"not_picked":["Underhanded Strike","Sucker Punch"],"picked":"Flying Knee","floor":10},{"not_picked":["Poisoned Stab","Acrobatics"],"picked":"Heel Hook","floor":11},{"not_picked":["Poisoned Stab","Calculated Gamble"],"picked":"Quick Slash","floor":12},{"not_picked":["Die Die Die","Quick Slash"],"picked":"Infinite Blades","floor":13},{"not_picked":["Dagger Throw","Quick Slash"],"picked":"PiercingWail+1","floor":14}],"player_experience":360958,"relics_obtained":[{"floor":9,"key":"Ninja Scroll"},{"floor":13,"key":"Toxic Egg 2"}],"event_choices":[{"damage_healed":0,"gold_gain":0,"player_choice":"Success","damage_taken":3,"relics_obtained":["Blue Candle"],"max_hp_gain":0,"max_hp_loss":0,"event_name":"Scrap Ooze","floor":2,"gold_loss":0},{"cards_removed":["Dagger Spray"],"damage_healed":5,"gold_gain":0,"player_choice":"Offered Common","damage_taken":0,"max_hp_gain":0,"max_hp_loss":0,"event_name":"Bonfire Elementals","floor":5,"gold_loss":0},{"cards_removed":["Dagger Spray"],"damage_healed":5,"gold_gain":0,"player_choice":"Offered Special","damage_taken":0,"max_hp_gain":0,"max_hp_loss":0,"event_name":"Bonfire Elementals","floor":5,"gold_loss":0}],"is_beta":false,"boss_relics":[],"items_purged_floors":[],"is_endless":false,"potions_floor_spawned":[4,11,12],"killed_by":"Hexaghost","ascension_level":1}