{"gold_per_floor":[117,47,47,0,16,46,46,46,72,19,19,33,33,49,49,150,150,161,74,74,86,86,86,121,121,121,121,137,172,97,113,113,216,216,233,0,0,0,0,0,13,26,26,44,44,61,161,172,172,172],"floor_reached":51,"playtime":4246,"items_purged":[],"score":633,"play_id":"4013a82c-3d03-4582-8638-30130c25cca6","local_time":"20190206185659","is_ascension_mode":false,"campfire_choices":[{"data":"Turbo","floor":7.0,"key":"SMITH"},{"data":"Streamline","floor":11.0,"key":"SMITH"},{"data":"Cold Snap","floor":15.0,"key":"SMITH"},{"data":"Double Energy","floor":23.0,"key":"SMITH"},{"data":"Genetic Algorithm","floor":25.0,"key":"SMITH"},{"data":"Electrodynamics","floor":27.0,"key":"SMITH"},{"data":"Dark Shackles","floor":32.0,"key":"SMITH"},{"data":"The Bomb","floor":40.0,"key":"SMITH"},{"data":"Static Discharge","floor":45.0,"key":"SMITH"},{"data":"Doom and Gloom","floor":49,"key":"SMITH"}],"neow_cost":"NONE","seed_source_timestamp":0,"circlet_count":0,"master_deck":["Zap","Dualcast","Auto Shields","Doom and Gloom+1","Conserve Battery","Turbo+1","BootSequence","Streamline+1","Cold Snap+1","Stack","Electrodynamics+1","Consume","Multi-Cast","Genetic Algorithm+1","Sweeping Beam","Rainbow","Double Energy+1","Loop","Beam Cell+1","Dark Shackles+1","Steam+1","Reinforced Body","Sunder+1","BootSequence+1","Buffer","Ball Lightning","Electrodynamics+1","Master of Strategy","Panacea","The Bomb+1","Ball Lightning+1","Static Discharge+1"],"special_seed":0,"relics":["Runic Pyramid","Art of War","Pen Nib","Juzu Bracelet","Pandora\u0027s Box","MutagenicStrength","Bird Faced Urn","Ancient Tea Set","Bottled Flame","Eternal Feather","Red Mask","Mercury Hourglass","Ginger"],"potions_floor_usage":[48,48,50,50],"damage_taken":[{"damage":8.0,"enemies":"2 Louse","floor":1.0,"turns":3.0},{"damage":0.0,"enemies":"Cultist","floor":5.0,"turns":2.0},{"damage":15.0,"enemies":"Gremlin Nob","floor":6.0,"turns":4.0},{"damage":0.0,"enemies":"Small Slimes","floor":12.0,"turns":4.0},{"damage":0.0,"enemies":"Exordium Thugs","floor":14.0,"turns":3.0},{"damage":11.0,"enemies":"The Guardian","floor":16.0,"turns":10.0},{"damage":1.0,"enemies":"Shell Parasite","floor":18.0,"turns":4.0},{"damage":1.0,"enemies":"Spheric Guardian","floor":21.0,"turns":4.0},{"damage":33.0,"enemies":"Slavers","floor":24.0,"turns":3.0},{"damage":0.0,"enemies":"3 Cultists","floor":28.0,"turns":3.0},{"damage":12.0,"enemies":"Gremlin Leader","floor":29.0,"turns":7.0},{"damage":10.0,"enemies":"Centurion and Healer","floor":31.0,"turns":5.0},{"damage":23.0,"enemies":"Automaton","floor":33.0,"turns":8.0},{"damage":20.0,"enemies":"3 Darklings","floor":35.0,"turns":6.0},{"damage":5.0,"enemies":"3 Shapes","floor":41.0,"turns":3.0},{"damage":0.0,"enemies":"Writhing Mass","floor":42.0,"turns":5.0},{"damage":22.0,"enemies":"Spire Growth","floor":44.0,"turns":4.0},{"damage":4.0,"enemies":"Maw","floor":46.0,"turns":6.0},{"damage":0,"enemies":"Mind Bloom Boss Battle","floor":47,"turns":5},{"damage":30,"enemies":"Transient","floor":48,"turns":5},{"damage":57,"enemies":"Donu and Deca","floor":50,"turns":7}],"seed_played":"5635982966854710777","potions_obtained":[{"floor":1.0,"key":"Ancient Potion"},{"floor":5.0,"key":"FearPotion"},{"floor":12.0,"key":"Weak Potion"},{"floor":18.0,"key":"LiquidBronze"},{"floor":28.0,"key":"SpeedPotion"},{"floor":33.0,"key":"Explosive Potion"},{"floor":35.0,"key":"FearPotion"},{"floor":42.0,"key":"EssenceOfSteel"},{"floor":48,"key":"Ancient Potion"}],"is_trial":false,"path_per_floor":["M","$","?","$","M","E","R","?","T","$","R","M","?","M","R","B",null,"M","$","?","M","?","R","E","R","T","R","M","E","?","M","R","B",null,"M","?","?","?","?","R","M","M","T","M","R","M","?","M","R","B",null],"character_chosen":"DEFECT","items_purchased":["Doom and Gloom","Turbo","Streamline","Dark Shackles"],"campfire_rested":0,"item_purchase_floors":[2,4,10,19],"current_hp_per_floor":[67,67,67,67,67,52,52,40,40,40,40,40,45,45,45,34,80,79,79,79,78,78,78,45,45,45,45,49,41,41,35,35,16,80,64,64,64,64,54,72,71,79,79,61,79,80,80,50,68,19],"gold":172,"neow_bonus":"BOSS_RELIC","is_prod":false,"is_daily":false,"chose_seed":false,"campfire_upgraded":10,"win_rate":0.0,"timestamp":1549497419,"path_taken":["M","$","?","?","M","E","R","?","T","$","R","M","?","M","R","BOSS","M","$","?","M","?","R","E","R","T","R","M","E","?","M","R","BOSS","M","?","?","?","?","R","M","M","T","M","R","M","?","M","R","BOSS"],"build_version":"2019-01-23","purchased_purges":0,"victory":true,"max_hp_per_floor":[75,75,75,75,75,75,75,75,75,75,75,75,80,80,80,80,80,80,80,80,80,80,80,80,80,80,80,80,80,80,80,80,80,80,80,80,80,80,80,80,80,80,80,80,80,80,80,80,80,80],"card_choices":[{"not_picked":["Aggregate","Streamline"],"picked":"Auto Shields","floor":1.0},{"not_picked":["Blizzard","Compile Driver"],"picked":"BootSequence","floor":5.0},{"not_picked":["Auto Shields","Conserve Battery"],"picked":"Chaos","floor":6.0},{"not_picked":["Compile Driver","Hologram"],"picked":"Cold Snap","floor":12.0},{"not_picked":["Force Field","Chaos"],"picked":"Stack","floor":14.0},{"not_picked":["Thunder Strike","Biased Cognition"],"picked":"Electrodynamics","floor":16.0},{"not_picked":["Coolheaded","Rebound"],"picked":"Beam Cell+1","floor":18.0},{"not_picked":["Chill","Compile Driver","Turbo"],"picked":"SKIP","floor":21.0},{"not_picked":["Stack","Coolheaded"],"picked":"Steam+1","floor":24.0},{"not_picked":["Rebound","Go for the Eyes"],"picked":"Reinforced Body","floor":28.0},{"not_picked":["Ball Lightning","Machine Learning"],"picked":"Sunder+1","floor":29.0},{"not_picked":["Gash","Steam"],"picked":"BootSequence+1","floor":31.0},{"not_picked":["Hyperbeam","Amplify"],"picked":"Buffer","floor":33.0},{"not_picked":["Sweeping Beam+1","Streamline+1"],"picked":"Ball Lightning","floor":35.0},{"not_picked":["Enlightenment","PanicButton"],"picked":"Master of Strategy","floor":39.0},{"not_picked":["Magnetism","Apotheosis"],"picked":"Panacea","floor":39.0},{"not_picked":["Metamorphosis","Dramatic Entrance"],"picked":"The Bomb","floor":39.0},{"not_picked":["Scrape","Glacier","Darkness+1"],"picked":"SKIP","floor":41.0},{"not_picked":["Fusion","Conserve Battery+1"],"picked":"Ball Lightning+1","floor":42.0},{"not_picked":["Barrage","Tempest"],"picked":"Static Discharge","floor":44.0},{"not_picked":["Scrape","Compile Driver","Sweeping Beam+1"],"picked":"SKIP","floor":46},{"not_picked":["Cold Snap+1","Sweeping Beam+1","Hologram+1"],"picked":"SKIP","floor":48}],"player_experience":179633,"relics_obtained":[{"floor":6.0,"key":"Art of War"},{"floor":9.0,"key":"Juzu Bracelet"},{"floor":24.0,"key":"Bird Faced Urn"},{"floor":26.0,"key":"Ancient Tea Set"},{"floor":29.0,"key":"Bottled Flame"},{"floor":43.0,"key":"Mercury Hourglass"},{"floor":47,"key":"Ginger"}],"event_choices":[{"damage_healed":0.0,"max_hp_gain":0.0,"max_hp_loss":0.0,"gold_gain":0.0,"event_name":"Match and Keep!","player_choice":"2 cards matched","floor":3.0,"gold_loss":0.0,"damage_taken":0.0,"cards_obtained":["Recycle","Conserve Battery"]},{"damage_healed":0.0,"max_hp_gain":0.0,"max_hp_loss":0.0,"gold_gain":0.0,"event_name":"Scrap Ooze","player_choice":"Success","floor":8.0,"gold_loss":0.0,"damage_taken":12.0,"relics_obtained":["Pen Nib"]},{"damage_healed":0.0,"max_hp_gain":5.0,"max_hp_loss":0.0,"gold_gain":0.0,"event_name":"Big Fish","player_choice":"Donut","floor":13.0,"gold_loss":0.0,"damage_taken":0.0},{"damage_healed":0.0,"max_hp_gain":0.0,"max_hp_loss":0.0,"gold_gain":0.0,"event_name":"Drug Dealer","player_choice":"Inject Mutagens","floor":20.0,"gold_loss":0.0,"damage_taken":0.0,"relics_obtained":["MutagenicStrength"]},{"cards_removed":["Recycle"],"damage_healed":0.0,"max_hp_gain":0.0,"max_hp_loss":0.0,"gold_gain":0.0,"event_name":"Back to Basics","player_choice":"Elegance","floor":22.0,"gold_loss":0.0,"damage_taken":0.0},{"cards_removed":["Chaos"],"damage_healed":0.0,"max_hp_gain":0.0,"max_hp_loss":0.0,"gold_gain":0.0,"event_name":"Beggar","player_choice":"Gave Gold","floor":30.0,"gold_loss":75.0,"damage_taken":0.0},{"damage_healed":0.0,"max_hp_gain":0.0,"max_hp_loss":0.0,"gold_gain":0.0,"event_name":"Tomb of Lord Red Mask","player_choice":"Paid","floor":36.0,"gold_loss":233.0,"damage_taken":0.0,"relics_obtained":["Red Mask"]},{"cards_removed":["Rainbow"],"damage_healed":0.0,"max_hp_gain":0.0,"max_hp_loss":0.0,"gold_gain":0.0,"event_name":"Purifier","player_choice":"Purged","floor":37.0,"gold_loss":0.0,"damage_taken":0.0},{"damage_healed":0.0,"max_hp_gain":0.0,"max_hp_loss":0.0,"gold_gain":0.0,"event_name":"Duplicator","player_choice":"Copied","floor":38.0,"gold_loss":0.0,"damage_taken":0.0,"cards_obtained":["Electrodynamics"]},{"damage_healed":0.0,"max_hp_gain":0.0,"max_hp_loss":0.0,"gold_gain":0.0,"event_name":"SensoryStone","player_choice":"Memory 3","floor":39.0,"gold_loss":0.0,"damage_taken":10.0},{"damage_healed":0,"gold_gain":0,"player_choice":"Fight","damage_taken":0,"max_hp_gain":0,"max_hp_loss":0,"event_name":"MindBloom","floor":47,"gold_loss":0}],"is_beta":false,"boss_relics":[{"not_picked":["Astrolabe","Calling Bell"],"picked":"Pandora\u0027s Box"},{"not_picked":["Black Star","Fusion Hammer"],"picked":"Eternal Feather"}],"items_purged_floors":[],"is_endless":false,"potions_floor_spawned":[1,5,12,18,28,33,35,42,48],"ascension_level":0}