{"gold_per_floor":[112,127,137,137,155,155,105,280,280,280,292,310,368,384,384,384],"floor_reached":16,"playtime":976,"items_purged":[],"score":94,"play_id":"630229b8-cfcf-4d35-a163-056f7aea30eb","local_time":"20181110150346","is_ascension_mode":false,"campfire_choices":[{"data":"Glacier","floor":6,"key":"SMITH"},{"data":"Defend_B","floor":10,"key":"SMITH"},{"data":"Loop","floor":15,"key":"SMITH"}],"neow_cost":"NONE","seed_source_timestamp":252530520508617,"circlet_count":0,"master_deck":["Strike_B","Strike_B","Defend_B","Defend_B","Defend_B","Defend_B+1","Zap","Dualcast","Glacier+1","Coolheaded","Doubt","Conserve Battery","Core Surge","Loop+1"],"relics":["Cracked Core","Bag of Marbles","Question Card","Kunai"],"potions_floor_usage":[13,16],"damage_taken":[{"damage":0,"enemies":"Cultist","floor":1,"turns":3},{"damage":0,"enemies":"2 Louse","floor":2,"turns":2},{"damage":4,"enemies":"Small Slimes","floor":3,"turns":4},{"damage":8,"enemies":"Looter","floor":5,"turns":4},{"damage":0,"enemies":"Large Slime","floor":11,"turns":10},{"damage":3,"enemies":"Blue Slaver","floor":12,"turns":5},{"damage":32,"enemies":"Gremlin Nob","floor":13,"turns":6},{"damage":0,"enemies":"Red Slaver","floor":14,"turns":4},{"damage":31,"enemies":"Slime Boss","floor":16,"turns":16}],"seed_played":"5616013269197803791","potions_obtained":[{"floor":1,"key":"Poison Potion"},{"floor":3,"key":"FocusPotion"},{"floor":13,"key":"Block Potion"},{"floor":14,"key":"SpeedPotion"}],"is_trial":false,"path_per_floor":["M","M","M","?","M","R","?","?","T","R","M","M","?","M","R","B"],"character_chosen":"DEFECT","items_purchased":[],"campfire_rested":0,"item_purchase_floors":[],"current_hp_per_floor":[75,75,71,71,63,63,63,63,63,63,63,60,28,28,28,0],"gold":384,"neow_bonus":"RANDOM_COMMON_RELIC","is_prod":false,"is_daily":false,"chose_seed":false,"campfire_upgraded":3,"win_rate":0,"timestamp":1541880226,"path_taken":["M","?","M","?","M","R","?","?","T","R","M","M","?","M","R","BOSS"],"build_version":"2018-11-08","purchased_purges":0,"victory":false,"max_hp_per_floor":[75,75,75,75,75,75,75,75,75,75,75,75,75,75,75,75],"card_choices":[{"not_picked":["Defragment","BootSequence"],"picked":"Glacier","floor":1},{"not_picked":["Fusion","Rebound","Doom and Gloom"],"picked":"SKIP","floor":2},{"not_picked":["Cold Snap","Tempest"],"picked":"Coolheaded","floor":3},{"not_picked":["Barrage","Ball Lightning","Force Field"],"picked":"SKIP","floor":5},{"not_picked":["Barrage","Recycle","Steam"],"picked":"Conserve Battery","floor":11},{"not_picked":["Beam Cell","Redo","Conserve Battery"],"picked":"Core Surge","floor":12},{"not_picked":["Reinforced Body","Heatsinks","Capacitor"],"picked":"Loop","floor":13},{"not_picked":["FTL","Redo","Tempest","Steam"],"picked":"SKIP","floor":14}],"player_experience":326448,"relics_obtained":[{"floor":9,"key":"Question Card"},{"floor":13,"key":"Kunai"}],"event_choices":[{"cards_removed":["Strike_B"],"damage_healed":0,"gold_gain":0,"player_choice":"Forget","damage_taken":0,"max_hp_gain":0,"max_hp_loss":0,"event_name":"Living Wall","floor":4,"gold_loss":0},{"cards_removed":["Strike_B"],"damage_healed":0,"gold_gain":0,"player_choice":"Card Removal","damage_taken":0,"max_hp_gain":0,"max_hp_loss":0,"event_name":"The Cleric","floor":7,"gold_loss":50},{"damage_healed":0,"gold_gain":175,"player_choice":"AGREE","damage_taken":0,"max_hp_gain":0,"max_hp_loss":0,"event_name":"Liars Game","floor":8,"gold_loss":0,"cards_obtained":["Doubt"]},{"damage_healed":0,"gold_gain":0,"player_choice":"Searched \u00271\u0027 times","damage_taken":0,"max_hp_gain":0,"max_hp_loss":0,"event_name":"Dead Adventurer","floor":13,"gold_loss":0}],"is_beta":true,"boss_relics":[],"items_purged_floors":[],"is_endless":false,"potions_floor_spawned":[1,3,13,14],"killed_by":"Slime Boss","ascension_level":0}