{"gold_per_floor":[110,110,110,125,146,146,185,185,209,222,237,256,531,555,555,675,675,691,710,735,735],"floor_reached":21,"playtime":1298,"items_purged":[],"score":213,"play_id":"936d80d5-8e63-41f5-85bf-dc9dd2597e1d","local_time":"20181115130028","is_ascension_mode":true,"campfire_choices":[{"data":"Disarm","floor":6,"key":"SMITH"},{"data":"Entrench","floor":15,"key":"SMITH"}],"neow_cost":"NONE","seed_source_timestamp":53425292113292,"circlet_count":0,"master_deck":["Strike_R","Strike_R","Strike_R","Defend_R","Defend_R","Defend_R","Defend_R","Bash","Disarm+1","Thunderclap","Offering","Uppercut","Juggernaut","Entrench+1","Impervious","Feed"],"relics":["Burning Blood","Golden Idol","Boot","Strawberry","Empty Cage"],"potions_floor_usage":[4,7,7,7,7,16,16,16,18,21],"damage_taken":[{"damage":3,"enemies":"Small Slimes","floor":1,"turns":4},{"damage":0,"enemies":"Jaw Worm","floor":4,"turns":4},{"damage":1,"enemies":"Cultist","floor":5,"turns":3},{"damage":13,"enemies":"3 Sentries","floor":7,"turns":5},{"damage":0,"enemies":"Large Slime","floor":10,"turns":4},{"damage":6,"enemies":"Blue Slaver","floor":11,"turns":5},{"damage":9,"enemies":"Gremlin Gang","floor":12,"turns":5},{"damage":19,"enemies":"Exordium Wildlife","floor":14,"turns":5},{"damage":33,"enemies":"Hexaghost","floor":16,"turns":12},{"damage":14,"enemies":"3 Byrds","floor":18,"turns":5},{"damage":51,"enemies":"2 Thieves","floor":19,"turns":5},{"damage":27,"enemies":"Snecko","floor":20,"turns":5},{"damage":16,"enemies":"Shelled Parasite and Fungi","floor":21,"turns":3}],"seed_played":"-6523368978638796210","potions_obtained":[{"floor":0,"key":"SpeedPotion"},{"floor":0,"key":"EntropicBrew"},{"floor":0,"key":"SteroidPotion"},{"floor":3,"key":"Block Potion"},{"floor":3,"key":"LiquidBronze"},{"floor":4,"key":"Explosive Potion"},{"floor":14,"key":"SteroidPotion"},{"floor":16,"key":"AttackPotion"},{"floor":20,"key":"Strength Potion"}],"is_trial":false,"path_per_floor":["M","?","?","M","M","R","E","?","T","M","M","M","?","M","R","B",null,"M","M","M","M"],"character_chosen":"IRONCLAD","items_purchased":[],"campfire_rested":0,"item_purchase_floors":[],"current_hp_per_floor":[80,60,60,66,71,71,64,64,71,77,77,74,74,61,61,34,87,79,34,13,0],"gold":735,"neow_bonus":"THREE_SMALL_POTIONS","is_prod":false,"is_daily":false,"chose_seed":false,"campfire_upgraded":2,"win_rate":0,"timestamp":1542304828,"path_taken":["M","?","?","?","M","R","E","?","T","M","M","M","?","M","R","BOSS","M","?","M","M"],"build_version":"2018-11-14","purchased_purges":0,"victory":false,"max_hp_per_floor":[80,80,80,80,80,80,80,80,87,87,87,87,87,87,87,87,87,87,87,87,90],"card_choices":[{"not_picked":["Flex","Battle Trance"],"picked":"Disarm","floor":1},{"not_picked":["Sword Boomerang","Pommel Strike"],"picked":"Thunderclap","floor":4},{"not_picked":["Flex","Shrug It Off"],"picked":"Offering","floor":5},{"not_picked":["Blood for Blood","Seeing Red"],"picked":"Uppercut","floor":7},{"not_picked":["Hemokinesis","Clash","Perfected Strike"],"picked":"SKIP","floor":10},{"not_picked":["Pommel Strike","Heavy Blade","Thunderclap"],"picked":"SKIP","floor":11},{"not_picked":["Headbutt","Heavy Blade"],"picked":"Juggernaut","floor":12},{"not_picked":["Shockwave","Armaments"],"picked":"Entrench","floor":14},{"not_picked":["Reaper","Berserk"],"picked":"Impervious","floor":16},{"not_picked":["Cleave+1","Headbutt","Perfected Strike"],"picked":"SKIP","floor":18},{"not_picked":["Warcry+1","Havoc","Twin Strike+1"],"picked":"SKIP","floor":19},{"not_picked":["Perfected Strike","Infernal Blade+1"],"picked":"Feed","floor":20}],"player_experience":454567,"relics_obtained":[{"floor":7,"key":"Boot"},{"floor":9,"key":"Strawberry"}],"event_choices":[{"damage_healed":0,"gold_gain":0,"player_choice":"Take Damage","damage_taken":20,"relics_obtained":["Golden Idol"],"max_hp_gain":0,"max_hp_loss":0,"event_name":"Golden Idol","floor":2,"gold_loss":0},{"damage_healed":0,"gold_gain":0,"player_choice":"Got Potions","damage_taken":0,"max_hp_gain":0,"max_hp_loss":0,"event_name":"Lab","floor":3,"gold_loss":0},{"cards_removed":["Strike_R"],"damage_healed":0,"gold_gain":0,"player_choice":"Forget","damage_taken":0,"max_hp_gain":0,"max_hp_loss":0,"event_name":"Living Wall","floor":8,"gold_loss":0},{"damage_healed":0,"gold_gain":275,"player_choice":"Desecrate","damage_taken":0,"max_hp_gain":0,"max_hp_loss":0,"event_name":"Golden Shrine","floor":13,"gold_loss":0,"cards_obtained":["Regret"]}],"is_beta":true,"boss_relics":[{"not_picked":["Astrolabe","Cursed Key"],"picked":"Empty Cage"}],"items_purged_floors":[],"is_endless":false,"potions_floor_spawned":[4,5,14,16,20],"killed_by":"Shelled Parasite and Fungi","ascension_level":3}