{"gold_per_floor":[111,131,145,164,181,181,197,197,197,197,197,213,246,421,421,517,517,534,545,556,220,220,220,220,233,233,245,276,276,307,317,317,420,420,439,439,48,48,48,48,68,68,68,82,82,82,100,119,119,119],"floor_reached":51,"playtime":3162,"items_purged":["Strike_R","Strike_R"],"score":762,"play_id":"c9815242-025d-4b14-b997-d14a59b4d1b6","local_time":"20190719010908","is_ascension_mode":true,"campfire_choices":[{"data":"Bash","floor":6.0,"key":"SMITH"},{"data":"Iron Wave","floor":8.0,"key":"SMITH"},{"data":"Metallicize","floor":11.0,"key":"SMITH"},{"data":"Spot Weakness","floor":15.0,"key":"SMITH"},{"data":"Trip","floor":23.0,"key":"SMITH"},{"data":"Immolate","floor":29.0,"key":"SMITH"},{"data":"Iron Wave","floor":32.0,"key":"SMITH"},{"data":"Iron Wave","floor":40,"key":"SMITH"},{"data":"Shrug It Off","floor":42,"key":"SMITH"},{"data":"Defend_R","floor":46,"key":"SMITH"},{"floor":49,"key":"REST"}],"neow_cost":"NONE","seed_source_timestamp":0,"circlet_count":0,"master_deck":["Defend_R+1","Defend_R","Defend_R","Defend_R","Bash+1","Iron Wave+1","Spot Weakness+1","Metallicize+1","Shrug It Off+1","Headbutt","Iron Wave+1","Iron Wave+1","Doubt","Immolate+1","Metallicize+1","Trip+1","Metallicize+1","Limit Break+1","Offering+1","Wild Strike+1","Berserk+1","Pain","Warcry+1","Body Slam+1","Parasite"],"special_seed":0,"relics":["Burning Blood","Potion Belt","Meat on the Bone","Blue Candle","Smiling Mask","Velvet Choker","DollysMirror","Ancient Tea Set","Toxic Egg 2","Red Mask","Astrolabe","WarpedTongs","Du-Vu Doll","Shuriken"],"potions_floor_usage":[50],"damage_taken":[{"damage":1.0,"enemies":"Cultist","floor":1.0,"turns":3.0},{"damage":5.0,"enemies":"2 Louse","floor":2.0,"turns":3.0},{"damage":7.0,"enemies":"Small Slimes","floor":3.0,"turns":3.0},{"damage":19.0,"enemies":"3 Louse","floor":4.0,"turns":5.0},{"damage":4.0,"enemies":"Gremlin Gang","floor":5.0,"turns":7.0},{"damage":16.0,"enemies":"Exordium Thugs","floor":7.0,"turns":5.0},{"damage":0.0,"enemies":"Large Slime","floor":12.0,"turns":5.0},{"damage":13.0,"enemies":"3 Sentries","floor":13.0,"turns":8.0},{"damage":51.0,"enemies":"Slime Boss","floor":16.0,"turns":14.0},{"damage":4.0,"enemies":"3 Byrds","floor":18.0,"turns":5.0},{"damage":8.0,"enemies":"Spheric Guardian","floor":19.0,"turns":5.0},{"damage":4.0,"enemies":"3 Cultists","floor":20.0,"turns":5.0},{"damage":0.0,"enemies":"Slavers","floor":24.0,"turns":1.0},{"damage":17.0,"enemies":"Snake Plant","floor":25.0,"turns":3.0},{"damage":4.0,"enemies":"Snecko","floor":27.0,"turns":8.0},{"damage":25.0,"enemies":"Book of Stabbing","floor":28.0,"turns":4.0},{"damage":3.0,"enemies":"Masked Bandits","floor":30.0,"turns":3.0},{"damage":0.0,"enemies":"3 Cultists","floor":31.0,"turns":2.0},{"damage":57.0,"enemies":"Automaton","floor":33.0,"turns":12.0},{"damage":14.0,"enemies":"Orb Walker","floor":35.0,"turns":4.0},{"damage":0,"enemies":"3 Shapes","floor":41,"turns":1},{"damage":24,"enemies":"Maw","floor":44,"turns":7},{"damage":12,"enemies":"4 Shapes","floor":47,"turns":2},{"damage":2,"enemies":"Writhing Mass","floor":48,"turns":5},{"damage":57,"enemies":"Time Eater","floor":50,"turns":10}],"seed_played":"4333905683870240225","potions_obtained":[{"floor":2.0,"key":"AttackPotion"},{"floor":3.0,"key":"SmokeBomb"},{"floor":4.0,"key":"Fire Potion"},{"floor":12.0,"key":"EssenceOfSteel"},{"floor":20.0,"key":"Strength Potion"},{"floor":25.0,"key":"SteroidPotion"},{"floor":28.0,"key":"Regen Potion"},{"floor":30.0,"key":"Ancient Potion"},{"floor":41,"key":"Fire Potion"}],"is_trial":false,"path_per_floor":["M","M","M","M","M","R","M","R","T","?","R","M","E","?","R","B",null,"M","M","M","$","?","R","E","M","T","M","E","R","?","M","R","B",null,"M","?","$","$","T","R","M","R","T","M","?","R","M","M","R","B",null],"character_chosen":"IRONCLAD","items_purchased":["Trip","DollysMirror","Du-Vu Doll","PowerPotion"],"campfire_rested":1,"item_purchase_floors":[21,21,37,37],"current_hp_per_floor":[80,80,79,66,68,68,58,58,58,55,55,61,54,54,54,21,80,80,78,80,80,80,80,80,69,69,71,52,52,64,70,70,31,80,72,72,72,72,72,72,78,78,78,60,60,60,54,58,80,41],"gold":119,"neow_bonus":"RANDOM_COMMON_RELIC","is_prod":false,"is_daily":false,"chose_seed":false,"campfire_upgraded":10,"win_rate":0,"timestamp":1563512948,"path_taken":["M","M","?","M","M","R","M","R","T","?","R","M","E","?","R","BOSS","M","M","M","$","?","R","E","?","T","M","E","R","?","M","R","BOSS","M","?","?","$","?","R","M","R","T","?","?","R","M","M","R","BOSS"],"build_version":"2019-07-17","purchased_purges":2,"victory":true,"max_hp_per_floor":[80,80,80,80,80,80,80,80,80,80,80,80,80,80,80,80,80,80,80,80,80,80,80,80,80,80,80,80,80,80,80,80,80,80,80,80,80,80,80,80,80,80,80,80,80,80,80,80,80,80],"card_choices":[{"not_picked":["True Grit","Clothesline"],"picked":"Iron Wave","floor":1.0},{"not_picked":["Cleave","Metallicize"],"picked":"Spot Weakness","floor":2.0},{"not_picked":["Bloodletting","Clash","Perfected Strike"],"picked":"SKIP","floor":3.0},{"not_picked":["Havoc","True Grit"],"picked":"Metallicize","floor":4.0},{"not_picked":["Feed","Intimidate"],"picked":"Shrug It Off","floor":5.0},{"not_picked":["Sever Soul","Iron Wave"],"picked":"Headbutt","floor":7.0},{"not_picked":["Clash","Havoc"],"picked":"Iron Wave","floor":12.0},{"not_picked":["Inflame","Twin Strike"],"picked":"Iron Wave","floor":13.0},{"not_picked":["Fiend Fire","Bludgeon"],"picked":"Immolate","floor":16.0},{"not_picked":["Body Slam","Clothesline+1"],"picked":"Metallicize+1","floor":18.0},{"not_picked":["Sever Soul","Flex","Body Slam"],"picked":"SKIP","floor":19.0},{"not_picked":["Fire Breathing","Feel No Pain","Power Through"],"picked":"SKIP","floor":20.0},{"not_picked":["True Grit","Clash","Sentinel"],"picked":"SKIP","floor":25.0},{"not_picked":["Thunderclap","Armaments","Havoc"],"picked":"SKIP","floor":27.0},{"not_picked":["Heavy Blade","Anger"],"picked":"Limit Break","floor":28.0},{"not_picked":["Fire Breathing","Ghostly Armor+1","Anger+1"],"picked":"SKIP","floor":31.0},{"not_picked":["Impervious+1","Limit Break+1"],"picked":"Offering+1","floor":33.0},{"not_picked":["Anger+1","Searing Blow","Headbutt+1"],"picked":"SKIP","floor":35.0},{"not_picked":["Body Slam","Perfected Strike","Clash"],"picked":"SKIP","floor":41},{"not_picked":["Havoc+1","Clash+1"],"picked":"Warcry+1","floor":44},{"not_picked":["Limit Break+1","Intimidate+1"],"picked":"Body Slam+1","floor":47},{"not_picked":["Reckless Charge","Spot Weakness+1","Flex+1"],"picked":"SKIP","floor":48}],"player_experience":749785,"relics_obtained":[{"floor":9.0,"key":"Meat on the Bone"},{"floor":13.0,"key":"Smiling Mask"},{"floor":26.0,"key":"Ancient Tea Set"},{"floor":28.0,"key":"Toxic Egg 2"},{"floor":30.0,"key":"Red Mask"},{"floor":39,"key":"Shuriken"}],"event_choices":[{"damage_healed":0.0,"max_hp_gain":0.0,"max_hp_loss":0.0,"gold_gain":0.0,"event_name":"Scrap Ooze","player_choice":"Success","floor":10.0,"gold_loss":0.0,"damage_taken":3.0,"relics_obtained":["Blue Candle"]},{"damage_healed":0.0,"max_hp_gain":0.0,"max_hp_loss":0.0,"gold_gain":175.0,"event_name":"Liars Game","player_choice":"AGREE","floor":14.0,"gold_loss":0.0,"damage_taken":0.0,"cards_obtained":["Doubt"]},{"damage_healed":0.0,"max_hp_gain":0.0,"max_hp_loss":0.0,"gold_gain":0.0,"event_name":"N\u0027loth","player_choice":"Ignored","floor":22.0,"gold_loss":0.0,"damage_taken":0.0},{"damage_healed":0.0,"max_hp_gain":0.0,"max_hp_loss":0.0,"gold_gain":0.0,"event_name":"Masked Bandits","player_choice":"Fought Bandits","floor":30.0,"gold_loss":0.0,"damage_taken":0.0},{"damage_healed":0.0,"max_hp_gain":0.0,"max_hp_loss":0.0,"gold_gain":0.0,"event_name":"Accursed Blacksmith","player_choice":"Rummage","floor":36.0,"gold_loss":0.0,"damage_taken":0.0,"relics_obtained":["WarpedTongs"],"cards_obtained":["Pain"]},{"cards_removed":["Pommel Strike"],"damage_healed":0,"gold_gain":0,"player_choice":"Removed Attack","damage_taken":0,"max_hp_gain":0,"max_hp_loss":0,"event_name":"Falling","floor":45,"gold_loss":0}],"is_beta":false,"boss_relics":[{"not_picked":["Black Star","Philosopher\u0027s Stone"],"picked":"Velvet Choker"},{"not_picked":["Runic Cube","Runic Dome"],"picked":"Astrolabe"}],"items_purged_floors":[21,37],"is_endless":false,"potions_floor_spawned":[2,3,4,12,20,25,28,30,41],"ascension_level":3}