{"gold_per_floor":[109,109,162,162,173,173,173,184,207,207,207,207,207,225,225,326,326,336,86,86,86,86,86,1,1,1,1,16,16,16,34,34,130,130,147,147,166,181,201,201,201,201,227,227,239,239],"floor_reached":46,"playtime":2464,"items_purged":[],"score":554,"play_id":"c86bf1c5-acb9-4819-8a9d-e9cb66407ec7","local_time":"20181109042543","daily_mods":["SealedDeck","Allstar","Diverse","Colorless Cards","Heirloom","Flight"],"is_ascension_mode":false,"campfire_choices":[{"data":"Sunder","floor":6,"key":"SMITH"},{"data":"Sweeping Beam","floor":10,"key":"SMITH"},{"data":"Sucker Punch","floor":11,"key":"SMITH"},{"data":"Glacier","floor":12,"key":"SMITH"},{"data":"Coolheaded","floor":13,"key":"SMITH"},{"data":"Quick Slash","floor":15,"key":"SMITH"},{"data":"Mayhem","floor":23,"key":"SMITH"},{"data":"Loop","floor":25,"key":"SMITH"},{"data":"Outmaneuver","floor":27,"key":"SMITH"},{"data":"Corpse Explosion","floor":29,"key":"SMITH"},{"data":"Forethought","floor":32,"key":"SMITH"},{"floor":40,"key":"REST"},{"floor":41,"key":"REST"},{"data":"Conserve Battery","floor":42,"key":"SMITH"},{"data":"Shrug It Off","floor":44,"key":"SMITH"}],"neow_cost":"","seed_source_timestamp":119669534517848,"circlet_count":0,"master_deck":["Gash","Sucker Punch+1","Sunder+1","Sweeping Beam+1","Conserve Battery+1","Impatience","Shrug It Off+1","Glacier+1","Outmaneuver+1","Coolheaded+1","Forethought+1","Finesse","Mayhem+1","Loop+1","Writhe","Corpse Explosion+1","Machine Learning","Clumsy","Doubt","Pain","Acrobatics+1","Normality"],"relics":["Cracked Core","Nunchaku","GremlinMask","Lantern","Cursed Key","Singing Bowl","Molten Egg 2","Matryoshka","Calling Bell","Bag of Marbles","Dodecahedron","Unceasing Top","Orichalcum","Regal Pillow","Centennial Puzzle"],"potions_floor_usage":[28,33,39,46],"damage_taken":[{"damage":0,"enemies":"Small Slimes","floor":1,"turns":2},{"damage":0,"enemies":"Jaw Worm","floor":5,"turns":3},{"damage":1,"enemies":"2 Louse","floor":8,"turns":2},{"damage":0,"enemies":"Gremlin Gang","floor":14,"turns":2},{"damage":3,"enemies":"The Guardian","floor":16,"turns":7},{"damage":0,"enemies":"Spheric Guardian","floor":18,"turns":2},{"damage":0,"enemies":"3 Byrds","floor":28,"turns":3},{"damage":3,"enemies":"Snake Plant","floor":31,"turns":4},{"damage":19,"enemies":"Champ","floor":33,"turns":9},{"damage":16,"enemies":"Orb Walker","floor":35,"turns":4},{"damage":4,"enemies":"3 Shapes","floor":37,"turns":4},{"damage":32,"enemies":"Writhing Mass","floor":38,"turns":6},{"damage":21,"enemies":"Jaw Worm Horde","floor":39,"turns":4},{"damage":48,"enemies":"Transient","floor":45,"turns":5},{"damage":22,"enemies":"4 Shapes","floor":46,"turns":4}],"seed_played":"1651479794895732756","potions_obtained":[{"floor":1,"key":"LiquidBronze"},{"floor":8,"key":"AttackPotion"},{"floor":16,"key":"FocusPotion"},{"floor":37,"key":"Ancient Potion"},{"floor":39,"key":"Strength Potion"},{"floor":45,"key":"AttackPotion"}],"is_trial":true,"path_per_floor":["M","?","?","?","M","R","?","M","T","R","R","R","R","M","R","B",null,"M","$","?","?","?","R","?","R","T","R","M","R","$","M","R","B",null,"M","?","M","M","M","R","R","R","T","R","M","M"],"character_chosen":"DEFECT","items_purchased":["Singing Bowl"],"campfire_rested":2,"item_purchase_floors":[19],"current_hp_per_floor":[75,75,75,75,75,75,75,74,74,74,74,74,74,74,74,71,75,75,75,75,61,61,61,61,61,61,61,61,61,61,60,60,41,82,68,68,66,36,15,41,67,67,67,67,21,0],"gold":239,"neow_bonus":"","is_prod":false,"is_daily":false,"chose_seed":false,"campfire_upgraded":13,"win_rate":0,"timestamp":1541755543,"path_taken":["M","?","?","?","?","R","?","?","T","R","R","R","R","?","R","BOSS","M","$","?","?","?","R","?","R","T","R","M","R","?","M","R","BOSS","M","?","M","?","M","R","R","R","T","R","?","?"],"build_version":"2018-11-08","purchased_purges":0,"victory":false,"max_hp_per_floor":[75,75,75,75,75,75,75,75,75,75,75,75,75,75,75,75,75,75,75,75,80,80,80,80,80,80,80,80,80,80,82,82,82,82,84,84,86,88,88,88,88,88,88,88,90,90],"card_choices":[{"not_picked":["Sever Soul","Dagger Throw"],"picked":"Coolheaded","floor":1},{"not_picked":["Perfected Strike","Flex","BootSequence"],"picked":"SKIP","floor":5},{"not_picked":["Dodge and Roll","Wild Strike"],"picked":"Forethought","floor":8},{"not_picked":["Tactician","Predator"],"picked":"Finesse","floor":14},{"not_picked":["Bludgeon","Feed"],"picked":"Mayhem","floor":16},{"not_picked":["Sucker Punch+1","Backflip","Leap"],"picked":"SKIP","floor":18},{"not_picked":["Flying Knee+1","Iron Wave+1"],"picked":"Corpse Explosion","floor":28},{"not_picked":["All Out Attack+1","True Grit","Gash+1"],"picked":"Singing Bowl","floor":31},{"not_picked":["Bullet Time","Double Tap"],"picked":"Machine Learning","floor":33},{"not_picked":["PiercingWail+1","Dash+1","Sucker Punch+1"],"picked":"Singing Bowl","floor":35},{"not_picked":["Flying Knee+1","Infernal Blade+1","Outmaneuver+1"],"picked":"Singing Bowl","floor":37},{"not_picked":["Warcry+1","Auto Shields+1","Intimidate"],"picked":"Singing Bowl","floor":38},{"not_picked":["Sweeping Beam+1","Wild Strike+1"],"picked":"Acrobatics+1","floor":39},{"not_picked":["Clothesline+1","Infinite Blades","Cloak And Dagger"],"picked":"Singing Bowl","floor":45}],"player_experience":243046,"relics_obtained":[{"floor":9,"key":"Lantern"},{"floor":26,"key":"Matryoshka"},{"floor":34,"key":"Bag of Marbles"},{"floor":34,"key":"Dodecahedron"},{"floor":34,"key":"Unceasing Top"},{"floor":43,"key":"Regal Pillow"},{"floor":43,"key":"Centennial Puzzle"}],"event_choices":[{"damage_healed":0,"gold_gain":0,"player_choice":"Leave","damage_taken":0,"max_hp_gain":0,"max_hp_loss":0,"event_name":"The Cleric","floor":2,"gold_loss":0},{"damage_healed":0,"gold_gain":53,"player_choice":"Gained Gold","damage_taken":0,"max_hp_gain":0,"max_hp_loss":0,"event_name":"Golden Wing","floor":3,"gold_loss":0},{"damage_healed":0,"gold_gain":0,"player_choice":"Bought 0 Potions","damage_taken":0,"max_hp_gain":0,"max_hp_loss":0,"event_name":"The Woman in Blue","floor":4,"gold_loss":0},{"damage_healed":0,"gold_gain":0,"player_choice":"Trade","damage_taken":0,"relics_obtained":["GremlinMask"],"max_hp_gain":0,"max_hp_loss":0,"event_name":"FaceTrader","floor":7,"gold_loss":0},{"damage_healed":0,"gold_gain":0,"player_choice":"Ignored","damage_taken":0,"max_hp_gain":0,"max_hp_loss":0,"event_name":"Cursed Tome","floor":20,"gold_loss":0},{"damage_healed":0,"gold_gain":0,"player_choice":"Shed Blood","damage_taken":19,"max_hp_gain":5,"max_hp_loss":0,"event_name":"Forgotten Altar","floor":21,"gold_loss":0},{"damage_healed":0,"gold_gain":0,"player_choice":"Read","damage_taken":0,"max_hp_gain":0,"max_hp_loss":0,"event_name":"The Library","floor":22,"gold_loss":0,"cards_obtained":["Loop"]},{"damage_healed":0,"gold_gain":0,"player_choice":"Obtained Relic","damage_taken":0,"relics_obtained":["Molten Egg 2"],"max_hp_gain":0,"max_hp_loss":0,"event_name":"Addict","floor":24,"gold_loss":85},{"cards_removed":["Quick Slash"],"damage_healed":0,"gold_gain":0,"player_choice":"Gave Card","damage_taken":0,"relics_obtained":["Orichalcum"],"max_hp_gain":0,"max_hp_loss":0,"event_name":"WeMeetAgain","floor":36,"gold_loss":0}],"is_beta":true,"boss_relics":[{"not_picked":["Coffee Dripper","Pandora\u0027s Box"],"picked":"Cursed Key"},{"not_picked":["White Beast Statue","Snecko Eye"],"picked":"Calling Bell"}],"items_purged_floors":[],"is_endless":false,"potions_floor_spawned":[1,8,16,18,37,39,45],"killed_by":"4 Shapes","ascension_level":0}