{"gold_per_floor":[116,130,205,205,219,219,234,234,286,286,286,300,250,273,273,402,465,480,480,500,520,533,533,533],"floor_reached":24,"playtime":1233,"items_purged":[],"score":324,"play_id":"d6a80f2d-9acf-4209-bb6a-fb3ce869e7e7","local_time":"20181201032305","is_ascension_mode":true,"campfire_choices":[{"data":"Body Slam","floor":6,"key":"SMITH"},{"data":"Armaments","floor":15,"key":"SMITH"},{"data":"Limit Break","floor":23,"key":"SMITH"}],"neow_cost":"NONE","seed_source_timestamp":217315167275539,"circlet_count":0,"master_deck":["Strike_R+1","Strike_R+1","Strike_R","Defend_R","Defend_R+1","Defend_R","Defend_R","Bash","Disarm","Body Slam+1","Armaments+1","Whirlwind+1","Inflame","Limit Break+1","Clothesline+1","Body Slam+1","Limit Break+1","Flame Barrier"],"relics":["Burning Blood","Oddly Smooth Stone","Whetstone","Golden Idol","Molten Egg 2","Tiny House"],"potions_floor_usage":[14,16,16,18,21,22],"damage_taken":[{"damage":0,"enemies":"2 Louse","floor":1,"turns":3},{"damage":1,"enemies":"Cultist","floor":2,"turns":4},{"damage":0,"enemies":"Jaw Worm","floor":5,"turns":5},{"damage":6,"enemies":"Blue Slaver","floor":7,"turns":4},{"damage":5,"enemies":"Looter","floor":12,"turns":3},{"damage":5,"enemies":"Large Slime","floor":14,"turns":6},{"damage":0,"enemies":"Slime Boss","floor":16,"turns":9},{"damage":35,"enemies":"Spheric Guardian","floor":18,"turns":10},{"damage":5,"enemies":"Chosen","floor":20,"turns":7},{"damage":15,"enemies":"Centurion and Healer","floor":21,"turns":7},{"damage":5,"enemies":"Snecko","floor":22,"turns":5},{"damage":54,"enemies":"Sentry and Sphere","floor":24,"turns":6}],"seed_played":"-3624921595403950530","potions_obtained":[{"floor":5,"key":"SpeedPotion"},{"floor":7,"key":"EntropicBrew"},{"floor":12,"key":"Weak Potion"},{"floor":22,"key":"Ancient Potion"}],"is_trial":false,"path_per_floor":["M","M","?","?","M","R","M","?","T","?","T","M","?","M","R","B",null,"M","?","M","M","M","R","M"],"character_chosen":"IRONCLAD","items_purchased":[],"campfire_rested":0,"item_purchase_floors":[],"current_hp_per_floor":[86,88,77,77,83,83,83,83,83,61,61,62,62,63,63,69,88,59,59,60,51,52,52,0],"gold":533,"neow_bonus":"TEN_PERCENT_HP_BONUS","is_prod":false,"is_daily":false,"chose_seed":false,"campfire_upgraded":3,"win_rate":0,"timestamp":1543652585,"path_taken":["M","M","?","?","M","R","?","?","T","?","?","M","?","M","R","BOSS","M","?","M","?","M","R","?"],"build_version":"2018-11-15","purchased_purges":0,"victory":false,"max_hp_per_floor":[88,88,88,88,88,88,88,88,88,88,88,88,88,88,88,88,93,93,93,93,93,93,93,93],"card_choices":[{"not_picked":["Anger","Warcry"],"picked":"True Grit","floor":1},{"not_picked":["Wild Strike","Armaments"],"picked":"Disarm","floor":2},{"not_picked":["Dual Wield","Clothesline"],"picked":"Body Slam","floor":5},{"not_picked":["Flex","Second Wind"],"picked":"Armaments","floor":7},{"not_picked":["Heavy Blade+1","Havoc"],"picked":"Whirlwind+1","floor":12},{"not_picked":["Dropkick+1","True Grit"],"picked":"Inflame","floor":14},{"not_picked":["Brutality","Berserk"],"picked":"Limit Break","floor":16},{"not_picked":["Hemokinesis+1","Ghostly Armor"],"picked":"Clothesline+1","floor":17},{"not_picked":["Wild Strike+1","Anger+1","Uppercut+1"],"picked":"SKIP","floor":18},{"not_picked":["Wild Strike+1","Perfected Strike+1"],"picked":"Body Slam+1","floor":20},{"not_picked":["Havoc","Clash+1"],"picked":"Limit Break","floor":21},{"not_picked":["Headbutt+1","Iron Wave+1"],"picked":"Flame Barrier","floor":22}],"player_experience":562233,"relics_obtained":[{"floor":9,"key":"Whetstone"},{"floor":11,"key":"Molten Egg 2"}],"event_choices":[{"damage_healed":0,"gold_gain":75,"player_choice":"Gather Gold","damage_taken":11,"max_hp_gain":0,"max_hp_loss":0,"event_name":"World of Goop","floor":3,"gold_loss":0},{"cards_removed":["True Grit"],"damage_healed":0,"gold_gain":0,"player_choice":"Gave Card","damage_taken":0,"relics_obtained":["Oddly Smooth Stone"],"max_hp_gain":0,"max_hp_loss":0,"event_name":"WeMeetAgain","floor":4,"gold_loss":0},{"cards_removed":["Strike_R"],"damage_healed":0,"gold_gain":0,"player_choice":"Forget","damage_taken":0,"max_hp_gain":0,"max_hp_loss":0,"event_name":"Living Wall","floor":8,"gold_loss":0},{"damage_healed":0,"gold_gain":0,"player_choice":"Take Damage","damage_taken":22,"relics_obtained":["Golden Idol"],"max_hp_gain":0,"max_hp_loss":0,"event_name":"Golden Idol","floor":10,"gold_loss":0},{"cards_removed":["Strike_R"],"damage_healed":0,"gold_gain":0,"player_choice":"Card Removal","damage_taken":0,"max_hp_gain":0,"max_hp_loss":0,"event_name":"The Cleric","floor":13,"gold_loss":50},{"damage_healed":0,"gold_gain":0,"player_choice":"Forge","damage_taken":0,"max_hp_gain":0,"max_hp_loss":0,"event_name":"Accursed Blacksmith","floor":19,"gold_loss":0,"cards_upgraded":["Limit Break"]}],"is_beta":true,"boss_relics":[{"not_picked":["White Beast Statue","Mark of Pain"],"picked":"Tiny House"}],"items_purged_floors":[],"is_endless":false,"potions_floor_spawned":[5,7,12,22],"killed_by":"Sentry and Sphere","ascension_level":7}