{"path_per_floor":["M","?","?","M","?","R","M","T","T","R","M","?","R","M","R","B",null,"M","?","?","?","T","R","M","?","T","M","E","?","M","?","R"],"character_chosen":"DEFECT","items_purchased":[],"gold_per_floor":[114,114,114,128,203,203,215,215,294,294,305,305,305,318,318,416,416,436,436,436,361,361,361,379,379,405,418,447,547,559,587,587,587],"floor_reached":33,"campfire_rested":0,"playtime":2304,"current_hp_per_floor":[75,86,68,66,55,55,55,55,55,55,55,55,55,55,55,45,89,65,65,65,65,65,65,64,64,64,55,47,47,34,40,40,0],"items_purged":[],"gold":587,"score":253,"play_id":"7492162f-ae49-4faf-a5e8-df6b4cd40748","local_time":"20180510202528","is_prod":false,"is_daily":false,"chose_seed":false,"is_ascension_mode":false,"campfire_upgraded":6,"timestamp":1525998328,"path_taken":["M","?","?","?","?","R","M","?","T","R","?","?","R","M","R","BOSS","M","?","?","?","?","R","M","?","T","M","E","?","M","?","R","BOSS"],"build_version":"2018-05-10","seed_source_timestamp":4806426049752,"purchased_purges":0,"victory":false,"master_deck":["Strike_B","Strike_B","Strike_B","Strike_B","Defend_B+1","Defend_B","Defend_B","Defend_B+1","Zap+1","Dualcast+1","BootSequence","Static Discharge+1","Glacier+1","Capacitor+1","Echo Form","Reboot","Doubt","Writhe","Stack+1","Cold Snap","Amplify","Nova","White Noise","Coolheaded+1"],"max_hp_per_floor":[75,89,89,89,89,89,89,89,89,89,89,89,89,89,89,89,89,89,89,89,89,89,89,89,89,89,89,89,89,89,89,89,89],"relics":["Cracked Core","Mango","Happy Flower","Mercury Hourglass","Calling Bell","Juzu Bracelet","Toolbox","Torii","Bronze Scales","Orichalcum","Vajra","Oddly Smooth Stone","Red Mask"],"card_choices":[{"not_picked":["Streamline","Rebound"],"picked":"BootSequence","floor":1},{"not_picked":["Chaos","Coolheaded"],"picked":"Static Discharge","floor":4},{"not_picked":["Blizzard","Stack"],"picked":"Glacier","floor":7},{"not_picked":["Hologram","Streamline"],"picked":"Capacitor","floor":11},{"not_picked":["Ball Lightning","Go for the Eyes"],"picked":"Echo Form","floor":14},{"not_picked":["Rainbow","Multi-Cast"],"picked":"Reboot","floor":16},{"not_picked":["Blizzard","Leap"],"picked":"Stack","floor":18},{"not_picked":["Leap","Barrage"],"picked":"Cold Snap","floor":24},{"not_picked":["Go for the Eyes","Skim"],"picked":"Amplify","floor":27},{"not_picked":["Rainbow","Axe Kick"],"picked":"Nova","floor":28},{"not_picked":["Hello World","Leap"],"picked":"White Noise","floor":30},{"not_picked":["Glacier","Blizzard"],"picked":"Coolheaded","floor":31}],"player_experience":37297,"potions_floor_usage":[30,30,31,33],"damage_taken":[{"damage":0,"enemies":"Jaw Worm","floor":1,"turns":4},{"damage":2,"enemies":"2 Louse","floor":4,"turns":3},{"damage":0,"enemies":"Small Slimes","floor":7,"turns":3},{"damage":0,"enemies":"3 Louse","floor":11,"turns":2},{"damage":0,"enemies":"Exordium Wildlife","floor":14,"turns":3},{"damage":10,"enemies":"The Guardian","floor":16,"turns":13},{"damage":24,"enemies":"Chosen","floor":18,"turns":6},{"damage":1,"enemies":"Spheric Guardian","floor":24,"turns":3},{"damage":9,"enemies":"Cultist and Chosen","floor":27,"turns":6},{"damage":8,"enemies":"Book of Stabbing","floor":28,"turns":6},{"damage":13,"enemies":"Snake Plant","floor":30,"turns":4},{"damage":1,"enemies":"Masked Bandits","floor":31,"turns":4},{"damage":50,"enemies":"Automaton","floor":33,"turns":6}],"event_choices":[{"event_name":"Scrap Ooze","player_choice":"success","floor":2,"damage_taken":3},{"event_name":"Shining Light","player_choice":"Entered Light","floor":3,"damage_taken":0},{"event_name":"World of Goop","player_choice":"Gather Gold","floor":5,"damage_taken":0},{"event_name":"Golden Wing","player_choice":"Ignored","floor":12,"damage_taken":0},{"event_name":"Wheel of Change","player_choice":"Relic","floor":19,"damage_taken":0},{"event_name":"Vampires","player_choice":"Ignored","floor":20,"damage_taken":0},{"event_name":"Beggar","player_choice":"Gave Gold","floor":21,"damage_taken":0},{"event_name":"Upgrade Shrine","player_choice":"Upgraded","floor":25,"damage_taken":0},{"event_name":"Golden Shrine","player_choice":"Pray","floor":29,"damage_taken":0},{"event_name":"Masked Bandits","player_choice":"Fought over 559 gold","floor":31,"damage_taken":0}],"boss_relics":[{"not_picked":["Orrery","Sozu"],"picked":"Calling Bell"}],"potions_floor_spawned":[4,7,14,18,30],"seed_played":"3021043642464524151","killed_by":"Automaton","ascension_level":0,"is_trial":false}