{"gold_per_floor":[19,19,19,31,31,65,65,76,131,131,147,173,190,140,140,243,243,255,267,267,267,282,282,282,282,305,305,329,345,42,42,42,42],"floor_reached":33,"playtime":3326,"items_purged":["Dualcast","Shame"],"score":243,"play_id":"c5b2142c-70f0-40e1-97ce-71fed707aba6","local_time":"20181108091802","is_ascension_mode":false,"campfire_choices":[{"floor":7,"key":"REST"},{"data":"Creative AI","floor":10,"key":"SMITH"},{"data":"Reinforced Body","floor":15,"key":"SMITH"},{"floor":23,"key":"REST"},{"floor":27,"key":"RECALL"},{"floor":32,"key":"REST"}],"neow_cost":"NO_GOLD","seed_source_timestamp":56625369236869,"circlet_count":0,"master_deck":["Defend_B","Defend_B","Defend_B","Defend_B","Zap","Undo","Creative AI+1","Go for the Eyes","BootSequence","White Noise","Reinforced Body+1","Chill+1","White Noise"],"relics":["Cracked Core","Boot","Smiling Mask","Orichalcum","Fusion Hammer","MutagenicStrength","Torii","Meat on the Bone","Lantern","Symbiotic Virus"],"potions_floor_usage":[16,33,33],"damage_taken":[{"damage":0,"enemies":"2 Louse","floor":1,"turns":4},{"damage":0,"enemies":"Small Slimes","floor":4,"turns":5},{"damage":63,"enemies":"Gremlin Nob","floor":6,"turns":8},{"damage":0,"enemies":"Jaw Worm","floor":8,"turns":6},{"damage":1,"enemies":"Red Slaver","floor":11,"turns":6},{"damage":0,"enemies":"2 Fungi Beasts","floor":13,"turns":6},{"damage":14,"enemies":"The Guardian","floor":16,"turns":16},{"damage":2,"enemies":"Spheric Guardian","floor":18,"turns":12},{"damage":15,"enemies":"Chosen","floor":19,"turns":7},{"damage":0,"enemies":"Centurion and Healer","floor":22,"turns":11},{"damage":2,"enemies":"Cultist and Chosen","floor":29,"turns":11},{"damage":85,"enemies":"Collector","floor":33,"turns":9}],"seed_played":"7180005375212607374","potions_obtained":[{"floor":1,"key":"Strength Potion"},{"floor":11,"key":"Weak Potion"},{"floor":13,"key":"SteroidPotion"},{"floor":22,"key":"SteroidPotion"},{"floor":29,"key":"Fruit Juice"}],"is_trial":false,"path_per_floor":["M","?","?","M","?","E","R","M","T","R","M","T","M","$","R","B",null,"M","M","?","?","M","R","?","?","T","R","T","M","$","$","R","B"],"character_chosen":"DEFECT","items_purchased":["Symbiotic Virus"],"campfire_rested":3,"item_purchase_floors":[30],"current_hp_per_floor":[75,80,73,73,73,10,34,34,34,34,33,33,33,33,33,19,80,78,63,63,63,63,80,80,80,80,80,80,78,78,78,80,0],"gold":42,"neow_bonus":"TRANSFORM_TWO_CARDS","is_prod":false,"is_daily":false,"chose_seed":false,"campfire_upgraded":2,"win_rate":0,"timestamp":1541686682,"path_taken":["M","?","?","M","?","E","R","M","T","R","M","?","?","?","R","BOSS","M","M","?","?","M","R","?","?","T","R","?","?","?","$","R","BOSS"],"build_version":"2018-11-07","purchased_purges":2,"victory":false,"max_hp_per_floor":[75,80,80,80,80,80,80,80,80,80,80,80,80,80,80,80,80,80,80,80,80,80,80,80,80,80,80,80,80,80,80,80,85],"card_choices":[{"not_picked":["Leap","Compile Driver"],"picked":"Go for the Eyes","floor":1},{"not_picked":["Storm","Sweeping Beam"],"picked":"BootSequence","floor":4},{"not_picked":["Multi-Cast","Loop","Darkness"],"picked":"SKIP","floor":6},{"not_picked":["Barrage","Sunder","Stack"],"picked":"SKIP","floor":8},{"not_picked":["Skim","Turbo"],"picked":"White Noise","floor":11},{"not_picked":["Skim","Double Energy"],"picked":"Reinforced Body","floor":13},{"not_picked":["Stack","Cold Snap"],"picked":"Chill+1","floor":18},{"not_picked":["Steam+1","Auto Shields","Scrape"],"picked":"SKIP","floor":19},{"not_picked":["Turbo","Stack","Sweeping Beam"],"picked":"SKIP","floor":22},{"not_picked":["Hello World+1","Sweeping Beam","Stack"],"picked":"SKIP","floor":29}],"player_experience":216807,"relics_obtained":[{"floor":6,"key":"Boot"},{"floor":9,"key":"Smiling Mask"},{"floor":12,"key":"Orichalcum"},{"floor":26,"key":"Lantern"}],"event_choices":[{"damage_healed":0,"gold_gain":0,"player_choice":"Donut","damage_taken":0,"max_hp_gain":5,"max_hp_loss":0,"event_name":"Big Fish","floor":2,"gold_loss":0},{"cards_removed":["Strike_B"],"damage_healed":0,"gold_gain":0,"player_choice":"Card Removal","damage_taken":7,"max_hp_gain":0,"max_hp_loss":0,"event_name":"Golden Wing","floor":3,"gold_loss":0},{"cards_removed":["Strike_B"],"damage_healed":0,"gold_gain":0,"player_choice":"Forget","damage_taken":0,"max_hp_gain":0,"max_hp_loss":0,"event_name":"Living Wall","floor":5,"gold_loss":0},{"damage_healed":0,"gold_gain":0,"player_choice":"Inject Mutagens","damage_taken":0,"relics_obtained":["MutagenicStrength"],"max_hp_gain":0,"max_hp_loss":0,"event_name":"Drug Dealer","floor":20,"gold_loss":0},{"damage_healed":0,"gold_gain":0,"player_choice":"Opened","damage_taken":0,"relics_obtained":["Torii"],"max_hp_gain":0,"max_hp_loss":0,"event_name":"The Mausoleum","floor":21,"gold_loss":0},{"damage_healed":0,"gold_gain":0,"player_choice":"Stole Relic","damage_taken":0,"relics_obtained":["Meat on the Bone"],"max_hp_gain":0,"max_hp_loss":0,"event_name":"Addict","floor":24,"gold_loss":0,"cards_obtained":["Shame"]},{"damage_healed":0,"gold_gain":0,"player_choice":"Read","damage_taken":0,"max_hp_gain":0,"max_hp_loss":0,"event_name":"The Library","floor":25,"gold_loss":0,"cards_obtained":["White Noise"]}],"is_beta":true,"boss_relics":[{"not_picked":["Philosopher\u0027s Stone","Velvet Choker"],"picked":"Fusion Hammer"}],"items_purged_floors":[14,30],"is_endless":false,"potions_floor_spawned":[1,11,13,22,29],"killed_by":"Collector","ascension_level":0}