{"path_per_floor":["M","?","M","?","?","E","R","$","T","R","M","R","M","?","R","B",null,"M","M","?","?","?","R","M","R","T","$","M","$","M","?","R","B",null,"M","$","?","?","$","R","?","R","T","M","?","E","M","M","R","B"],"character_chosen":"IRONCLAD","items_purchased":["Orichalcum","Metallicize","Juzu Bracelet","Battle Trance"],"gold_per_floor":[18,193,209,209,284,312,312,43,43,43,60,60,73,124,124,221,221,235,224,224,224,149,149,162,162,188,32,50,50,61,11,11,116,116,132,94,94,0,0,0,0,0,27,37,37,68,83,94,94,94],"floor_reached":51,"campfire_rested":3,"playtime":3464,"current_hp_per_floor":[93,93,92,74,63,10,38,38,38,38,44,72,69,69,69,47,96,96,81,81,67,67,67,49,49,49,49,67,67,67,67,67,29,67,50,50,42,42,42,42,42,42,42,47,47,66,67,59,67,22],"items_purged":["Doubt"],"gold":94,"score":572,"play_id":"608cf794-be99-4488-9231-1d4d1c2914c9","is_prod":false,"is_daily":false,"is_ascension_mode":false,"campfire_upgraded":7,"path_taken":["M","?","M","?","?","E","R","?","T","R","M","R","M","?","R","BOSS","M","M","?","?","?","R","M","R","T","?","M","$","M","?","R","BOSS","M","?","?","?","?","R","?","R","T","M","?","E","M","M","R","BOSS"],"build_version":"2018-02-12-PROD1","purchased_purges":3,"victory":true,"master_deck":["Defend_R","Defend_R","Defend_R","Bash","Demon Form+1","Heavy Blade+1","Infernal Blade+1","Metallicize+1","Armaments+1","Seeing Red+1","Bite","Bite","Bite","Bite","Bite","Seeing Red","Offering","Battle Trance+1","Madness+1","Madness","Seeing Red+1"],"max_hp_per_floor":[96,96,96,96,96,96,96,96,96,96,96,96,96,96,96,96,96,96,96,96,67,67,67,67,67,67,67,67,67,67,67,67,67,67,67,67,67,67,67,67,67,67,67,67,67,67,67,67,67,67],"relics":["Burning Blood","Bag of Marbles","Prayer Wheel","Orichalcum","Bag of Preparation","Runic Cube","Frozen Eye","Omamori","Juzu Bracelet","Lizard Tail","Red Mask","Vajra","Darkstone Periapt"],"card_choices":[{"not_picked":["Whirlwind","Searing Blow"],"picked":"Demon Form"},{"not_picked":["Sword Boomerang","Anger"],"picked":"Heavy Blade"},{"not_picked":["Juggernaut","Headbutt"],"picked":"Infernal Blade"},{"not_picked":["Bloodletting","Shrug It Off"],"picked":"Armaments"},{"not_picked":["Thunderclap","Inflame"],"picked":"Seeing Red"},{"not_picked":["Flex","Sword Boomerang"],"picked":"Seeing Red"},{"not_picked":["Demon Form","Brutality"],"picked":"Offering"},{"not_picked":["Twin Strike","Dual Wield"],"picked":"Rupture"},{"not_picked":["Reckless Charge","Rampage"],"picked":"Seeing Red"}],"player_experience":102766,"potions_floor_usage":[6,6,11,33,33,50,50,50],"damage_taken":[{"damage":9,"enemies":"Jaw Worm","floor":1,"turns":7},{"damage":7,"enemies":"Small Slimes","floor":3,"turns":5},{"damage":59,"enemies":"Lagavulin","floor":6,"turns":10},{"damage":0,"enemies":"2 Louse","floor":11,"turns":2},{"damage":9,"enemies":"Lots of Slimes","floor":13,"turns":5},{"damage":28,"enemies":"The Guardian","floor":16,"turns":10},{"damage":6,"enemies":"Shell Parasite","floor":18,"turns":7},{"damage":21,"enemies":"2 Thieves","floor":19,"turns":4},{"damage":52,"enemies":"Snake Plant","floor":24,"turns":6},{"damage":11,"enemies":"Snecko","floor":28,"turns":5},{"damage":8,"enemies":"Centurion and Healer","floor":30,"turns":6},{"damage":84,"enemies":"Collector","floor":33,"turns":8},{"damage":51,"enemies":"3 Darklings","floor":35,"turns":7},{"damage":7,"enemies":"Orb Walker","floor":44,"turns":3},{"damage":11,"enemies":"Giant Head","floor":46,"turns":5},{"damage":22,"enemies":"Maw","floor":47,"turns":6},{"damage":26,"enemies":"3 Darklings","floor":48,"turns":6},{"damage":85,"enemies":"Time Eater","floor":50,"turns":6}],"event_choices":[{"event_name":"Liars Game","player_choice":"agreed","floor":2,"damage_taken":0},{"event_name":"Scrap Ooze","player_choice":"success","floor":4,"damage_taken":18},{"event_name":"World of Goop","player_choice":"Gather Gold","floor":5,"damage_taken":0},{"event_name":"Golden Wing","player_choice":"Gained Gold","floor":14,"damage_taken":0},{"event_name":"The Mausoleum","player_choice":"Yes","floor":20,"damage_taken":0},{"event_name":"Vampires","player_choice":"Became a vampire","floor":21,"damage_taken":0},{"event_name":"Beggar","player_choice":"Gave Gold","floor":22,"damage_taken":0},{"event_name":"The Joust","player_choice":"Bet on Murderer","floor":31,"damage_taken":0},{"event_name":"Winding Halls","player_choice":"Embrace Madness","floor":37,"damage_taken":0},{"event_name":"Tomb of Lord Red Mask","player_choice":"Paid","floor":38,"damage_taken":0},{"event_name":"Mysterious Sphere","player_choice":"Ignore","floor":45,"damage_taken":0}],"boss_relics":[{"not_picked":["Runic Pyramid","Philosopher\u0027s Stone"],"picked":"Runic Cube"},{"not_picked":["Snecko Eye","Cursed Key"],"picked":"Lizard Tail"}],"potions_floor_spawned":[1,3,6,24,28,33,35,47],"seed_played":"1520029584919010206","ascension_level":0,"is_trial":false}