{"gold_per_floor":[111,131,131,40,50,84,84,117,198,198,213,213,213,229,229,331,331,342,354,367,384,401,401],"floor_reached":23,"playtime":1974,"items_purged":[],"score":215,"play_id":"e2624c93-2685-45ef-8ad4-d985f9d1530a","local_time":"20190502205604","is_ascension_mode":true,"campfire_choices":[{"floor":7,"key":"RECALL"},{"floor":10,"key":"REST"},{"floor":15,"key":"REST"}],"neow_cost":"CURSE","seed_source_timestamp":0,"circlet_count":0,"master_deck":["Strike_B","Strike_B","Strike_B","Strike_B","Defend_B","Defend_B","Defend_B","Defend_B","Zap","Dualcast","Writhe","Rip and Tear","Static Discharge","Self Repair","Leap","Fusion","Seek","Redo","Static Discharge","Go for the Eyes","Echo Form","Coolheaded+1","Stack+1","Barrage","Ball Lightning+1","Cold Snap"],"special_seed":0,"relics":["Cracked Core","Calipers","PreservedInsect","Bottled Flame","Mummified Hand","Inserter"],"potions_floor_usage":[11,16,16,21],"damage_taken":[{"damage":1.0,"enemies":"Cultist","floor":1.0,"turns":4.0},{"damage":2.0,"enemies":"2 Louse","floor":2.0,"turns":3.0},{"damage":2.0,"enemies":"Small Slimes","floor":5.0,"turns":4.0},{"damage":30.0,"enemies":"3 Sentries","floor":6.0,"turns":6.0},{"damage":41,"enemies":"Lagavulin","floor":8,"turns":7},{"damage":14,"enemies":"Exordium Thugs","floor":11,"turns":4},{"damage":0,"enemies":"2 Fungi Beasts","floor":14,"turns":3},{"damage":46,"enemies":"Slime Boss","floor":16,"turns":8},{"damage":15,"enemies":"3 Byrds","floor":18,"turns":4},{"damage":26,"enemies":"Shell Parasite","floor":19,"turns":6},{"damage":26,"enemies":"Chosen and Byrds","floor":20,"turns":7},{"damage":22,"enemies":"Snake Plant","floor":21,"turns":4},{"damage":39,"enemies":"Centurion and Healer","floor":22,"turns":9},{"damage":22,"enemies":"Book of Stabbing","floor":23,"turns":3}],"seed_played":"-6723178043590859605","potions_obtained":[{"floor":1.0,"key":"FearPotion"},{"floor":3.0,"key":"GamblersBrew"},{"floor":3.0,"key":"FairyPotion"},{"floor":3.0,"key":"Strength Potion"},{"floor":11,"key":"Dexterity Potion"},{"floor":14,"key":"Swift Potion"},{"floor":20,"key":"Poison Potion"}],"is_trial":false,"path_per_floor":["M","M","?","$","M","E","R","E","T","R","M","?","?","M","R","B",null,"M","M","M","M","M","E"],"character_chosen":"DEFECT","items_purchased":["Self Repair","Leap"],"campfire_rested":2,"item_purchase_floors":[4,4],"current_hp_per_floor":[88,86,86,86,89,66,66,32,32,58,51,44,36,36,62,16,89,88,69,57,42,10,0],"gold":401,"neow_bonus":"TWENTY_PERCENT_HP_BONUS","is_prod":false,"is_daily":false,"chose_seed":false,"campfire_upgraded":0,"win_rate":0,"timestamp":1556844964,"path_taken":["M","M","?","$","M","E","R","E","T","R","M","?","?","M","R","BOSS","M","M","M","M","?","E"],"build_version":"2019-01-23","purchased_purges":0,"victory":false,"max_hp_per_floor":[89,89,89,89,89,89,89,89,89,89,89,89,89,89,89,89,89,89,89,89,89,89,89],"card_choices":[{"not_picked":["Sweeping Beam","Stack"],"picked":"Rip and Tear","floor":1.0},{"not_picked":["Hello World","Scrape"],"picked":"Static Discharge","floor":2.0},{"not_picked":["Turbo","Hologram"],"picked":"Fusion","floor":5.0},{"not_picked":["Genetic Algorithm","Ball Lightning"],"picked":"Seek","floor":6},{"not_picked":["Gash","Meteor Strike"],"picked":"Redo","floor":8},{"not_picked":["Chaos","Fusion"],"picked":"Static Discharge","floor":11},{"not_picked":["Redo","Streamline"],"picked":"Go for the Eyes","floor":14},{"not_picked":["Creative AI","Hyperbeam"],"picked":"Echo Form","floor":16},{"not_picked":["Go for the Eyes","Gash+1"],"picked":"Coolheaded+1","floor":18},{"not_picked":["Coolheaded","Steam"],"picked":"Stack+1","floor":19},{"not_picked":["Aggregate","Sweeping Beam"],"picked":"Barrage","floor":20},{"not_picked":["Tempest","Turbo"],"picked":"Ball Lightning+1","floor":21},{"not_picked":["Scrape+1","Leap"],"picked":"Cold Snap","floor":22}],"player_experience":312535,"relics_obtained":[{"floor":6,"key":"Calipers"},{"floor":8,"key":"PreservedInsect"},{"floor":9,"key":"Bottled Flame"}],"event_choices":[{"damage_healed":0.0,"max_hp_gain":0.0,"max_hp_loss":0.0,"gold_gain":0.0,"event_name":"Lab","player_choice":"Got Potions","floor":3.0,"gold_loss":0.0,"damage_taken":0.0},{"damage_healed":0,"gold_gain":0,"player_choice":"Success","damage_taken":7,"relics_obtained":["Mummified Hand"],"max_hp_gain":0,"max_hp_loss":0,"event_name":"Scrap Ooze","floor":12,"gold_loss":0},{"damage_healed":0,"gold_gain":0,"player_choice":"Damaged","damage_taken":8,"max_hp_gain":0,"max_hp_loss":0,"event_name":"Wheel of Change","floor":13,"gold_loss":0}],"is_beta":false,"boss_relics":[{"not_picked":["Eternal Feather","Busted Crown"],"picked":"Inserter"}],"items_purged_floors":[],"is_endless":false,"potions_floor_spawned":[1,5,8,11,14,20],"killed_by":"Book of Stabbing","ascension_level":1}