{"gold_per_floor":[119,131,143,159,159,159,187,187,212,212,212,228,228,238,238,238],"floor_reached":16,"playtime":1375,"items_purged":[],"score":102,"play_id":"d1ae9f62-f659-45c7-a1db-c7b372b9e55b","local_time":"20190519111234","is_ascension_mode":false,"campfire_choices":[{"floor":6,"key":"RECALL"},{"floor":10,"key":"REST"},{"floor":13,"key":"REST"},{"floor":15,"key":"REST"}],"neow_cost":"NONE","seed_source_timestamp":402168053146574,"circlet_count":0,"master_deck":["Defend_G","Defend_G","Defend_G","Defend_G","Defend_G","Strike_G+1","Strike_G","Strike_G","Strike_G","Survivor","Neutralize","Adrenaline","Cloak And Dagger","Cloak And Dagger","Infinite Blades","Caltrops+1","Regret","Terror","PiercingWail","Backstab"],"relics":["Ring of the Snake","PreservedInsect","Happy Flower","Art of War","Darkstone Periapt"],"potions_floor_usage":[3,7],"damage_taken":[{"damage":3,"enemies":"Jaw Worm","floor":1,"turns":4},{"damage":0,"enemies":"2 Louse","floor":2,"turns":4},{"damage":1,"enemies":"Cultist","floor":3,"turns":4},{"damage":0,"enemies":"2 Fungi Beasts","floor":4,"turns":4},{"damage":29,"enemies":"Lagavulin","floor":7,"turns":9},{"damage":1,"enemies":"Blue Slaver","floor":12,"turns":3},{"damage":4,"enemies":"Looter","floor":14,"turns":4},{"damage":70,"enemies":"Slime Boss","floor":16,"turns":9}],"seed_played":"7479774512266295012","potions_obtained":[{"floor":1,"key":"Explosive Potion"},{"floor":2,"key":"GamblersBrew"}],"is_trial":false,"path_per_floor":["M","M","M","M","?","R","E","?","T","R","?","M","R","M","R","B"],"character_chosen":"THE_SILENT","items_purchased":[],"campfire_rested":3,"item_purchase_floors":[],"current_hp_per_floor":[67,67,66,66,66,66,37,23,23,44,37,36,57,53,70,0],"gold":238,"neow_bonus":"TRANSFORM_CARD","is_prod":false,"is_daily":false,"chose_seed":false,"campfire_upgraded":0,"win_rate":0,"timestamp":1558278754,"path_taken":["M","M","M","M","?","R","E","?","T","R","?","?","R","M","R","BOSS"],"build_version":"2019-01-23","purchased_purges":0,"victory":false,"max_hp_per_floor":[70,70,70,70,70,70,70,70,70,70,70,70,70,70,70,70],"card_choices":[{"not_picked":["Escape Plan","Dagger Spray"],"picked":"Cloak And Dagger","floor":1},{"not_picked":["Deflect","Finisher"],"picked":"Cloak And Dagger","floor":2},{"not_picked":["Sucker Punch","Caltrops"],"picked":"Infinite Blades","floor":3},{"not_picked":["Bane","Underhanded Strike"],"picked":"Caltrops","floor":4},{"not_picked":["Predator","Tactician"],"picked":"Terror","floor":7},{"not_picked":["Predator","Acrobatics"],"picked":"PiercingWail","floor":12},{"not_picked":["Flying Knee","Wraith Form v2"],"picked":"Backstab","floor":14}],"player_experience":350972,"relics_obtained":[{"floor":7,"key":"Happy Flower"},{"floor":9,"key":"Art of War"}],"event_choices":[{"damage_healed":0,"gold_gain":0,"player_choice":"Box","damage_taken":0,"relics_obtained":["PreservedInsect"],"max_hp_gain":0,"max_hp_loss":0,"event_name":"Big Fish","floor":5,"gold_loss":0,"cards_obtained":["Regret"]},{"damage_healed":0,"gold_gain":0,"player_choice":"Entered Light","damage_taken":14,"max_hp_gain":0,"max_hp_loss":0,"event_name":"Shining Light","floor":8,"gold_loss":0,"cards_upgraded":["Strike_G","Caltrops"]},{"damage_healed":0,"gold_gain":0,"player_choice":"Success","damage_taken":7,"relics_obtained":["Darkstone Periapt"],"max_hp_gain":0,"max_hp_loss":0,"event_name":"Scrap Ooze","floor":11,"gold_loss":0}],"is_beta":false,"boss_relics":[],"items_purged_floors":[],"is_endless":false,"potions_floor_spawned":[1,2],"killed_by":"Slime Boss","ascension_level":0}