{"path_per_floor":["M","M","?","M","?","M","R","M","T","M","R","?","M","T","R","B",null,"M","M","M","?","$","R","?","M","T","?","R","M","M","M","R","B",null,"M","M","?","?","?","R","M","R","T","M","R","?","M","M","R"],"character_chosen":"THE_SILENT","items_purchased":["Prayer Wheel","Toxic Egg 2"],"gold_per_floor":[116,135,310,329,329,343,343,353,408,420,420,370,382,461,461,564,594,608,579,590,590,110,110,110,120,120,120,120,138,154,168,168,263,263,274,285,285,0,0,0,19,19,19,30,30,82,102,121,121],"floor_reached":50,"campfire_rested":4,"playtime":5601,"current_hp_per_floor":[77,77,77,65,65,59,59,59,59,54,54,54,46,46,77,77,82,75,55,57,57,57,57,57,49,49,33,74,65,58,54,54,40,87,82,82,82,82,71,71,30,71,73,57,57,23,18,20,64],"items_purged":["Strike_G"],"gold":121,"score":490,"play_id":"315feb13-a9d8-4204-831a-293f3b6e31bc","is_prod":false,"is_daily":false,"is_ascension_mode":false,"campfire_upgraded":6,"path_taken":["M","?","?","M","?","M","R","M","T","M","R","?","?","?","R","BOSS","M","M","M","?","$","R","?","?","T","?","R","M","M","M","R","BOSS","M","M","?","?","?","R","?","R","T","M","R","?","?","M","R","BOSS"],"build_version":"2018-02-12-PROD1","purchased_purges":2,"victory":false,"master_deck":["Defend_G","Defend_G","Defend_G","Defend_G","Defend_G","Strike_G","Strike_G+1","Strike_G","Survivor+1","Neutralize+1","Backflip","Blur+1","Noxious Fumes+1","Leg Sweep+1","After Image+1","Noxious Fumes+1","Escape Plan+1","Burst+1","Venomology+1","Madness+1","Madness+1"],"max_hp_per_floor":[77,77,77,77,77,77,77,77,77,77,77,77,77,77,77,77,82,82,82,82,82,82,82,82,82,82,87,87,87,87,87,87,87,87,87,87,87,87,87,87,87,87,89,91,91,93,95,97,97],"relics":["Ring of the Snake","Strawberry","Regal Pillow","Letter Opener","Tiny House","Prayer Wheel","Toxic Egg 2","Whetstone","Red Mask","Singing Bowl","Tingsha"],"card_choices":[{"not_picked":["Underhanded Strike","Masterful Stab"],"picked":"Backflip"},{"not_picked":["Calculated Gamble","All Out Attack"],"picked":"Blur"},{"not_picked":["Dagger Spray","Riddle With Holes"],"picked":"Noxious Fumes"},{"not_picked":["Well Laid Plans","Dodge and Roll"],"picked":"Leg Sweep"},{"not_picked":["Wraith Form","Tools of the Trade"],"picked":"After Image"},{"not_picked":["PiercingWail","Deadly Poison"],"picked":"Escape Plan"},{"not_picked":["Prepared","Acrobatics"],"picked":"Burst"},{"not_picked":["Tools of the Trade","Doppelganger"],"picked":"Venomology"}],"player_experience":93341,"potions_floor_usage":[19,20,29,31,33,35,36,36,36,46,46,46,47,50,50,50,50],"damage_taken":[{"damage":0.0,"enemies":"Blue Slaver","floor":1.0,"turns":6.0},{"damage":0.0,"enemies":"Small Slimes","floor":2.0,"turns":4.0},{"damage":12.0,"enemies":"Jaw Worm","floor":4.0,"turns":10.0},{"damage":6.0,"enemies":"3 Louse","floor":6.0,"turns":3.0},{"damage":0.0,"enemies":"2 Fungi Beasts","floor":8.0,"turns":7.0},{"damage":5.0,"enemies":"Large Slime","floor":10.0,"turns":12.0},{"damage":8.0,"enemies":"Looter","floor":13.0,"turns":4.0},{"damage":0.0,"enemies":"The Guardian","floor":16.0,"turns":12.0},{"damage":7,"enemies":"3 Byrds","floor":18,"turns":7},{"damage":20,"enemies":"2 Thieves","floor":19,"turns":5},{"damage":13,"enemies":"Centurion and Healer","floor":20,"turns":11},{"damage":8,"enemies":"Snecko","floor":25,"turns":8},{"damage":9,"enemies":"Slaver and Parasite","floor":29,"turns":8},{"damage":7,"enemies":"Chosen and Byrds","floor":30,"turns":7},{"damage":16,"enemies":"3 Cultists","floor":31,"turns":7},{"damage":14,"enemies":"Automaton","floor":33,"turns":13},{"damage":5,"enemies":"3 Darklings","floor":35,"turns":6},{"damage":0,"enemies":"Orb Walker","floor":36,"turns":6},{"damage":41,"enemies":"Maw","floor":41,"turns":11},{"damage":18,"enemies":"Sphere and 2 Shapes","floor":44,"turns":7},{"damage":36,"enemies":"Mysterious Sphere","floor":46,"turns":6},{"damage":7,"enemies":"4 Shapes","floor":47,"turns":4},{"damage":0,"enemies":"Maw","floor":48,"turns":11},{"damage":69,"enemies":"Time Eater","floor":50,"turns":12}],"event_choices":[{"event_name":"Liars Game","player_choice":"agreed","floor":3.0,"damage_taken":0.0},{"event_name":"Living Wall","player_choice":"Grow","floor":5.0,"damage_taken":0.0},{"event_name":"The Cleric","player_choice":"Card Removal","floor":12.0,"damage_taken":0.0},{"event_name":"Vampires","player_choice":"Ignored","floor":21,"damage_taken":0},{"event_name":"The Library","player_choice":"Read","floor":24,"damage_taken":0},{"event_name":"Forgotten Altar","player_choice":"Shed Blood","floor":27,"damage_taken":0},{"event_name":"Tomb of Lord Red Mask","player_choice":"Paid","floor":38,"damage_taken":0},{"event_name":"Winding Halls","player_choice":"Embrace Madness","floor":39,"damage_taken":0},{"event_name":"Mysterious Sphere","player_choice":"Fight","floor":46,"damage_taken":0}],"boss_relics":[{"not_picked":["White Beast Statue","Runic Pyramid"],"picked":"Tiny House"},{"not_picked":["Velvet Choker","Philosopher\u0027s Stone","Snecko Eye"]}],"potions_floor_spawned":[2,4,8,10,18,29,30,31,35,46],"seed_played":"2618589734745221400","killed_by":"Time Eater","ascension_level":0,"is_trial":false}