{"gold_per_floor":[114,114,125,138,138,155,155,188,215,225,325,325,338,358,358,456,456,474,399,412,327,327,327,327],"floor_reached":24,"playtime":2200,"items_purged":[],"score":218,"play_id":"1d0c0e8a-3ac0-4b1e-92a6-4340862574f4","local_time":"20190707150226","is_ascension_mode":true,"campfire_choices":[{"data":"Rampage","floor":7,"key":"SMITH"},{"data":"Iron Wave","floor":12,"key":"SMITH"},{"data":"Armaments","floor":15,"key":"SMITH"},{"data":"Defend_R","floor":23,"key":"SMITH"}],"neow_cost":"NONE","seed_source_timestamp":1257905119092500,"circlet_count":0,"master_deck":["Strike_R","Strike_R","Strike_R","Strike_R","Defend_R+1","Defend_R","Defend_R","Defend_R","Bash+1","Iron Wave+1","Headbutt","Rampage+1","Headbutt","Armaments+1","Brutality"],"relics":["Burning Blood","FaceOfCleric","Bronze Scales","Ancient Tea Set","Eternal Feather","Dream Catcher","MutagenicStrength"],"potions_floor_usage":[16,18,18],"damage_taken":[{"damage":6,"enemies":"Cultist","floor":1,"turns":3},{"damage":7,"enemies":"2 Louse","floor":3,"turns":3},{"damage":3,"enemies":"Small Slimes","floor":4,"turns":3},{"damage":12,"enemies":"Red Slaver","floor":6,"turns":4},{"damage":23,"enemies":"Gremlin Nob","floor":8,"turns":4},{"damage":8,"enemies":"2 Fungi Beasts","floor":10,"turns":3},{"damage":6,"enemies":"3 Louse","floor":13,"turns":3},{"damage":2,"enemies":"Blue Slaver","floor":14,"turns":3},{"damage":51,"enemies":"The Guardian","floor":16,"turns":7},{"damage":17,"enemies":"2 Thieves","floor":18,"turns":3},{"damage":41,"enemies":"Shell Parasite","floor":20,"turns":5},{"damage":54,"enemies":"Gremlin Leader","floor":24,"turns":4}],"seed_played":"-4635183003076265205","potions_obtained":[{"floor":6,"key":"AttackPotion"},{"floor":8,"key":"Ancient Potion"},{"floor":10,"key":"LiquidBronze"},{"floor":16,"key":"Explosive Potion"}],"is_trial":false,"path_per_floor":["M","?","M","M","?","M","R","E","T","M","?","R","M","M","R","B",null,"M","?","M","?","?","R","E"],"character_chosen":"IRONCLAD","items_purchased":[],"campfire_rested":0,"item_purchase_floors":[],"current_hp_per_floor":[80,80,80,82,82,77,77,61,61,60,60,60,61,66,66,22,88,78,78,44,44,44,53,0],"gold":327,"neow_bonus":"UPGRADE_CARD","is_prod":false,"is_daily":false,"chose_seed":false,"campfire_upgraded":4,"win_rate":0,"timestamp":1562526146,"path_taken":["M","?","M","?","?","M","R","E","T","M","?","R","M","?","R","BOSS","M","?","M","?","?","R","E"],"build_version":"2019-07-05","purchased_purges":0,"victory":false,"max_hp_per_floor":[80,80,81,82,82,83,83,84,84,85,85,85,86,87,87,88,88,89,89,90,90,90,90,90],"card_choices":[{"not_picked":["Havoc","True Grit"],"picked":"Iron Wave","floor":1},{"not_picked":["Entrench","Perfected Strike"],"picked":"Headbutt","floor":3},{"not_picked":["Warcry","Shrug It Off"],"picked":"Rampage","floor":4},{"not_picked":["Body Slam","Havoc"],"picked":"Headbutt","floor":6},{"not_picked":["Intimidate","Whirlwind","True Grit"],"picked":"SKIP","floor":8},{"not_picked":["Limit Break","True Grit","Havoc"],"picked":"SKIP","floor":10},{"not_picked":["Corruption","Pummel"],"picked":"Armaments","floor":13},{"not_picked":["Clash","Hemokinesis","Perfected Strike"],"picked":"SKIP","floor":14},{"not_picked":["Berserk","Limit Break"],"picked":"Brutality","floor":16},{"not_picked":["Cleave","Perfected Strike","Armaments"],"picked":"SKIP","floor":18},{"not_picked":["Iron Wave","Headbutt","Wild Strike"],"picked":"SKIP","floor":20}],"player_experience":663141,"relics_obtained":[{"floor":8,"key":"Bronze Scales"},{"floor":9,"key":"Ancient Tea Set"}],"event_choices":[{"damage_healed":0,"gold_gain":0,"player_choice":"Trade","damage_taken":0,"relics_obtained":["FaceOfCleric"],"max_hp_gain":0,"max_hp_loss":0,"event_name":"FaceTrader","floor":2,"gold_loss":0},{"damage_healed":0,"gold_gain":0,"player_choice":"Ignored","damage_taken":0,"max_hp_gain":0,"max_hp_loss":0,"event_name":"Golden Idol","floor":5,"gold_loss":0},{"damage_healed":0,"gold_gain":100,"player_choice":"Pray","damage_taken":0,"max_hp_gain":0,"max_hp_loss":0,"event_name":"Golden Shrine","floor":11,"gold_loss":0},{"cards_removed":["Strike_R"],"damage_healed":0,"gold_gain":0,"player_choice":"Gave Gold","damage_taken":0,"max_hp_gain":0,"max_hp_loss":0,"event_name":"Beggar","floor":19,"gold_loss":75},{"damage_healed":0,"gold_gain":0,"player_choice":"Obtained Relic","damage_taken":0,"relics_obtained":["Dream Catcher"],"max_hp_gain":0,"max_hp_loss":0,"event_name":"Addict","floor":21,"gold_loss":85},{"damage_healed":0,"gold_gain":0,"player_choice":"Inject Mutagens","damage_taken":0,"relics_obtained":["MutagenicStrength"],"max_hp_gain":0,"max_hp_loss":0,"event_name":"Drug Dealer","floor":22,"gold_loss":0}],"is_beta":false,"boss_relics":[{"not_picked":["Cursed Key","Empty Cage"],"picked":"Eternal Feather"}],"items_purged_floors":[],"is_endless":false,"potions_floor_spawned":[6,8,10,14,16],"killed_by":"Gremlin Leader","ascension_level":2}