{"gold_per_floor":[118,133,151,151,226,226,245,245,268,268,326,276,292,311,311,408,438,455,380,305,305,318,318,334,334,361,379,398,416,55,66,66,66],"floor_reached":33,"playtime":2156,"items_purged":["Writhe","Decay"],"score":335,"play_id":"ae77abb9-fb38-43f5-ba21-02d581b04a05","local_time":"20181115063313","is_ascension_mode":true,"campfire_choices":[{"data":"Metallicize","floor":6.0,"key":"SMITH"},{"data":"Clothesline","floor":8.0,"key":"SMITH"},{"data":"Disarm","floor":10.0,"key":"SMITH"},{"data":"Body Slam","floor":15.0,"key":"SMITH"},{"data":"Flame Barrier","floor":23,"key":"SMITH"},{"floor":32,"key":"REST"}],"neow_cost":"NONE","seed_source_timestamp":0,"circlet_count":0,"master_deck":["Strike_R","Strike_R","Strike_R","Defend_R","Defend_R","Defend_R","Defend_R","Bash","Metallicize+1","Disarm+1","Clothesline+1","Body Slam+1","Barricade","Flame Barrier+1","Body Slam"],"special_seed":0,"relics":["Burning Blood","Blood Vial","Centennial Puzzle","Calling Bell","Tiny Chest","Blue Candle","Dead Branch","Smiling Mask","Oddly Smooth Stone","Lantern"],"potions_floor_usage":[22,28,29,33,33],"damage_taken":[{"damage":5.0,"enemies":"2 Louse","floor":1.0,"turns":4.0},{"damage":1.0,"enemies":"Small Slimes","floor":2.0,"turns":4.0},{"damage":1.0,"enemies":"Cultist","floor":3.0,"turns":5.0},{"damage":6.0,"enemies":"2 Fungi Beasts","floor":7.0,"turns":6.0},{"damage":17.0,"enemies":"Lagavulin Event","floor":11.0,"turns":8.0},{"damage":23.0,"enemies":"Gremlin Gang","floor":13.0,"turns":7.0},{"damage":31.0,"enemies":"Exordium Thugs","floor":14.0,"turns":9.0},{"damage":0.0,"enemies":"The Guardian","floor":16.0,"turns":15.0},{"damage":11.0,"enemies":"Chosen","floor":18.0,"turns":7.0},{"damage":41,"enemies":"2 Thieves","floor":22,"turns":5},{"damage":30,"enemies":"Shelled Parasite and Fungi","floor":24,"turns":12},{"damage":3,"enemies":"Snake Plant","floor":27,"turns":6},{"damage":7,"enemies":"Snecko","floor":28,"turns":7},{"damage":26,"enemies":"Shelled Parasite and Fungi","floor":29,"turns":7},{"damage":3,"enemies":"Snake Plant","floor":31,"turns":8},{"damage":51,"enemies":"Collector","floor":33,"turns":6}],"seed_played":"-2967715778090874363","potions_obtained":[{"floor":3.0,"key":"Poison Potion"},{"floor":7.0,"key":"Poison Potion"},{"floor":13.0,"key":"Explosive Potion"},{"floor":14.0,"key":"Poison Potion"},{"floor":18,"key":"EssenceOfSteel"},{"floor":27,"key":"SkillPotion"},{"floor":28,"key":"AttackPotion"}],"is_trial":false,"path_per_floor":["M","M","M","?","?","R","M","R","T","R","?","?","M","M","R","B",null,"M","M","$","?","?","M","R","M","?","T","M","M","M","$","M","R","B"],"character_chosen":"IRONCLAD","items_purchased":["Oddly Smooth Stone","Lantern"],"campfire_rested":1,"item_purchase_floors":[30,30],"current_hp_per_floor":[88,88,88,88,77,77,77,77,77,77,68,68,53,30,30,38,88,83,83,83,83,50,50,28,28,28,33,34,16,16,21,47,0],"gold":66,"neow_bonus":"TEN_PERCENT_HP_BONUS","is_prod":false,"is_daily":false,"chose_seed":false,"campfire_upgraded":5,"win_rate":0,"timestamp":1542281593,"path_taken":["M","M","M","?","?","R","M","R","T","R","?","?","M","M","R","BOSS","M","$","?","?","?","R","M","?","T","M","?","M","?","M","R","BOSS"],"build_version":"2018-11-14","purchased_purges":2,"victory":false,"max_hp_per_floor":[88,88,88,88,88,88,88,88,88,88,88,88,88,88,88,88,88,88,88,88,88,88,88,88,88,88,88,88,88,88,88,88,88],"card_choices":[{"not_picked":["Heavy Blade","Reckless Charge"],"picked":"Metallicize","floor":1.0},{"not_picked":["True Grit","Corruption","Pummel"],"picked":"SKIP","floor":2.0},{"not_picked":["Warcry","Thunderclap"],"picked":"Disarm","floor":3.0},{"not_picked":["Cleave","Evolve"],"picked":"Clothesline","floor":7.0},{"not_picked":["Clothesline","Perfected Strike","Cleave"],"picked":"SKIP","floor":13.0},{"not_picked":["Dark Embrace","Twin Strike"],"picked":"Body Slam","floor":14.0},{"not_picked":["Demon Form","Feed"],"picked":"Barricade","floor":16.0},{"not_picked":["Evolve","Clothesline","Clash+1"],"picked":"SKIP","floor":18},{"not_picked":["Perfected Strike","Iron Wave"],"picked":"Flame Barrier","floor":22},{"not_picked":["Warcry","Heavy Blade","Burning Pact+1"],"picked":"SKIP","floor":24},{"not_picked":["Cleave+1","Armaments","Wild Strike"],"picked":"SKIP","floor":27},{"not_picked":["Armaments+1","Infernal Blade","Inflame"],"picked":"SKIP","floor":28},{"not_picked":["Havoc","Double Tap"],"picked":"Body Slam","floor":29},{"not_picked":["Iron Wave","Perfected Strike","Clash"],"picked":"SKIP","floor":31}],"player_experience":442614,"relics_obtained":[{"floor":9.0,"key":"Blood Vial"},{"floor":11.0,"key":"Centennial Puzzle"},{"floor":17.0,"key":"Tiny Chest"},{"floor":17.0,"key":"Blue Candle"},{"floor":17.0,"key":"Dead Branch"},{"floor":26,"key":"Smiling Mask"}],"event_choices":[{"cards_removed":["Strike_R"],"damage_healed":0.0,"max_hp_gain":0.0,"max_hp_loss":0.0,"gold_gain":0.0,"event_name":"Living Wall","player_choice":"Forget","floor":4.0,"gold_loss":0.0,"damage_taken":0.0},{"damage_healed":0.0,"max_hp_gain":0.0,"max_hp_loss":0.0,"gold_gain":75.0,"event_name":"World of Goop","player_choice":"Gather Gold","floor":5.0,"gold_loss":0.0,"damage_taken":11.0},{"damage_healed":0.0,"max_hp_gain":0.0,"max_hp_loss":0.0,"gold_gain":0.0,"event_name":"Dead Adventurer","player_choice":"Searched \u00272\u0027 times","floor":11.0,"gold_loss":0.0,"damage_taken":0.0},{"cards_removed":["Strike_R"],"damage_healed":0.0,"max_hp_gain":0.0,"max_hp_loss":0.0,"gold_gain":0.0,"event_name":"The Cleric","player_choice":"Card Removal","floor":12.0,"gold_loss":50.0,"damage_taken":0.0},{"cards_removed":["Clumsy"],"damage_healed":0,"gold_gain":0,"player_choice":"Gave Gold","damage_taken":0,"max_hp_gain":0,"max_hp_loss":0,"event_name":"Beggar","floor":20,"gold_loss":75},{"cards_removed":["Clumsy"],"damage_healed":0,"gold_gain":0,"player_choice":"Purged","damage_taken":0,"max_hp_gain":0,"max_hp_loss":0,"event_name":"Purifier","floor":21,"gold_loss":0},{"damage_healed":0,"gold_gain":0,"player_choice":"Cursed","damage_taken":0,"max_hp_gain":0,"max_hp_loss":0,"event_name":"Wheel of Change","floor":25,"gold_loss":0,"cards_obtained":["Decay"]}],"is_beta":true,"boss_relics":[{"not_picked":["Snecko Eye","Astrolabe"],"picked":"Calling Bell"}],"items_purged_floors":[19,30],"is_endless":false,"potions_floor_spawned":[3,7,13,14,18,27,28],"killed_by":"Collector","ascension_level":3}