{"gold_per_floor":[117,127,137,156,166,193,193,221,244,244,263,263,283,283,283,384,384,404,404,404,423,440,440,466,466,466,466,491,491,220,220,220,220],"floor_reached":33,"playtime":2147,"items_purged":["Decay"],"score":310,"play_id":"02849c2a-eae8-4526-bdb8-a6b134c8dcec","local_time":"20190521195155","is_ascension_mode":true,"campfire_choices":[{"floor":7,"key":"REST"},{"floor":10,"key":"REST"},{"floor":15,"key":"RECALL"},{"floor":23,"key":"REST"},{"data":"Corpse Explosion","floor":32,"key":"SMITH"}],"neow_cost":"NONE","seed_source_timestamp":605349489705888,"circlet_count":0,"master_deck":["Defend_G+1","Defend_G+1","Defend_G+1","Defend_G+1","Defend_G+1","Strike_G+1","Strike_G+1","Strike_G+1","Strike_G+1","Strike_G+1","Survivor","Neutralize","Deadly Poison","Blade Dance","Well Laid Plans","All Out Attack","Deflect","Crippling Poison","Deadly Poison","Caltrops","Corpse Explosion+1","PiercingWail","Cloak And Dagger","Dagger Throw","Infinite Blades"],"relics":["Busted Crown","Snake Skull","Juzu Bracelet","WristBlade","MutagenicStrength","Dream Catcher","Pear","Lantern","Ancient Tea Set"],"potions_floor_usage":[5,16,16,16,21,28],"damage_taken":[{"damage":0,"enemies":"2 Louse","floor":1,"turns":4},{"damage":5,"enemies":"Small Slimes","floor":2,"turns":3},{"damage":0,"enemies":"Jaw Worm","floor":3,"turns":3},{"damage":23,"enemies":"Large Slime","floor":4,"turns":9},{"damage":0,"enemies":"3 Louse","floor":5,"turns":2},{"damage":16,"enemies":"Lagavulin","floor":6,"turns":8},{"damage":33,"enemies":"Gremlin Nob","floor":8,"turns":5},{"damage":3,"enemies":"Lots of Slimes","floor":11,"turns":2},{"damage":0,"enemies":"Exordium Wildlife","floor":13,"turns":2},{"damage":4,"enemies":"Hexaghost","floor":16,"turns":8},{"damage":23,"enemies":"2 Thieves","floor":18,"turns":3},{"damage":18,"enemies":"Spheric Guardian","floor":21,"turns":5},{"damage":20,"enemies":"Shelled Parasite and Fungi","floor":22,"turns":6},{"damage":13,"enemies":"Gremlin Leader","floor":24,"turns":6},{"damage":14,"enemies":"Book of Stabbing","floor":28,"turns":5},{"damage":11,"enemies":"Colosseum Slavers","floor":31,"turns":3},{"damage":85,"enemies":"Champ","floor":33,"turns":12}],"seed_played":"-7953034278429118377","potions_obtained":[{"floor":2,"key":"Energy Potion"},{"floor":4,"key":"Poison Potion"},{"floor":8,"key":"AttackPotion"},{"floor":11,"key":"Explosive Potion"},{"floor":18,"key":"Regen Potion"},{"floor":24,"key":"Swift Potion"}],"is_trial":false,"path_per_floor":["M","M","M","M","M","E","R","E","T","R","M","?","M","?","R","B",null,"M","?","?","M","M","R","E","?","T","?","E","?","$","?","R","B"],"character_chosen":"THE_SILENT","items_purchased":["Ancient Tea Set","Infinite Blades"],"campfire_rested":3,"item_purchase_floors":[30,30],"current_hp_per_floor":[70,65,65,42,42,26,47,14,14,35,32,55,55,55,55,51,70,47,47,47,43,23,44,31,31,41,41,27,80,80,69,69,0],"gold":220,"neow_bonus":"BOSS_RELIC","is_prod":false,"is_daily":false,"chose_seed":false,"campfire_upgraded":1,"win_rate":0,"timestamp":1558482715,"path_taken":["M","M","M","M","M","E","R","E","T","R","M","?","M","?","R","BOSS","M","?","?","M","M","R","E","?","T","?","E","?","$","?","R","BOSS"],"build_version":"2019-01-23","purchased_purges":1,"victory":false,"max_hp_per_floor":[70,70,70,70,70,70,70,70,70,70,70,70,70,70,70,70,70,70,70,70,70,70,70,70,70,80,80,80,80,80,80,80,80],"card_choices":[{"not_picked":[],"picked":"Deadly Poison","floor":1},{"not_picked":[],"picked":"Blade Dance","floor":2},{"not_picked":[],"picked":"Well Laid Plans","floor":3},{"not_picked":[],"picked":"All Out Attack","floor":4},{"not_picked":[],"picked":"Deflect","floor":5},{"not_picked":[],"picked":"Crippling Poison","floor":6},{"not_picked":[],"picked":"Deadly Poison","floor":8},{"not_picked":[],"picked":"Caltrops","floor":11},{"not_picked":["Prepared"],"picked":"SKIP","floor":13},{"not_picked":[],"picked":"Corpse Explosion","floor":16},{"not_picked":[],"picked":"PiercingWail","floor":18},{"not_picked":[],"picked":"Cloak And Dagger","floor":21},{"not_picked":["Underhanded Strike"],"picked":"SKIP","floor":22},{"not_picked":[],"picked":"Dagger Throw","floor":24},{"not_picked":[],"picked":"Caltrops","floor":28}],"player_experience":358262,"relics_obtained":[{"floor":6,"key":"Snake Skull"},{"floor":8,"key":"Juzu Bracelet"},{"floor":24,"key":"Dream Catcher"},{"floor":26,"key":"Pear"},{"floor":28,"key":"Lantern"}],"event_choices":[{"damage_healed":23,"gold_gain":0,"player_choice":"Banana","damage_taken":0,"max_hp_gain":0,"max_hp_loss":0,"event_name":"Big Fish","floor":12,"gold_loss":0},{"damage_healed":0,"gold_gain":0,"player_choice":"Ignored","damage_taken":0,"max_hp_gain":0,"max_hp_loss":0,"event_name":"Shining Light","floor":14,"gold_loss":0},{"damage_healed":0,"gold_gain":0,"player_choice":"Inject Mutagens","damage_taken":0,"relics_obtained":["MutagenicStrength"],"max_hp_gain":0,"max_hp_loss":0,"event_name":"Drug Dealer","floor":19,"gold_loss":0},{"damage_healed":0,"gold_gain":0,"player_choice":"Simplicity","damage_taken":0,"max_hp_gain":0,"max_hp_loss":0,"event_name":"Back to Basics","floor":20,"gold_loss":0,"cards_upgraded":["Defend_G","Defend_G","Defend_G","Defend_G","Defend_G","Strike_G","Strike_G","Strike_G","Strike_G","Strike_G"]},{"damage_healed":0,"gold_gain":0,"player_choice":"Ignored","damage_taken":0,"max_hp_gain":0,"max_hp_loss":0,"event_name":"Purifier","floor":25,"gold_loss":0},{"damage_healed":0,"gold_gain":0,"player_choice":"Smashed Altar","damage_taken":0,"max_hp_gain":0,"max_hp_loss":0,"event_name":"Forgotten Altar","floor":27,"gold_loss":0,"cards_obtained":["Decay"]},{"cards_removed":["Caltrops"],"damage_healed":53,"gold_gain":0,"player_choice":"Offered Uncommon","damage_taken":0,"max_hp_gain":0,"max_hp_loss":0,"event_name":"Bonfire Elementals","floor":29,"gold_loss":0},{"damage_healed":0,"gold_gain":0,"player_choice":"Fight","damage_taken":0,"max_hp_gain":0,"max_hp_loss":0,"event_name":"Colosseum","floor":31,"gold_loss":0},{"damage_healed":0,"gold_gain":0,"player_choice":"Fled From Nobs","damage_taken":0,"max_hp_gain":0,"max_hp_loss":0,"event_name":"Colosseum","floor":31,"gold_loss":0}],"is_beta":false,"boss_relics":[{"not_picked":["Calling Bell","Cursed Key"],"picked":"WristBlade"}],"items_purged_floors":[30],"is_endless":false,"potions_floor_spawned":[2,4,8,11,13,18,24,31],"killed_by":"Champ","ascension_level":1}