{"gold_per_floor":[366,382,49,62,82,82,95,111,162,173,24,36,60,72,84,96],"floor_reached":16,"playtime":1019,"items_purged":["Regret"],"score":150,"play_id":"d1a24573-9ea8-4e42-ac94-147bba20401f","local_time":"20181130012957","is_ascension_mode":true,"campfire_choices":[{"data":"Feed","floor":6,"key":"SMITH"},{"data":"Armaments","floor":15,"key":"SMITH"}],"neow_cost":"CURSE","seed_source_timestamp":124340667004082,"circlet_count":0,"master_deck":["Strike_R","Strike_R+1","Strike_R","Strike_R+1","Strike_R","Defend_R","Defend_R","Defend_R","Defend_R","Bash","True Grit","Sentinel","Body Slam","Feed+1","Entrench","Armaments+1","Dual Wield","Rage"],"relics":["Burning Blood","Question Card","Boot","MawBank"],"potions_floor_usage":[16,16],"damage_taken":[{"damage":8,"enemies":"Cultist","floor":1,"turns":3},{"damage":2,"enemies":"Small Slimes","floor":2,"turns":4},{"damage":10,"enemies":"2 Louse","floor":4,"turns":3},{"damage":12,"enemies":"Looter","floor":5,"turns":3},{"damage":14,"enemies":"Blue Slaver","floor":7,"turns":4},{"damage":3,"enemies":"3 Louse","floor":8,"turns":4},{"damage":14,"enemies":"Looter","floor":10,"turns":5},{"damage":6,"enemies":"2 Fungi Beasts","floor":13,"turns":4},{"damage":58,"enemies":"Hexaghost","floor":16,"turns":9}],"seed_played":"-5912939839292678311","potions_obtained":[{"floor":2,"key":"Ancient Potion"},{"floor":4,"key":"Poison Potion"},{"floor":5,"key":"EssenceOfSteel"}],"is_trial":false,"path_per_floor":["M","M","$","M","M","R","M","M","T","M","$","?","M","?","R","B"],"character_chosen":"IRONCLAD","items_purchased":["Question Card","MawBank"],"campfire_rested":0,"item_purchase_floors":[3,11],"current_hp_per_floor":[70,74,74,70,64,64,60,67,67,63,63,45,53,58,58,0],"gold":96,"neow_bonus":"TWO_FIFTY_GOLD","is_prod":false,"is_daily":false,"chose_seed":false,"campfire_upgraded":2,"win_rate":0,"timestamp":1543559397,"path_taken":["M","M","$","?","M","R","M","M","T","M","$","?","M","?","R","BOSS"],"build_version":"2018-11-15","purchased_purges":1,"victory":false,"max_hp_per_floor":[80,80,80,80,80,80,84,88,88,92,92,92,100,105,105,105],"card_choices":[{"not_picked":["Anger","Armaments"],"picked":"True Grit","floor":1},{"not_picked":["Flex","Bloodletting"],"picked":"Sentinel","floor":2},{"not_picked":["Carnage","Cleave","Havoc"],"picked":"Body Slam","floor":4},{"not_picked":["Power Through","Iron Wave","Wild Strike"],"picked":"Feed","floor":5},{"not_picked":["Heavy Blade","Armaments","Reckless Charge"],"picked":"Entrench","floor":7},{"not_picked":["Clash","Havoc","Headbutt"],"picked":"Armaments","floor":8},{"not_picked":["True Grit","Clash","Iron Wave"],"picked":"Dual Wield","floor":10},{"not_picked":["Burning Pact","True Grit","Warcry"],"picked":"Rage","floor":13}],"player_experience":549337,"relics_obtained":[{"floor":9,"key":"Boot"}],"event_choices":[{"damage_healed":0,"gold_gain":0,"player_choice":"Entered Light","damage_taken":18,"max_hp_gain":0,"max_hp_loss":0,"event_name":"Shining Light","floor":12,"gold_loss":0,"cards_upgraded":["Strike_R","Strike_R"]},{"damage_healed":0,"gold_gain":0,"player_choice":"Donut","damage_taken":0,"max_hp_gain":5,"max_hp_loss":0,"event_name":"Big Fish","floor":14,"gold_loss":0}],"is_beta":true,"boss_relics":[],"items_purged_floors":[3],"is_endless":false,"potions_floor_spawned":[2,4,5],"killed_by":"Hexaghost","ascension_level":6}