{"gold_per_floor":[117,117,137,147,159,191,210,210,210,210,225,256,256,323,323,425,425,437,454,474,65,85,85,111,111,111,111,111,111,111,121,121,221,221,236,336,27,37,47,47,72,72,72,72,89,89,105,124,124,124],"floor_reached":50,"playtime":2474,"items_purged":[],"score":655,"play_id":"9d3e11a6-c022-425a-8504-407677f5161f","local_time":"20190625224256","is_ascension_mode":true,"campfire_choices":[{"floor":8.0,"key":"RECALL"},{"data":"Feed","floor":10.0,"key":"SMITH"},{"floor":15.0,"key":"REST"},{"floor":23.0,"key":"REST"},{"data":"Inflame","floor":27.0,"key":"SMITH"},{"data":"Infernal Blade","floor":30.0,"key":"SMITH"},{"floor":32.0,"key":"REST"},{"floor":40.0,"key":"REST"},{"floor":42.0,"key":"REST"},{"floor":49,"key":"REST"}],"neow_cost":"NONE","seed_source_timestamp":15687344119100,"circlet_count":0,"master_deck":["Strike_R","Strike_R","Strike_R","Strike_R","Defend_R","Defend_R","Defend_R","Defend_R","Bash","Sword Boomerang","Intimidate","Uppercut+1","Sword Boomerang","True Grit","Feed+1","Inflame+1","Thunderclap","Limit Break","Infernal Blade+1","Shrug It Off","Twin Strike+1","Shrug It Off+1","Anger+1","Demon Form","Sentinel+1","Body Slam+1","Twin Strike+1","Shockwave+1","Armaments+1","Armaments+1","Flex"],"special_seed":0,"relics":["Black Blood","NeowsBlessing","Turnip","Mummified Hand","Self Forming Clay","Red Skull","Bottled Tornado","Kunai","MutagenicStrength","Black Star","Ginger","Regal Pillow","Happy Flower","Question Card","Gremlin Horn","Mercury Hourglass"],"potions_floor_usage":[45,48,50,50],"damage_taken":[{"damage":0.0,"enemies":"Small Slimes","floor":1.0,"turns":1.0},{"damage":0.0,"enemies":"Cultist","floor":3.0,"turns":1.0},{"damage":0.0,"enemies":"2 Louse","floor":4.0,"turns":1.0},{"damage":0.0,"enemies":"Large Slime","floor":5.0,"turns":5.0},{"damage":22.0,"enemies":"Gremlin Nob","floor":6.0,"turns":4.0},{"damage":19.0,"enemies":"3 Louse","floor":7.0,"turns":3.0},{"damage":3.0,"enemies":"Looter","floor":11.0,"turns":3.0},{"damage":37.0,"enemies":"3 Sentries","floor":12.0,"turns":6.0},{"damage":41.0,"enemies":"Hexaghost","floor":16.0,"turns":10.0},{"damage":30.0,"enemies":"3 Byrds","floor":18.0,"turns":6.0},{"damage":7.0,"enemies":"Chosen","floor":19.0,"turns":3.0},{"damage":26.0,"enemies":"Centurion and Healer","floor":20.0,"turns":4.0},{"damage":27.0,"enemies":"Shelled Parasite and Fungi","floor":22.0,"turns":6.0},{"damage":53.0,"enemies":"Gremlin Leader","floor":24.0,"turns":7.0},{"damage":24.0,"enemies":"Snake Plant","floor":31.0,"turns":4.0},{"damage":57.0,"enemies":"Champ","floor":33.0,"turns":7.0},{"damage":41.0,"enemies":"3 Darklings","floor":35.0,"turns":6.0},{"damage":30.0,"enemies":"Mind Bloom Boss Battle","floor":36.0,"turns":5.0},{"damage":9.0,"enemies":"3 Shapes","floor":38.0,"turns":3.0},{"damage":17.0,"enemies":"Maw","floor":39.0,"turns":5.0},{"damage":79.0,"enemies":"Giant Head","floor":41.0,"turns":8.0},{"damage":47,"enemies":"Transient","floor":45,"turns":5},{"damage":3,"enemies":"Jaw Worm Horde","floor":47,"turns":2},{"damage":24,"enemies":"Maw","floor":48,"turns":5},{"damage":121,"enemies":"Donu and Deca","floor":50,"turns":8}],"seed_played":"5641815707825842890","potions_obtained":[{"floor":6.0,"key":"Ancient Potion"},{"floor":7.0,"key":"SteroidPotion"},{"floor":11.0,"key":"Poison Potion"},{"floor":12.0,"key":"Fire Potion"},{"floor":18.0,"key":"FearPotion"},{"floor":19.0,"key":"Fire Potion"},{"floor":22.0,"key":"FairyPotion"},{"floor":24.0,"key":"Strength Potion"},{"floor":36.0,"key":"Energy Potion"},{"floor":41.0,"key":"Regen Potion"},{"floor":47,"key":"AttackPotion"},{"floor":48,"key":"Weak Potion"}],"is_trial":false,"path_per_floor":["M","?","M","M","M","E","M","R","T","R","M","E","?","?","R","B",null,"M","M","M","$","M","R","E","?","T","R","?","?","R","M","R","B",null,"M","?","$","M","M","R","E","R","T","?","M","?","M","M","R","B"],"character_chosen":"IRONCLAD","items_purchased":["Red Skull","Bottled Tornado","Regal Pillow","Happy Flower"],"campfire_rested":6,"item_purchase_floors":[21,21,37,37],"current_hp_per_floor":[80,80,80,80,80,64,51,51,51,51,58,27,27,27,52,21,88,72,79,67,67,50,80,41,75,75,75,75,75,75,65,97,50,108,77,57,57,58,51,98,29,76,76,76,48,48,55,45,93,0],"gold":124,"neow_bonus":"THREE_ENEMY_KILL","is_prod":false,"is_daily":false,"chose_seed":false,"campfire_upgraded":3,"win_rate":0,"timestamp":1561516976,"path_taken":["M","?","?","M","M","E","M","R","T","R","M","E","?","?","R","BOSS","M","M","M","$","M","R","E","?","T","R","?","?","R","M","R","BOSS","M","?","$","M","M","R","E","R","T","?","M","?","M","M","R","BOSS"],"build_version":"2019-01-23","purchased_purges":0,"victory":false,"max_hp_per_floor":[80,80,80,80,80,80,80,80,80,80,84,84,84,84,84,88,88,92,96,100,100,100,100,104,104,104,104,104,104,104,108,108,108,108,108,108,108,108,108,108,108,108,108,108,108,108,108,112,112,112],"card_choices":[{"not_picked":["Pommel Strike","Iron Wave"],"picked":"Sword Boomerang","floor":1.0},{"not_picked":["True Grit","Sever Soul"],"picked":"Intimidate","floor":3.0},{"not_picked":["Infernal Blade","Intimidate"],"picked":"Uppercut","floor":4.0},{"not_picked":["Iron Wave","Metallicize"],"picked":"Sword Boomerang","floor":5.0},{"not_picked":["Corruption","Feel No Pain"],"picked":"True Grit","floor":6.0},{"not_picked":["Seeing Red","Body Slam"],"picked":"Feed","floor":7.0},{"not_picked":["Entrench","Heavy Blade"],"picked":"Inflame","floor":11.0},{"not_picked":["Metallicize","Spot Weakness"],"picked":"Thunderclap","floor":12.0},{"not_picked":["Immolate","Juggernaut"],"picked":"Limit Break","floor":16.0},{"not_picked":["Feel No Pain+1","Clash"],"picked":"Infernal Blade","floor":18.0},{"not_picked":["Bloodletting","Thunderclap"],"picked":"Shrug It Off","floor":19.0},{"not_picked":["Rage","Rupture"],"picked":"Twin Strike+1","floor":20.0},{"not_picked":["Rage","Flex+1"],"picked":"Shrug It Off+1","floor":22.0},{"not_picked":["Carnage","Reckless Charge","Sword Boomerang"],"picked":"SKIP","floor":24.0},{"not_picked":["Combust","Headbutt"],"picked":"Anger+1","floor":31.0},{"not_picked":["Juggernaut","Bludgeon"],"picked":"Demon Form","floor":33.0},{"not_picked":["Warcry","Sword Boomerang","Pommel Strike"],"picked":"SKIP","floor":35.0},{"not_picked":["Havoc","Iron Wave"],"picked":"Sentinel+1","floor":36.0},{"not_picked":["Inflame","Rampage"],"picked":"Body Slam+1","floor":38.0},{"not_picked":["Clash+1","True Grit+1"],"picked":"Twin Strike+1","floor":39.0},{"not_picked":["Anger","Whirlwind+1"],"picked":"Shockwave+1","floor":41.0},{"not_picked":["Clash+1","Perfected Strike","Spot Weakness"],"picked":"Armaments+1","floor":45},{"not_picked":["Twin Strike+1","Entrench+1","Evolve"],"picked":"Armaments+1","floor":47},{"not_picked":["Limit Break","Clothesline","Thunderclap"],"picked":"Flex","floor":48}],"player_experience":510910,"relics_obtained":[{"floor":6.0,"key":"Turnip"},{"floor":9.0,"key":"Mummified Hand"},{"floor":12.0,"key":"Self Forming Clay"},{"floor":24.0,"key":"Kunai"},{"floor":36.0,"key":"Ginger"},{"floor":41.0,"key":"Question Card"},{"floor":41.0,"key":"Gremlin Horn"},{"floor":43.0,"key":"Mercury Hourglass"}],"event_choices":[{"damage_healed":0.0,"max_hp_gain":0.0,"max_hp_loss":0.0,"gold_gain":0.0,"event_name":"The Woman in Blue","player_choice":"Bought 0 Potions","floor":2.0,"gold_loss":0.0,"damage_taken":0.0},{"damage_healed":0.0,"max_hp_gain":0.0,"max_hp_loss":0.0,"gold_gain":0.0,"event_name":"Living Wall","player_choice":"Grow","floor":13.0,"gold_loss":0.0,"damage_taken":0.0,"cards_upgraded":["Uppercut"]},{"damage_healed":0.0,"max_hp_gain":0.0,"max_hp_loss":0.0,"gold_gain":67.0,"event_name":"Golden Wing","player_choice":"Gained Gold","floor":14.0,"gold_loss":0.0,"damage_taken":0.0},{"damage_healed":34.0,"max_hp_gain":0.0,"max_hp_loss":0.0,"gold_gain":0.0,"event_name":"The Library","player_choice":"Heal","floor":25.0,"gold_loss":0.0,"damage_taken":0.0},{"damage_healed":0.0,"max_hp_gain":0.0,"max_hp_loss":0.0,"gold_gain":0.0,"event_name":"Ghosts","player_choice":"Ignored","floor":28.0,"gold_loss":0.0,"damage_taken":0.0},{"damage_healed":0.0,"max_hp_gain":0.0,"max_hp_loss":0.0,"gold_gain":0.0,"event_name":"Drug Dealer","player_choice":"Inject Mutagens","floor":29.0,"gold_loss":0.0,"damage_taken":0.0,"relics_obtained":["MutagenicStrength"]},{"damage_healed":0.0,"max_hp_gain":0.0,"max_hp_loss":0.0,"gold_gain":0.0,"event_name":"MindBloom","player_choice":"Fight","floor":36.0,"gold_loss":0.0,"damage_taken":0.0},{"damage_healed":0.0,"max_hp_gain":0.0,"max_hp_loss":0.0,"gold_gain":0.0,"event_name":"Mysterious Sphere","player_choice":"Ignored","floor":44.0,"gold_loss":0.0,"damage_taken":0.0},{"cards_removed":["Strike_R"],"damage_healed":0,"gold_gain":0,"player_choice":"Removed Attack","damage_taken":0,"max_hp_gain":0,"max_hp_loss":0,"event_name":"Falling","floor":46,"gold_loss":0}],"is_beta":false,"boss_relics":[{"not_picked":["Orrery","Tiny House"],"picked":"Black Blood"},{"not_picked":["Runic Dome","Empty Cage"],"picked":"Black Star"}],"items_purged_floors":[],"is_endless":false,"potions_floor_spawned":[6,7,11,12,18,19,22,24,36,41,47,48],"killed_by":"Donu and Deca","ascension_level":4}