{"gold_per_floor":[111,130,149,149,161,161,179,206,252,264,298,60,25,25,25,25],"floor_reached":16,"playtime":755,"items_purged":[],"score":134,"play_id":"218efccc-bf01-475a-87af-0d1b28431834","local_time":"20190725192125","is_ascension_mode":true,"campfire_choices":[{"floor":6.0,"key":"RECALL"},{"floor":15.0,"key":"REST"}],"neow_cost":"NONE","seed_source_timestamp":0,"circlet_count":0,"master_deck":["Strike_R","Strike_R","Strike_R","Strike_R","Strike_R","Defend_R","Defend_R","Defend_R","Defend_R","Bash+1","Ghostly Armor","Whirlwind","Wild Strike","Flame Barrier","Body Slam","Perfected Strike","Shockwave","True Grit","Injury"],"special_seed":0,"relics":["Burning Blood","Dodecahedron","Matryoshka","Blue Candle","Orichalcum","Shuriken","Kunai","Golden Idol"],"potions_floor_usage":[16],"damage_taken":[{"damage":1.0,"enemies":"2 Louse","floor":1.0,"turns":2.0},{"damage":8.0,"enemies":"Jaw Worm","floor":2.0,"turns":4.0},{"damage":6.0,"enemies":"Cultist","floor":3.0,"turns":4.0},{"damage":9.0,"enemies":"2 Fungi Beasts","floor":5.0,"turns":3.0},{"damage":17.0,"enemies":"Lots of Slimes","floor":7.0,"turns":4.0},{"damage":30.0,"enemies":"3 Sentries","floor":8.0,"turns":8.0},{"damage":6.0,"enemies":"Gremlin Gang","floor":10.0,"turns":4.0},{"damage":12.0,"enemies":"Gremlin Nob","floor":11.0,"turns":4.0},{"damage":62,"enemies":"Slime Boss","floor":16,"turns":9}],"seed_played":"6381197492808033082","potions_obtained":[{"floor":1.0,"key":"Swift Potion"},{"floor":7.0,"key":"Poison Potion"},{"floor":11.0,"key":"AttackPotion"}],"is_trial":false,"path_per_floor":["M","M","M","?","M","R","M","E","T","M","E","$","?","?","R","B"],"character_chosen":"IRONCLAD","items_purchased":["Kunai"],"campfire_rested":1,"item_purchase_floors":[12],"current_hp_per_floor":[80,78,78,60,57,57,46,22,22,22,16,16,36,36,60,0],"gold":25,"neow_bonus":"UPGRADE_CARD","is_prod":false,"is_daily":false,"chose_seed":false,"campfire_upgraded":0,"win_rate":0,"timestamp":1564096885,"path_taken":["M","M","M","?","M","R","M","E","T","M","E","$","?","?","R","BOSS"],"build_version":"2019-07-17","purchased_purges":0,"victory":false,"max_hp_per_floor":[80,80,80,80,80,80,80,80,80,80,80,80,80,80,80,80],"card_choices":[{"not_picked":["Dual Wield","Twin Strike"],"picked":"Ghostly Armor","floor":1.0},{"not_picked":["Headbutt","Clash"],"picked":"Whirlwind","floor":2.0},{"not_picked":["Sentinel","Hemokinesis"],"picked":"Wild Strike","floor":3.0},{"not_picked":["Uppercut","Clash"],"picked":"Flame Barrier","floor":5.0},{"not_picked":["Clash","Dark Embrace"],"picked":"Body Slam","floor":7.0},{"not_picked":["Heavy Blade","Body Slam"],"picked":"Perfected Strike","floor":8.0},{"not_picked":["Iron Wave","Thunderclap"],"picked":"Shockwave","floor":10.0},{"not_picked":["Wild Strike","Berserk"],"picked":"True Grit","floor":11.0}],"player_experience":564657,"relics_obtained":[{"floor":8.0,"key":"Matryoshka"},{"floor":9.0,"key":"Blue Candle"},{"floor":9.0,"key":"Orichalcum"},{"floor":11.0,"key":"Shuriken"}],"event_choices":[{"damage_healed":0.0,"max_hp_gain":0.0,"max_hp_loss":0.0,"gold_gain":0.0,"event_name":"Scrap Ooze","player_choice":"Success","floor":4.0,"gold_loss":0.0,"damage_taken":18.0,"relics_obtained":["Dodecahedron"]},{"damage_healed":20.0,"max_hp_gain":0.0,"max_hp_loss":0.0,"gold_gain":0.0,"event_name":"The Cleric","player_choice":"Healed","floor":13.0,"gold_loss":35.0,"damage_taken":0.0},{"damage_healed":0.0,"max_hp_gain":0.0,"max_hp_loss":0.0,"gold_gain":0.0,"event_name":"Golden Idol","player_choice":"Take Wound","floor":14.0,"gold_loss":0.0,"damage_taken":0.0,"relics_obtained":["Golden Idol"],"cards_obtained":["Injury"]}],"is_beta":false,"boss_relics":[],"items_purged_floors":[],"is_endless":false,"potions_floor_spawned":[1,7,11],"killed_by":"Slime Boss","ascension_level":4}