{"gold_per_floor":[368,380,391,391,391,426,442,442,466,495,495,510,530,546,546,644,644,644,221,221,221,221,221,146,146,146,146,146,146,146,146,146,146,146,146,146,146,146,146,146,146,146,146,146,146,146,146,46,46,46,46,46,46,46,46],"floor_reached":55,"playtime":2631,"items_purged":["Strike_R","Defend_R"],"score":877,"play_id":"a3984c57-725b-4f0a-85a3-8b36822e6c75","local_time":"20190727181213","is_ascension_mode":true,"campfire_choices":[{"data":"Body Slam","floor":8.0,"key":"SMITH"},{"data":"Wild Strike","floor":15.0,"key":"SMITH"},{"data":"Corruption","floor":23,"key":"SMITH"},{"data":"Armaments","floor":28,"key":"SMITH"},{"data":"Dark Embrace","floor":32,"key":"SMITH"},{"data":"Shrug It Off","floor":40,"key":"SMITH"},{"floor":42,"key":"RECALL"},{"floor":46,"key":"REST"},{"data":"Defend_R","floor":49,"key":"SMITH"},{"data":"Defend_R","floor":52,"key":"SMITH"}],"neow_cost":"TEN_PERCENT_HP_LOSS","seed_source_timestamp":0,"circlet_count":0,"master_deck":["Defend_R+1","Defend_R+1","Bash+1","Whirlwind+1","Body Slam+1","Shrug It Off+1","Wild Strike+1","Body Slam+1","Armaments+1","Shrug It Off+1","Corruption+1","Battle Trance","Dark Embrace+1","Necronomicurse","Pummel+1","Double Tap","Ghostly Armor+1"],"special_seed":0,"relics":["Burning Blood","Potion Belt","Red Skull","Bag of Preparation","Ectoplasm","Brimstone","Anchor","Necronomicon","Incense Burner","Orichalcum","Empty Cage","StoneCalendar","Whetstone","Paper Frog"],"potions_floor_usage":[33,50,50],"damage_taken":[{"damage":15.0,"enemies":"2 Louse","floor":1.0,"turns":3.0},{"damage":1.0,"enemies":"Cultist","floor":2.0,"turns":3.0},{"damage":10.0,"enemies":"Small Slimes","floor":3.0,"turns":3.0},{"damage":20.0,"enemies":"3 Sentries","floor":6.0,"turns":7.0},{"damage":0.0,"enemies":"2 Fungi Beasts","floor":7.0,"turns":3.0},{"damage":20.0,"enemies":"Gremlin Nob","floor":10.0,"turns":4.0},{"damage":17.0,"enemies":"Large Slime","floor":12.0,"turns":5.0},{"damage":0.0,"enemies":"Exordium Wildlife","floor":13.0,"turns":3.0},{"damage":0.0,"enemies":"2 Fungi Beasts","floor":14.0,"turns":2.0},{"damage":25.0,"enemies":"Slime Boss","floor":16.0,"turns":8.0},{"damage":18,"enemies":"Chosen","floor":18,"turns":5},{"damage":0,"enemies":"Spheric Guardian","floor":20,"turns":1},{"damage":0,"enemies":"Slavers","floor":25,"turns":1},{"damage":0,"enemies":"Centurion and Healer","floor":27,"turns":1},{"damage":4,"enemies":"Chosen and Byrds","floor":29,"turns":2},{"damage":0,"enemies":"Snake Plant","floor":30,"turns":2},{"damage":0,"enemies":"Snecko","floor":31,"turns":2},{"damage":27,"enemies":"Champ","floor":33,"turns":4},{"damage":0,"enemies":"3 Darklings","floor":35,"turns":1},{"damage":8,"enemies":"Mind Bloom Boss Battle","floor":36,"turns":3},{"damage":0,"enemies":"Orb Walker","floor":38,"turns":2},{"damage":0,"enemies":"Jaw Worm Horde","floor":41,"turns":1},{"damage":5,"enemies":"Reptomancer","floor":44,"turns":3},{"damage":38,"enemies":"Sphere and 2 Shapes","floor":45,"turns":1},{"damage":0,"enemies":"Spire Growth","floor":47,"turns":3},{"damage":31,"enemies":"Donu and Deca","floor":50,"turns":4},{"damage":0,"enemies":"Shield and Spear","floor":54,"turns":3},{"damage":128,"enemies":"The Heart","floor":55,"turns":3}],"seed_played":"-3406288971386517084","potions_obtained":[{"floor":2.0,"key":"AttackPotion"},{"floor":6.0,"key":"Weak Potion"},{"floor":7.0,"key":"SpeedPotion"},{"floor":12.0,"key":"Block Potion"},{"floor":14.0,"key":"Explosive Potion"},{"floor":18,"key":"SpeedPotion"},{"floor":20,"key":"Swift Potion"},{"floor":31,"key":"GamblersBrew"},{"floor":38,"key":"Weak Potion"},{"floor":44,"key":"AttackPotion"}],"is_trial":false,"path_per_floor":["M","M","M","?","?","E","M","R","T","E","?","M","M","M","R","B",null,"M","$","M","?","?","R","?","E","T","M","R","M","M","M","R","B",null,"M","?","?","M","?","R","M","R","T","E","M","R","M","$","R","B",null,"R","$","E","B"],"character_chosen":"IRONCLAD","items_purchased":["Brimstone","Anchor"],"campfire_rested":1,"item_purchase_floors":[19,19],"current_hp_per_floor":[63,68,64,57,57,43,49,49,49,35,35,24,30,36,36,17,72,60,60,66,50,50,50,50,56,56,62,62,64,70,72,72,51,72,72,70,70,72,72,72,72,72,72,72,40,61,67,67,67,42,72,72,72,72,0],"gold":46,"neow_bonus":"TWO_FIFTY_GOLD","is_prod":false,"is_daily":false,"chose_seed":false,"campfire_upgraded":8,"win_rate":0,"timestamp":1564265533,"path_taken":["M","M","M","?","?","E","?","R","T","E","?","M","M","M","R","BOSS","M","$","M","?","?","R","?","E","T","M","R","M","M","M","R","BOSS","M","?","?","M","?","R","M","R","T","E","?","R","M","$","R","BOSS","R","$","E","BOSS"],"build_version":"2019-07-17","purchased_purges":2,"victory":false,"max_hp_per_floor":[72,72,72,72,72,72,72,72,72,72,72,72,72,72,72,72,72,72,72,72,72,72,72,72,72,72,72,72,72,72,72,72,72,72,72,72,72,72,72,72,72,72,72,72,72,72,72,72,72,72,72,72,72,72,72],"card_choices":[{"not_picked":["Thunderclap","True Grit"],"picked":"Whirlwind","floor":1.0},{"not_picked":["Headbutt","Ghostly Armor"],"picked":"Body Slam","floor":2.0},{"not_picked":["Seeing Red","Warcry"],"picked":"Shrug It Off","floor":3.0},{"not_picked":["Combust","Dark Embrace"],"picked":"Wild Strike","floor":6.0},{"not_picked":["Combust","Perfected Strike"],"picked":"Body Slam","floor":7.0},{"not_picked":["Entrench","Shrug It Off"],"picked":"Armaments","floor":10.0},{"not_picked":["Wild Strike","Heavy Blade"],"picked":"Shrug It Off","floor":12.0},{"not_picked":["Combust","Clash"],"picked":"Corruption","floor":13.0},{"not_picked":["Reckless Charge","Flame Barrier"],"picked":"Battle Trance","floor":14.0},{"not_picked":["Berserk","Bludgeon"],"picked":"Dark Embrace","floor":16.0},{"not_picked":["Havoc","Combust","Armaments+1"],"picked":"SKIP","floor":18},{"not_picked":["Perfected Strike","Wild Strike+1","Heavy Blade"],"picked":"SKIP","floor":20},{"not_picked":["Anger","Juggernaut","True Grit+1"],"picked":"SKIP","floor":25},{"not_picked":["Twin Strike+1","Armaments","Corruption"],"picked":"SKIP","floor":27},{"not_picked":["Rampage+1","Armaments+1","Cleave"],"picked":"SKIP","floor":29},{"not_picked":["Feel No Pain+1","Anger","Havoc+1"],"picked":"SKIP","floor":30},{"not_picked":["Anger","Sword Boomerang"],"picked":"Pummel+1","floor":31},{"not_picked":["Demon Form","Impervious"],"picked":"Double Tap","floor":33},{"not_picked":["Reckless Charge+1","Flex+1","Power Through"],"picked":"SKIP","floor":35},{"not_picked":["Twin Strike+1","True Grit"],"picked":"Ghostly Armor+1","floor":36},{"not_picked":["Iron Wave+1","Wild Strike+1","Armaments"],"picked":"SKIP","floor":38},{"not_picked":["Flame Barrier+1","Heavy Blade+1","Dark Embrace"],"picked":"SKIP","floor":41},{"not_picked":["Evolve+1","Reckless Charge","Infernal Blade"],"picked":"SKIP","floor":44},{"not_picked":["Clash+1","Warcry","Second Wind"],"picked":"SKIP","floor":45},{"not_picked":["Wild Strike","Infernal Blade+1","Anger"],"picked":"SKIP","floor":47},{"not_picked":["Burning Pact","Fiend Fire","Cleave"],"picked":"SKIP","floor":54}],"player_experience":797911,"relics_obtained":[{"floor":6.0,"key":"Potion Belt"},{"floor":9.0,"key":"Red Skull"},{"floor":10.0,"key":"Bag of Preparation"},{"floor":21,"key":"Necronomicon"},{"floor":25,"key":"Incense Burner"},{"floor":26,"key":"Orichalcum"},{"floor":36,"key":"StoneCalendar"},{"floor":44,"key":"Whetstone"},{"floor":54,"key":"Paper Frog"}],"event_choices":[{"cards_removed":["Strike_R"],"damage_healed":0.0,"max_hp_gain":0.0,"max_hp_loss":0.0,"gold_gain":0.0,"event_name":"Golden Wing","player_choice":"Card Removal","floor":4.0,"gold_loss":0.0,"damage_taken":7.0},{"damage_healed":0.0,"max_hp_gain":0.0,"max_hp_loss":0.0,"gold_gain":0.0,"event_name":"Upgrade Shrine","player_choice":"Upgraded","floor":5.0,"gold_loss":0.0,"damage_taken":0.0,"cards_upgraded":["Whirlwind"]},{"damage_healed":0.0,"max_hp_gain":0.0,"max_hp_loss":0.0,"gold_gain":0.0,"event_name":"Living Wall","player_choice":"Grow","floor":11.0,"gold_loss":0.0,"damage_taken":0.0,"cards_upgraded":["Body Slam"]},{"damage_healed":0,"gold_gain":0,"player_choice":"Obtained Book","damage_taken":16,"max_hp_gain":0,"max_hp_loss":0,"event_name":"Cursed Tome","floor":21,"gold_loss":0},{"damage_healed":0,"gold_gain":0,"player_choice":"Ignored","damage_taken":0,"max_hp_gain":0,"max_hp_loss":0,"event_name":"Vampires","floor":22,"gold_loss":0},{"cards_removed":["Strike_R"],"damage_healed":0,"gold_gain":0,"player_choice":"Gave Gold","damage_taken":0,"max_hp_gain":0,"max_hp_loss":0,"event_name":"Beggar","floor":24,"gold_loss":75},{"damage_healed":0,"gold_gain":0,"player_choice":"Fight","damage_taken":0,"max_hp_gain":0,"max_hp_loss":0,"event_name":"MindBloom","floor":36,"gold_loss":0},{"cards_removed":["Defend_R"],"damage_healed":0,"gold_gain":0,"player_choice":"Removed Skill","damage_taken":0,"max_hp_gain":0,"max_hp_loss":0,"event_name":"Falling","floor":37,"gold_loss":0},{"damage_healed":0,"gold_gain":0,"player_choice":"Forge","damage_taken":0,"max_hp_gain":0,"max_hp_loss":0,"event_name":"Accursed Blacksmith","floor":39,"gold_loss":0,"cards_upgraded":["Shrug It Off"]}],"is_beta":false,"boss_relics":[{"not_picked":["Lizard Tail","Runic Dome"],"picked":"Ectoplasm"},{"not_picked":["Black Star","Astrolabe"],"picked":"Empty Cage"}],"items_purged_floors":[19,48],"is_endless":false,"potions_floor_spawned":[2,6,7,12,14,18,20,31,38,41,44],"killed_by":"The Heart","ascension_level":4}