{"gold_per_floor":[111,111,36,36,36,70,70,94,147,165,206,5,46,46,46,170,170,194,194,212,6,24,24],"floor_reached":23,"playtime":1258,"items_purged":["Injury"],"score":219,"play_id":"94d8891b-9bc8-4e36-871a-406d02f2f359","local_time":"20190525103528","is_ascension_mode":true,"campfire_choices":[{"floor":7,"key":"REST"},{"floor":15,"key":"REST"}],"neow_cost":"NONE","seed_source_timestamp":128957006745453,"circlet_count":0,"master_deck":["Defend_G","Defend_G","Defend_G","Defend_G","Defend_G","Strike_G","Strike_G","Strike_G","Strike_G","Strike_G","Survivor","Neutralize","Deadly Poison+1","Poisoned Stab","Outmaneuver","Bullet Time","Terror","Backflip","Envenom","PiercingWail+1","Poisoned Stab","Caltrops+1"],"relics":["Ring of the Snake","Golden Idol","Unceasing Top","PreservedInsect","Blue Candle","MealTicket","Sundial","Black Star","Sling"],"potions_floor_usage":[11,13,13,13,18,19,23],"damage_taken":[{"damage":3,"enemies":"Jaw Worm","floor":1,"turns":5},{"damage":35,"enemies":"Lagavulin","floor":6,"turns":9},{"damage":0,"enemies":"2 Louse","floor":8,"turns":2},{"damage":1,"enemies":"Cultist","floor":10,"turns":4},{"damage":16,"enemies":"Gremlin Nob","floor":11,"turns":4},{"damage":18,"enemies":"Lagavulin","floor":13,"turns":5},{"damage":35,"enemies":"Hexaghost","floor":16,"turns":11},{"damage":24,"enemies":"Chosen","floor":18,"turns":6},{"damage":0,"enemies":"3 Byrds","floor":19,"turns":2},{"damage":11,"enemies":"Snecko","floor":20,"turns":7},{"damage":45,"enemies":"Centurion and Healer","floor":22,"turns":11},{"damage":26,"enemies":"3 Cultists","floor":23,"turns":5}],"seed_played":"4848036332296202336","potions_obtained":[{"floor":0,"key":"GhostInAJar"},{"floor":0,"key":"FairyPotion"},{"floor":0,"key":"EntropicBrew"},{"floor":11,"key":"Explosive Potion"},{"floor":16,"key":"SkillPotion"},{"floor":20,"key":"FearPotion"},{"floor":22,"key":"GhostInAJar"}],"is_trial":false,"path_per_floor":["M","?","$","?","?","E","R","M","T","M","E","$","E","?","R","B",null,"M","M","M","$","M","M"],"character_chosen":"THE_SILENT","items_purchased":["MealTicket","Sling"],"campfire_rested":2,"item_purchase_floors":[12,21],"current_hp_per_floor":[67,67,67,67,67,32,53,53,53,52,36,36,18,18,39,4,70,46,46,35,50,5,0],"gold":24,"neow_bonus":"THREE_SMALL_POTIONS","is_prod":false,"is_daily":false,"chose_seed":false,"campfire_upgraded":0,"win_rate":0,"timestamp":1558794928,"path_taken":["M","?","$","?","?","E","R","M","T","M","E","$","E","?","R","BOSS","M","M","M","$","M","?"],"build_version":"2019-01-23","purchased_purges":1,"victory":false,"max_hp_per_floor":[70,70,70,70,70,70,70,70,70,70,70,70,70,70,70,70,70,70,70,70,70,70,70],"card_choices":[{"not_picked":["Poisoned Stab","Choke"],"picked":"Deadly Poison","floor":1},{"not_picked":["Underhanded Strike","Expertise"],"picked":"Poisoned Stab","floor":6},{"not_picked":["Prepared","Underhanded Strike"],"picked":"Outmaneuver","floor":8},{"not_picked":["Outmaneuver","Flying Knee"],"picked":"Bullet Time","floor":10},{"not_picked":["Sucker Punch","Flying Knee"],"picked":"Terror","floor":11},{"not_picked":["Grand Finale","Outmaneuver"],"picked":"Backflip","floor":13},{"not_picked":["Bullet Time","Doppelganger"],"picked":"Envenom","floor":16},{"not_picked":["Acrobatics+1","Cloak And Dagger"],"picked":"PiercingWail+1","floor":18},{"not_picked":["Slice","Well Laid Plans"],"picked":"Poisoned Stab","floor":20},{"not_picked":["Acrobatics","Reflex"],"picked":"Caltrops+1","floor":22}],"player_experience":374093,"relics_obtained":[{"floor":6,"key":"Unceasing Top"},{"floor":9,"key":"PreservedInsect"},{"floor":11,"key":"Blue Candle"},{"floor":13,"key":"Sundial"}],"event_choices":[{"damage_healed":0,"gold_gain":0,"player_choice":"Take Wound","damage_taken":0,"relics_obtained":["Golden Idol"],"max_hp_gain":0,"max_hp_loss":0,"event_name":"Golden Idol","floor":2,"gold_loss":0,"cards_obtained":["Injury"]},{"damage_healed":0,"gold_gain":0,"player_choice":"Ignored","damage_taken":0,"max_hp_gain":0,"max_hp_loss":0,"event_name":"Golden Wing","floor":4,"gold_loss":0},{"damage_healed":0,"gold_gain":0,"player_choice":"Ignored","damage_taken":0,"max_hp_gain":0,"max_hp_loss":0,"event_name":"Liars Game","floor":5,"gold_loss":0},{"damage_healed":0,"gold_gain":0,"player_choice":"Upgraded","damage_taken":0,"max_hp_gain":0,"max_hp_loss":0,"event_name":"Upgrade Shrine","floor":14,"gold_loss":0,"cards_upgraded":["Deadly Poison"]}],"is_beta":false,"boss_relics":[{"not_picked":["Busted Crown","HoveringKite"],"picked":"Black Star"}],"items_purged_floors":[3],"is_endless":false,"potions_floor_spawned":[11,16,20,22],"killed_by":"3 Cultists","ascension_level":1}