{"gold_per_floor":[109,159,2,152,164,164,196,196,220,220,234,234,234,244,244,244],"floor_reached":16,"playtime":641,"items_purged":[],"score":176,"play_id":"109d25f8-1bd6-4288-873a-74e8fd22b9d0","local_time":"20190126193659","is_ascension_mode":true,"campfire_choices":[{"data":"Perfected Strike","floor":6.0,"key":"SMITH"},{"floor":8.0,"key":"REST"},{"floor":10.0,"key":"REST"},{"data":"True Grit","floor":13.0,"key":"SMITH"},{"floor":15.0,"key":"REST"}],"neow_cost":"NONE","seed_source_timestamp":204781433323965,"circlet_count":0,"master_deck":["AscendersBane","Strike_R","Strike_R","Strike_R","Strike_R","Strike_R","Defend_R","Defend_R","Defend_R","Defend_R","Bash","Perfected Strike+1","Doubt","Shrug It Off","Fire Breathing","True Grit+1","Clothesline","Wild Strike","Shockwave","Feed"],"special_seed":0,"relics":["Burning Blood","Centennial Puzzle","Dream Catcher","Darkstone Periapt","Strawberry","Sundial"],"potions_floor_usage":[16],"damage_taken":[{"damage":6.0,"enemies":"Jaw Worm","floor":1.0,"turns":6.0},{"damage":1.0,"enemies":"Cultist","floor":5.0,"turns":3.0},{"damage":55.0,"enemies":"Lagavulin","floor":7.0,"turns":8.0},{"damage":12.0,"enemies":"Small Slimes","floor":11.0,"turns":3.0},{"damage":8.0,"enemies":"3 Louse","floor":14.0,"turns":3.0},{"damage":85,"enemies":"Hexaghost","floor":16,"turns":14}],"seed_played":"-135855993721008652","potions_obtained":[{"floor":1.0,"key":"Regen Potion"},{"floor":11.0,"key":"Fire Potion"}],"is_trial":false,"path_per_floor":["M","?","$","?","M","R","E","R","T","R","M","T","R","M","R","B"],"character_chosen":"IRONCLAD","items_purchased":["Dream Catcher"],"campfire_rested":3,"item_purchase_floors":[3],"current_hp_per_floor":[68,61,61,61,66,66,32,54,61,82,76,76,76,74,82,0],"gold":244,"neow_bonus":"RANDOM_COMMON_RELIC","is_prod":false,"is_daily":false,"chose_seed":false,"campfire_upgraded":2,"win_rate":0,"timestamp":1548549419,"path_taken":["M","?","?","?","M","R","E","R","T","R","M","?","R","?","R","BOSS"],"build_version":"2019-01-23","purchased_purges":0,"victory":false,"max_hp_per_floor":[75,75,75,75,75,75,75,75,82,82,82,82,82,82,82,82],"card_choices":[{"not_picked":["Wild Strike","Twin Strike"],"picked":"Perfected Strike","floor":1.0},{"not_picked":["True Grit","Havoc"],"picked":"Shrug It Off","floor":5.0},{"not_picked":["Bloodletting","Immolate"],"picked":"Fire Breathing","floor":7.0},{"not_picked":["Anger","Rage"],"picked":"True Grit","floor":8.0},{"not_picked":["Heavy Blade","Wild Strike"],"picked":"Clothesline","floor":10.0},{"not_picked":["Cleave","Clothesline"],"picked":"Wild Strike","floor":11.0},{"not_picked":["Flex","Heavy Blade"],"picked":"Shockwave","floor":14.0},{"not_picked":["Shrug It Off","Corruption"],"picked":"Feed","floor":15.0}],"player_experience":879117,"relics_obtained":[{"floor":7.0,"key":"Darkstone Periapt"},{"floor":9.0,"key":"Strawberry"},{"floor":12.0,"key":"Sundial"}],"event_choices":[{"damage_healed":0.0,"max_hp_gain":0.0,"max_hp_loss":0.0,"gold_gain":50.0,"event_name":"FaceTrader","player_choice":"Touch","floor":2.0,"gold_loss":0.0,"damage_taken":7.0},{"damage_healed":0.0,"max_hp_gain":0.0,"max_hp_loss":0.0,"gold_gain":150.0,"event_name":"Liars Game","player_choice":"AGREE","floor":4.0,"gold_loss":0.0,"damage_taken":0.0,"cards_obtained":["Doubt"]}],"is_beta":true,"boss_relics":[],"items_purged_floors":[],"is_endless":false,"potions_floor_spawned":[1,11],"killed_by":"Hexaghost","ascension_level":16}