{"gold_per_floor":[117,117,127,145,145,145,170,170,193,213,243,243,243],"floor_reached":13,"playtime":558,"items_purged":[],"score":112,"play_id":"f62eff2e-977a-485f-8b92-60f5edd3c55d","local_time":"20190625203659","is_ascension_mode":true,"campfire_choices":[{"floor":6,"key":"RECALL"},{"data":"Infernal Blade","floor":8,"key":"SMITH"},{"floor":12,"key":"REST"}],"neow_cost":"TEN_PERCENT_HP_LOSS","seed_source_timestamp":10310804843300,"circlet_count":0,"master_deck":["Strike_R","Strike_R","Strike_R","Strike_R","Strike_R","Defend_R","Defend_R","Defend_R","Defend_R","Bash","Master of Strategy","Madness+1","Infernal Blade+1","Feel No Pain","Perfected Strike","Clothesline","Entrench"],"relics":["Burning Blood","Lantern","Turnip"],"potions_floor_usage":[7,11],"damage_taken":[{"damage":1,"enemies":"Cultist","floor":1,"turns":4},{"damage":7,"enemies":"Jaw Worm","floor":3,"turns":2},{"damage":10,"enemies":"Small Slimes","floor":4,"turns":4},{"damage":18,"enemies":"Gremlin Nob","floor":7,"turns":3},{"damage":31,"enemies":"Exordium Thugs","floor":10,"turns":5},{"damage":25,"enemies":"Lagavulin","floor":11,"turns":6},{"damage":48,"enemies":"Gremlin Nob","floor":13,"turns":5}],"seed_played":"-5798050432623927944","potions_obtained":[{"floor":4,"key":"AttackPotion"},{"floor":7,"key":"Block Potion"}],"is_trial":false,"path_per_floor":["M","?","M","M","?","R","E","R","T","M","E","R","E"],"character_chosen":"IRONCLAD","items_purchased":[],"campfire_rested":1,"item_purchase_floors":[],"current_hp_per_floor":[72,77,76,72,72,72,60,60,60,35,16,39,0],"gold":243,"neow_bonus":"RANDOM_COLORLESS_2","is_prod":false,"is_daily":false,"chose_seed":false,"campfire_upgraded":1,"win_rate":0,"timestamp":1561509419,"path_taken":["M","?","M","M","?","R","E","R","T","M","E","R","E"],"build_version":"2019-01-23","purchased_purges":0,"victory":false,"max_hp_per_floor":[72,77,77,77,77,77,77,77,77,77,77,77,77],"card_choices":[{"not_picked":["Fire Breathing","Clash"],"picked":"Infernal Blade","floor":1},{"not_picked":["Power Through","Sword Boomerang"],"picked":"Feel No Pain","floor":3},{"not_picked":["Headbutt","Flex"],"picked":"Perfected Strike","floor":4},{"not_picked":["Havoc","Bloodletting","Warcry"],"picked":"SKIP","floor":7},{"not_picked":["Wild Strike","Rupture"],"picked":"Clothesline","floor":10},{"not_picked":["Warcry","Limit Break"],"picked":"Entrench","floor":11}],"player_experience":509854,"relics_obtained":[{"floor":7,"key":"Lantern"},{"floor":11,"key":"Turnip"}],"event_choices":[{"damage_healed":0,"gold_gain":0,"player_choice":"Donut","damage_taken":0,"max_hp_gain":5,"max_hp_loss":0,"event_name":"Big Fish","floor":2,"gold_loss":0},{"damage_healed":0,"gold_gain":0,"player_choice":"Grow","damage_taken":0,"max_hp_gain":0,"max_hp_loss":0,"event_name":"Living Wall","floor":5,"gold_loss":0,"cards_upgraded":["Madness"]}],"is_beta":false,"boss_relics":[],"items_purged_floors":[],"is_endless":false,"potions_floor_spawned":[4,7],"killed_by":"Gremlin Nob","ascension_level":4}