{"gold_per_floor":[113,123,73,86,101,136,136,147,147,147,158,172,187,221,221,325,325,341,354,382,307,321,321,321],"floor_reached":24,"playtime":1970,"items_purged":[],"score":212,"play_id":"61d82a43-2afe-4527-9774-b3f98ed86b3c","local_time":"20190622093447","is_ascension_mode":false,"campfire_choices":[{"data":"Inflame","floor":7.0,"key":"SMITH"},{"data":"Heavy Blade","floor":10.0,"key":"SMITH"},{"data":"Armaments","floor":15.0,"key":"SMITH"},{"data":"Pummel","floor":23.0,"key":"SMITH"}],"neow_cost":"NONE","seed_source_timestamp":0,"circlet_count":0,"master_deck":["Strike_R","Strike_R","Strike_R","Defend_R","Defend_R+1","Defend_R","Defend_R","Bash","Impervious","Hemokinesis","Warcry","Pummel+1","Iron Wave","Inflame+1","Twin Strike","Heavy Blade+1","Armaments+1","Headbutt","Shrug It Off","Searing Blow","Shrug It Off+1","Battle Trance","Reaper","Cleave+1","Heavy Blade","Rupture","Shrug It Off","Disarm","True Grit","Pommel Strike"],"special_seed":0,"relics":["Burning Blood","Prayer Wheel","Mummified Hand","War Paint","Philosopher\u0027s Stone","Red Mask"],"potions_floor_usage":[],"damage_taken":[{"damage":6.0,"enemies":"Jaw Worm","floor":1.0,"turns":4.0},{"damage":3.0,"enemies":"Small Slimes","floor":2.0,"turns":2.0},{"damage":3.0,"enemies":"2 Louse","floor":4.0,"turns":2.0},{"damage":15.0,"enemies":"Gremlin Gang","floor":5.0,"turns":4.0},{"damage":24.0,"enemies":"Lagavulin","floor":6.0,"turns":5.0},{"damage":10.0,"enemies":"Exordium Thugs","floor":8.0,"turns":4.0},{"damage":0.0,"enemies":"2 Fungi Beasts","floor":11.0,"turns":3.0},{"damage":8.0,"enemies":"Large Slime","floor":12.0,"turns":4.0},{"damage":2.0,"enemies":"Blue Slaver","floor":13.0,"turns":2.0},{"damage":22.0,"enemies":"3 Sentries","floor":14.0,"turns":7.0},{"damage":34.0,"enemies":"Slime Boss","floor":16.0,"turns":11.0},{"damage":8.0,"enemies":"Shell Parasite","floor":18.0,"turns":4.0},{"damage":3.0,"enemies":"Chosen","floor":19.0,"turns":4.0},{"damage":19.0,"enemies":"Masked Bandits","floor":20.0,"turns":4.0},{"damage":3.0,"enemies":"Snake Plant","floor":22.0,"turns":4.0},{"damage":0,"enemies":"Slavers","floor":24,"turns":1}],"seed_played":"-4657174149421352782","potions_obtained":[{"floor":1.0,"key":"LiquidBronze"},{"floor":4.0,"key":"Weak Potion"},{"floor":5.0,"key":"Strength Potion"},{"floor":6.0,"key":"AttackPotion"},{"floor":13.0,"key":"EssenceOfSteel"},{"floor":18.0,"key":"FearPotion"},{"floor":20.0,"key":"Fruit Juice"},{"floor":22.0,"key":"EssenceOfSteel"}],"is_trial":false,"path_per_floor":["M","M","?","M","M","E","R","M","T","R","M","M","M","E","R","B",null,"M","M","?","?","M","R","E"],"character_chosen":"IRONCLAD","items_purchased":[],"campfire_rested":0,"item_purchase_floors":[],"current_hp_per_floor":[80,80,80,80,71,53,53,49,49,49,55,53,57,41,41,13,80,78,80,67,67,75,75,75],"gold":321,"neow_bonus":"ONE_RANDOM_RARE_CARD","is_prod":false,"is_daily":false,"chose_seed":false,"campfire_upgraded":4,"win_rate":0,"timestamp":1561210487,"path_taken":["M","M","?","M","M","E","R","M","T","R","M","M","M","E","R","BOSS","M","M","?","?","M","R","E"],"build_version":"2019-01-23","purchased_purges":0,"victory":false,"max_hp_per_floor":[80,80,80,80,80,80,80,80,80,80,80,80,80,80,80,80,80,80,80,80,80,85,85,85],"card_choices":[{"not_picked":["Carnage","Perfected Strike"],"picked":"Hemokinesis","floor":1.0},{"not_picked":["Ghostly Armor","Combust"],"picked":"Warcry","floor":2.0},{"not_picked":["Sentinel","Corruption"],"picked":"Pummel","floor":4.0},{"not_picked":["Headbutt","Bloodletting"],"picked":"Iron Wave","floor":5.0},{"not_picked":["Entrench","Bludgeon"],"picked":"Inflame","floor":6.0},{"not_picked":["Inflame","Hemokinesis"],"picked":"Twin Strike","floor":8.0},{"not_picked":["Pummel","Sword Boomerang"],"picked":"Heavy Blade","floor":8.0},{"not_picked":["Clash","Blood for Blood"],"picked":"Armaments","floor":11.0},{"not_picked":["Armaments","Havoc"],"picked":"Headbutt","floor":11.0},{"not_picked":["Brutality","Body Slam"],"picked":"Shrug It Off","floor":12.0},{"not_picked":["Spot Weakness","Headbutt","Havoc"],"picked":"SKIP","floor":12.0},{"not_picked":["Pommel Strike","Clash"],"picked":"Searing Blow","floor":13.0},{"not_picked":["Anger","Warcry"],"picked":"Shrug It Off","floor":13.0},{"not_picked":["Exhume","Entrench"],"picked":"Battle Trance","floor":14.0},{"not_picked":["Impervious","Fiend Fire"],"picked":"Reaper","floor":16.0},{"not_picked":["Burning Pact","Armaments"],"picked":"Cleave+1","floor":18.0},{"not_picked":["Power Through","Disarm+1"],"picked":"Heavy Blade","floor":18.0},{"not_picked":["Pommel Strike","Perfected Strike"],"picked":"Rupture","floor":19.0},{"not_picked":["Rage+1","Rupture"],"picked":"Shrug It Off","floor":19.0},{"not_picked":["Ghostly Armor","Perfected Strike"],"picked":"Disarm","floor":20.0},{"not_picked":["Twin Strike","Warcry"],"picked":"True Grit","floor":22.0},{"not_picked":["Havoc","Sword Boomerang+1"],"picked":"Pommel Strike","floor":22.0}],"player_experience":432263,"relics_obtained":[{"floor":6.0,"key":"Prayer Wheel"},{"floor":9.0,"key":"Mummified Hand"},{"floor":14.0,"key":"War Paint"},{"floor":20.0,"key":"Red Mask"}],"event_choices":[{"cards_removed":["Strike_R"],"damage_healed":0.0,"max_hp_gain":0.0,"max_hp_loss":0.0,"gold_gain":0.0,"event_name":"The Cleric","player_choice":"Card Removal","floor":3.0,"gold_loss":50.0,"damage_taken":0.0},{"damage_healed":0.0,"max_hp_gain":0.0,"max_hp_loss":0.0,"gold_gain":0.0,"event_name":"Masked Bandits","player_choice":"Fought Bandits","floor":20.0,"gold_loss":0.0,"damage_taken":0.0},{"cards_removed":["Strike_R"],"damage_healed":0.0,"max_hp_gain":0.0,"max_hp_loss":0.0,"gold_gain":0.0,"event_name":"Beggar","player_choice":"Gave Gold","floor":21.0,"gold_loss":75.0,"damage_taken":0.0}],"is_beta":false,"boss_relics":[{"not_picked":["Busted Crown","Tiny House"],"picked":"Philosopher\u0027s Stone"}],"items_purged_floors":[],"is_endless":false,"potions_floor_spawned":[1,4,5,6,13,18,20,22],"killed_by":"Slavers","ascension_level":0}