{"gold_per_floor":[114,125,125,91,166,199,199,214,214,214,227,29,39,54,54,133,133,150,180,180,180],"floor_reached":21,"playtime":692,"items_purged":["Regret"],"score":408,"play_id":"cffb52a4-677b-45c7-b214-35b713e08a18","local_time":"20190411152357","is_ascension_mode":true,"campfire_choices":[{"data":"Reinforced Body","floor":7,"key":"SMITH"},{"data":"Go for the Eyes","floor":15,"key":"SMITH"}],"neow_cost":"NONE","seed_source_timestamp":91068448829119,"circlet_count":0,"master_deck":["AscendersBane","Strike_B","Strike_B","Strike_B","Strike_B","Defend_B","Defend_B","Defend_B","Defend_B","Zap","Dualcast","Leap","Ball Lightning","White Noise","Reinforced Body+1","Go for the Eyes+1","Rebound","Hologram","Cold Snap","Electrodynamics+1","Loop+1","Redo"],"relics":["Cracked Core","NeowsBlessing","The Courier","FossilizedHelix","Pantograph","Frozen Egg 2","Strawberry","Lizard Tail","Red Mask"],"potions_floor_usage":[16,16,19,21],"damage_taken":[{"damage":0,"enemies":"Cultist","floor":1,"turns":1},{"damage":0,"enemies":"Jaw Worm","floor":2,"turns":1},{"damage":0,"enemies":"Lagavulin","floor":6,"turns":1},{"damage":0,"enemies":"2 Louse","floor":8,"turns":2},{"damage":2,"enemies":"Looter","floor":11,"turns":3},{"damage":0,"enemies":"Large Slime","floor":13,"turns":5},{"damage":0,"enemies":"2 Fungi Beasts","floor":14,"turns":3},{"damage":68,"enemies":"Hexaghost","floor":16,"turns":13},{"damage":11,"enemies":"2 Thieves","floor":18,"turns":2},{"damage":55,"enemies":"Masked Bandits","floor":19,"turns":5},{"damage":18,"enemies":"3 Byrds","floor":21,"turns":2}],"seed_played":"4888638229081156821","potions_obtained":[{"floor":6,"key":"Energy Potion"},{"floor":8,"key":"EssenceOfSteel"},{"floor":11,"key":"Block Potion"},{"floor":14,"key":"Poison Potion"},{"floor":18,"key":"EssenceOfSteel"},{"floor":19,"key":"Block Potion"}],"is_trial":false,"path_per_floor":["M","M","?","$","?","E","R","M","T","?","M","$","M","M","R","B",null,"M","?","?","M"],"character_chosen":"DEFECT","items_purchased":["White Noise","Strawberry"],"campfire_rested":0,"item_purchase_floors":[4,12],"current_hp_per_floor":[64,64,53,53,42,42,42,42,42,42,40,47,47,47,47,4,60,49,39,17,0],"gold":180,"neow_bonus":"THREE_ENEMY_KILL","is_prod":false,"is_daily":false,"chose_seed":false,"campfire_upgraded":2,"win_rate":0,"timestamp":1555010637,"path_taken":["M","M","?","$","?","E","R","M","T","?","M","$","M","M","R","BOSS","M","?","?","M"],"build_version":"2019-04-04","purchased_purges":1,"victory":false,"max_hp_per_floor":[71,71,71,71,71,71,71,71,71,71,71,78,78,78,78,78,78,78,78,83,83],"card_choices":[{"not_picked":["Rebound","Gash"],"picked":"Leap","floor":1},{"not_picked":["Turbo","Beam Cell"],"picked":"Ball Lightning","floor":2},{"not_picked":["Consume","Skim"],"picked":"Reinforced Body","floor":6},{"not_picked":["Consume","Gash"],"picked":"Go for the Eyes","floor":8},{"not_picked":["Barrage","Turbo"],"picked":"Rebound","floor":11},{"not_picked":["Sweeping Beam","Aggregate"],"picked":"Hologram","floor":13},{"not_picked":["BootSequence","Hologram"],"picked":"Cold Snap","floor":14},{"not_picked":["Multi-Cast","Creative AI+1"],"picked":"Electrodynamics+1","floor":16},{"not_picked":["Sweeping Beam+1","Hologram"],"picked":"Loop+1","floor":18},{"not_picked":["Gash+1","Rebound"],"picked":"Redo","floor":19}],"player_experience":1060594,"relics_obtained":[{"floor":6,"key":"FossilizedHelix"},{"floor":9,"key":"Pantograph"},{"floor":19,"key":"Red Mask"}],"event_choices":[{"damage_healed":0,"gold_gain":0,"player_choice":"Success","damage_taken":11,"relics_obtained":["The Courier"],"max_hp_gain":0,"max_hp_loss":0,"event_name":"Scrap Ooze","floor":3,"gold_loss":0},{"damage_healed":0,"gold_gain":75,"player_choice":"Gather Gold","damage_taken":11,"max_hp_gain":0,"max_hp_loss":0,"event_name":"World of Goop","floor":5,"gold_loss":0},{"damage_healed":0,"gold_gain":0,"player_choice":"Box","damage_taken":0,"relics_obtained":["Frozen Egg 2"],"max_hp_gain":0,"max_hp_loss":0,"event_name":"Big Fish","floor":10,"gold_loss":0,"cards_obtained":["Regret"]},{"damage_healed":0,"gold_gain":0,"player_choice":"Fought Bandits","damage_taken":0,"max_hp_gain":0,"max_hp_loss":0,"event_name":"Masked Bandits","floor":19,"gold_loss":0},{"damage_healed":0,"gold_gain":0,"player_choice":"Shed Blood","damage_taken":27,"max_hp_gain":5,"max_hp_loss":0,"event_name":"Forgotten Altar","floor":20,"gold_loss":0}],"is_beta":true,"boss_relics":[{"not_picked":["Velvet Choker","Busted Crown"],"picked":"Lizard Tail"}],"items_purged_floors":[12],"is_endless":false,"potions_floor_spawned":[6,8,11,14,18,19],"killed_by":"3 Byrds","ascension_level":20}