{"gold_per_floor":[13,28,38,49,149,149,160,170,196,210,210,220,220,230,230,327,327,339,357,90,107,107],"floor_reached":22,"playtime":1301,"items_purged":["Strike_B"],"score":184,"play_id":"9a29ea11-9d59-4954-9a38-17378d355534","local_time":"20181109215157","is_ascension_mode":false,"campfire_choices":[{"data":"Static Discharge","floor":6,"key":"SMITH"},{"data":"Reinforced Body","floor":11,"key":"SMITH"},{"data":"Fusion","floor":15,"key":"SMITH"}],"neow_cost":"NO_GOLD","seed_source_timestamp":190295209780018,"circlet_count":0,"master_deck":["Strike_B","Strike_B","Defend_B","Defend_B","Defend_B","Defend_B","Zap","Dualcast","Fusion+1","Static Discharge+1","Reinforced Body+1","Go for the Eyes","Storm","Self Repair","Capacitor","Storm","Skim","Conserve Battery"],"relics":["Cracked Core","Turnip","Black Star","Toy Ornithopter"],"potions_floor_usage":[10,16,18,22],"damage_taken":[{"damage":0,"enemies":"Cultist","floor":1,"turns":3},{"damage":4,"enemies":"Small Slimes","floor":2,"turns":3},{"damage":2,"enemies":"2 Louse","floor":3,"turns":3},{"damage":8,"enemies":"Exordium Thugs","floor":4,"turns":4},{"damage":2,"enemies":"Looter","floor":7,"turns":4},{"damage":2,"enemies":"Large Slime","floor":8,"turns":6},{"damage":15,"enemies":"Gremlin Gang","floor":10,"turns":3},{"damage":12,"enemies":"Looter","floor":12,"turns":2},{"damage":20,"enemies":"Lots of Slimes","floor":14,"turns":3},{"damage":14,"enemies":"Hexaghost","floor":16,"turns":5},{"damage":27,"enemies":"2 Thieves","floor":18,"turns":3},{"damage":16,"enemies":"Shell Parasite","floor":19,"turns":6},{"damage":29,"enemies":"3 Cultists","floor":21,"turns":4},{"damage":44,"enemies":"Chosen and Byrds","floor":22,"turns":6}],"seed_played":"-5365963964985758509","potions_obtained":[{"floor":1,"key":"SpeedPotion"},{"floor":4,"key":"Fire Potion"},{"floor":7,"key":"FocusPotion"},{"floor":12,"key":"Fire Potion"}],"is_trial":false,"path_per_floor":["M","M","M","M","?","R","M","M","T","M","R","M","?","M","R","B",null,"M","M","$","M","M"],"character_chosen":"DEFECT","items_purchased":["Toy Ornithopter"],"campfire_rested":0,"item_purchase_floors":[20],"current_hp_per_floor":[75,71,69,61,61,61,59,57,57,49,49,44,44,31,31,24,75,55,46,46,24,0],"gold":107,"neow_bonus":"ONE_RARE_RELIC","is_prod":false,"is_daily":false,"chose_seed":false,"campfire_upgraded":3,"win_rate":0,"timestamp":1541818317,"path_taken":["M","M","M","M","?","R","?","M","T","M","R","M","?","M","R","BOSS","M","M","$","M","M"],"build_version":"2018-11-08","purchased_purges":1,"victory":false,"max_hp_per_floor":[75,75,75,75,75,75,75,75,75,75,75,75,75,75,75,75,75,75,75,75,75,75],"card_choices":[{"not_picked":["Auto Shields","Conserve Battery"],"picked":"Fusion","floor":1},{"not_picked":["Blizzard","Hologram"],"picked":"Static Discharge","floor":2},{"not_picked":["BootSequence","Fusion"],"picked":"Reinforced Body","floor":3},{"not_picked":["Leap","Consume"],"picked":"Go for the Eyes","floor":4},{"not_picked":["Beam Cell","Ball Lightning"],"picked":"Storm","floor":7},{"not_picked":["Rip and Tear","Doom and Gloom"],"picked":"Self Repair","floor":8},{"not_picked":["Sweeping Beam","Cold Snap"],"picked":"Capacitor","floor":10},{"not_picked":["Cold Snap","Capacitor"],"picked":"Storm","floor":12},{"not_picked":["Cold Snap","Ball Lightning","Fusion"],"picked":"SKIP","floor":14},{"not_picked":["FTL","Cold Snap+1","Hologram"],"picked":"SKIP","floor":18},{"not_picked":["Ball Lightning","Gash"],"picked":"Skim","floor":19},{"not_picked":["Hologram","Force Field"],"picked":"Conserve Battery","floor":21}],"player_experience":274243,"relics_obtained":[],"event_choices":[{"damage_healed":0,"gold_gain":100,"player_choice":"Gold","damage_taken":0,"max_hp_gain":0,"max_hp_loss":0,"event_name":"Wheel of Change","floor":5,"gold_loss":0},{"cards_removed":["Strike_B"],"damage_healed":0,"gold_gain":0,"player_choice":"Purged","damage_taken":0,"max_hp_gain":0,"max_hp_loss":0,"event_name":"Purifier","floor":13,"gold_loss":0}],"is_beta":true,"boss_relics":[{"not_picked":["Calling Bell","Orrery"],"picked":"Black Star"}],"items_purged_floors":[20],"is_endless":false,"potions_floor_spawned":[1,4,7,12,14],"killed_by":"Chosen and Byrds","ascension_level":0}