{"gold_per_floor":[118,129,145,145,145,172,142,142,169,202,50,79,98,118,118,220,220,236,252,264,283,299,299,299],"floor_reached":24,"playtime":2533,"items_purged":[],"score":231,"play_id":"af0e1827-15a9-4385-97f0-758dcf08c0f4","local_time":"20190527104728","is_ascension_mode":true,"campfire_choices":[{"floor":8,"key":"REST"},{"floor":15,"key":"REST"},{"floor":23,"key":"REST"}],"neow_cost":"NONE","seed_source_timestamp":301197667189090,"circlet_count":0,"master_deck":["Defend_G","Defend_G","Defend_G","Defend_G","Defend_G+1","Strike_G","Strike_G","Strike_G","Strike_G","Strike_G","Survivor+1","Neutralize","PiercingWail","Dagger Throw","Leg Sweep","Sucker Punch","Distraction","Blade Dance","Sucker Punch","Underhanded Strike","Storm of Steel","Distraction","Blade Dance","Flying Knee+1","Slice+1","Noxious Fumes"],"relics":["Ring of the Snake","Art of War","PreservedInsect","Potion Belt","Bronze Scales","Boot","Black Star"],"potions_floor_usage":[12,16,16,16,20,20,22],"damage_taken":[{"damage":7,"enemies":"2 Louse","floor":1,"turns":3},{"damage":1,"enemies":"Jaw Worm","floor":2,"turns":4},{"damage":2,"enemies":"Small Slimes","floor":3,"turns":4},{"damage":27,"enemies":"3 Sentries","floor":6,"turns":14},{"damage":0,"enemies":"Looter","floor":7,"turns":4},{"damage":21,"enemies":"Gremlin Nob","floor":10,"turns":6},{"damage":11,"enemies":"3 Sentries","floor":12,"turns":7},{"damage":0,"enemies":"2 Fungi Beasts","floor":13,"turns":3},{"damage":6,"enemies":"Lots of Slimes","floor":14,"turns":3},{"damage":7,"enemies":"The Guardian","floor":16,"turns":12},{"damage":0,"enemies":"3 Byrds","floor":18,"turns":1},{"damage":27,"enemies":"Chosen","floor":19,"turns":9},{"damage":23,"enemies":"Shelled Parasite and Fungi","floor":20,"turns":9},{"damage":17,"enemies":"Centurion and Healer","floor":21,"turns":7},{"damage":23,"enemies":"Sentry and Sphere","floor":22,"turns":6},{"damage":36,"enemies":"Slavers","floor":24,"turns":4}],"seed_played":"2124578318174296561","potions_obtained":[{"floor":10,"key":"Strength Potion"},{"floor":12,"key":"SpeedPotion"},{"floor":13,"key":"Ancient Potion"},{"floor":14,"key":"Strength Potion"},{"floor":16,"key":"SteroidPotion"},{"floor":18,"key":"Dexterity Potion"},{"floor":19,"key":"Regen Potion"}],"is_trial":false,"path_per_floor":["M","M","M","?","?","E","M","R","T","E","$","E","M","M","R","B",null,"M","M","M","M","M","R","E"],"character_chosen":"THE_SILENT","items_purchased":["Bronze Scales"],"campfire_rested":3,"item_purchase_floors":[11],"current_hp_per_floor":[70,69,67,72,56,29,29,53,53,32,32,21,21,15,39,32,82,82,55,47,30,7,31,0],"gold":299,"neow_bonus":"TEN_PERCENT_HP_BONUS","is_prod":false,"is_daily":false,"chose_seed":false,"campfire_upgraded":0,"win_rate":0,"timestamp":1558968448,"path_taken":["M","M","M","?","?","E","M","R","T","E","$","E","M","M","R","BOSS","M","M","M","M","M","R","E"],"build_version":"2019-01-23","purchased_purges":0,"victory":false,"max_hp_per_floor":[77,77,77,82,82,82,82,82,82,82,82,82,82,82,82,82,82,82,82,82,82,82,82,82],"card_choices":[{"not_picked":["Prepared","Dagger Throw"],"picked":"PiercingWail","floor":1},{"not_picked":["Underhanded Strike","Outmaneuver"],"picked":"Dagger Throw","floor":2},{"not_picked":["Expertise","Dagger Throw","Outmaneuver"],"picked":"SKIP","floor":3},{"not_picked":["Tools of the Trade","Masterful Stab"],"picked":"Leg Sweep","floor":6},{"not_picked":["Footwork","Backflip"],"picked":"Sucker Punch","floor":7},{"not_picked":["Blade Dance","Dagger Throw"],"picked":"Distraction","floor":10},{"not_picked":["Escape Plan","Catalyst"],"picked":"Blade Dance","floor":12},{"not_picked":["Backflip","Underhanded Strike"],"picked":"Sucker Punch","floor":13},{"not_picked":["Dagger Throw","Escape Plan"],"picked":"Underhanded Strike","floor":14},{"not_picked":["Grand Finale","Envenom"],"picked":"Storm of Steel","floor":16},{"not_picked":["Underhanded Strike","Blur+1"],"picked":"Distraction","floor":18},{"not_picked":["Riddle With Holes","Setup"],"picked":"Blade Dance","floor":19},{"not_picked":["Poisoned Stab","Choke+1"],"picked":"Flying Knee+1","floor":20},{"not_picked":["Acrobatics+1","Sucker Punch"],"picked":"Slice+1","floor":21},{"not_picked":["Masterful Stab","Underhanded Strike"],"picked":"Noxious Fumes","floor":22}],"player_experience":385001,"relics_obtained":[{"floor":6,"key":"Art of War"},{"floor":9,"key":"PreservedInsect"},{"floor":10,"key":"Potion Belt"},{"floor":12,"key":"Boot"}],"event_choices":[{"damage_healed":0,"gold_gain":0,"player_choice":"Donut","damage_taken":0,"max_hp_gain":5,"max_hp_loss":0,"event_name":"Big Fish","floor":4,"gold_loss":0},{"damage_healed":0,"gold_gain":0,"player_choice":"Entered Light","damage_taken":16,"max_hp_gain":0,"max_hp_loss":0,"event_name":"Shining Light","floor":5,"gold_loss":0,"cards_upgraded":["Defend_G","Survivor"]}],"is_beta":false,"boss_relics":[{"not_picked":["Ring of the Serpent","Fusion Hammer"],"picked":"Black Star"}],"items_purged_floors":[],"is_endless":false,"potions_floor_spawned":[10,12,13,14,16,18,19],"killed_by":"Slavers","ascension_level":1}