{"gold_per_floor":[115,134,146,163,338,338,369,369,369,379,414,414,429,429,429,527,527,511,525,127,145,145,145,157,157,157,172,172,172,172,191,191,286,286,301,1300,737,755,770,804,804,818,896,896,220,0,19,33,33,33],"floor_reached":50,"playtime":3015,"items_purged":["Normality","Normality"],"score":561,"play_id":"139a86e2-2266-4941-b9e5-3ca74fb2c232","local_time":"20181229233754","is_ascension_mode":false,"campfire_choices":[{"data":"Metallicize","floor":6,"key":"SMITH"},{"floor":12,"key":"REST"},{"data":"Armaments","floor":15,"key":"SMITH"},{"data":"Barricade","floor":23,"key":"SMITH"},{"data":"Body Slam","floor":25,"key":"SMITH"},{"data":"Metallicize","floor":29,"key":"SMITH"},{"data":"Shrug It Off","floor":32,"key":"SMITH"},{"data":"Heavy Blade","floor":41,"key":"SMITH"},{"data":"Metallicize","floor":49,"key":"SMITH"}],"neow_cost":"NONE","seed_source_timestamp":224556704537307,"circlet_count":0,"master_deck":["Strike_R+1","Strike_R+1","Strike_R","Strike_R","Defend_R","Defend_R","Defend_R","Defend_R","Bash","Metallicize+1","Shrug It Off+1","Body Slam+1","Spot Weakness","Rampage","Spot Weakness","Armaments+1","Heavy Blade+1","Heavy Blade","Barricade+1","Entrench+1","Dropkick+1","Metallicize+1","Fire Breathing+1","Metallicize+1","Reaper","Shrug It Off+1","Iron Wave+1","Shrug It Off","Dual Wield+1","Madness","Madness","Metallicize+1"],"relics":["Burning Blood","Regal Pillow","Pen Nib","Kunai","Question Card","Empty Cage","Happy Flower","Self Forming Clay","Mercury Hourglass","Ancient Tea Set","Eternal Feather","Red Skull","Blue Candle","Thread and Needle","Dodecahedron","Whetstone","Potion Belt","MealTicket","Red Mask"],"potions_floor_usage":[11,16,16,19,35,40,50,50],"damage_taken":[{"damage":0,"enemies":"2 Louse","floor":1,"turns":3},{"damage":3,"enemies":"Cultist","floor":2,"turns":4},{"damage":3,"enemies":"Jaw Worm","floor":3,"turns":5},{"damage":8,"enemies":"Lots of Slimes","floor":4,"turns":8},{"damage":33,"enemies":"Lagavulin","floor":7,"turns":11},{"damage":12,"enemies":"Looter","floor":10,"turns":3},{"damage":30,"enemies":"Gremlin Nob","floor":11,"turns":6},{"damage":5,"enemies":"Exordium Thugs","floor":13,"turns":5},{"damage":36,"enemies":"Hexaghost","floor":16,"turns":9},{"damage":27,"enemies":"2 Thieves","floor":18,"turns":4},{"damage":12,"enemies":"Shell Parasite","floor":19,"turns":3},{"damage":18,"enemies":"Cultist and Chosen","floor":21,"turns":7},{"damage":14,"enemies":"Snecko","floor":24,"turns":6},{"damage":11,"enemies":"Sentry and Sphere","floor":27,"turns":7},{"damage":6,"enemies":"Cultist and Chosen","floor":31,"turns":8},{"damage":11,"enemies":"Champ","floor":33,"turns":8},{"damage":38,"enemies":"3 Darklings","floor":35,"turns":13},{"damage":16,"enemies":"Orb Walker","floor":38,"turns":6},{"damage":3,"enemies":"Maw","floor":39,"turns":12},{"damage":13,"enemies":"Nemesis","floor":40,"turns":13},{"damage":18,"enemies":"4 Shapes","floor":42,"turns":7},{"damage":28,"enemies":"Spire Growth","floor":47,"turns":7},{"damage":23,"enemies":"Jaw Worm Horde","floor":48,"turns":36},{"damage":67,"enemies":"Donu and Deca","floor":50,"turns":7}],"seed_played":"-3389997204554865645","potions_obtained":[{"floor":3,"key":"PowerPotion"},{"floor":7,"key":"EssenceOfSteel"},{"floor":10,"key":"LiquidBronze"},{"floor":18,"key":"BloodPotion"},{"floor":27,"key":"Block Potion"},{"floor":39,"key":"SteroidPotion"},{"floor":42,"key":"GamblersBrew"},{"floor":48,"key":"Dexterity Potion"}],"is_trial":false,"path_per_floor":["M","M","M","M","?","R","E","?","T","M","E","R","M","T","R","B",null,"M","M","$","M","$","R","M","R","T","M","?","R","?","M","R","B",null,"M","?","$","M","M","E","R","M","T","?","$","?","M","M","R","B"],"character_chosen":"IRONCLAD","items_purchased":["Happy Flower","Self Forming Clay","Red Skull","Blue Candle","EssenceOfSteel","Metallicize","Whetstone","Potion Belt","MealTicket"],"campfire_rested":1,"item_purchase_floors":[20,20,37,37,37,45,45,45,45],"current_hp_per_floor":[88,88,88,86,86,86,59,59,59,53,29,70,71,71,71,41,88,67,69,69,57,57,57,49,49,49,44,44,44,44,44,44,39,88,86,86,86,76,88,88,88,83,83,72,72,72,50,46,64,0],"gold":33,"neow_bonus":"TEN_PERCENT_HP_BONUS","is_prod":false,"is_daily":false,"chose_seed":false,"campfire_upgraded":8,"win_rate":0,"timestamp":1546144674,"path_taken":["M","M","M","M","?","R","E","?","T","M","E","R","?","?","R","BOSS","M","?","$","M","$","R","M","R","T","M","?","R","?","?","R","BOSS","M","?","$","M","M","E","R","M","T","?","$","?","M","M","R","BOSS"],"build_version":"2018-12-25","purchased_purges":2,"victory":false,"max_hp_per_floor":[88,88,88,88,88,88,88,88,88,88,88,88,88,88,88,88,88,88,88,88,88,88,88,88,88,88,88,88,88,88,88,88,88,88,88,88,88,88,88,88,88,88,88,88,88,88,88,88,88,88],"card_choices":[{"not_picked":["Iron Wave","Flex"],"picked":"Metallicize","floor":1},{"not_picked":["Dropkick","Havoc"],"picked":"Shrug It Off","floor":2},{"not_picked":["Wild Strike","Searing Blow"],"picked":"Body Slam","floor":3},{"not_picked":["Feel No Pain","Hemokinesis"],"picked":"Spot Weakness","floor":4},{"not_picked":["Cleave","Infernal Blade"],"picked":"Rampage","floor":7},{"not_picked":["Body Slam","Clothesline"],"picked":"Armaments","floor":10},{"not_picked":["Evolve","Warcry"],"picked":"Heavy Blade","floor":11},{"not_picked":["Rampage","Clash"],"picked":"Heavy Blade","floor":13},{"not_picked":["Brutality","Impervious","Fiend Fire"],"picked":"Barricade","floor":16},{"not_picked":["Spot Weakness","Wild Strike+1","Heavy Blade"],"picked":"Entrench+1","floor":18},{"not_picked":["Clothesline","Armaments","Thunderclap","Warcry"],"picked":"SKIP","floor":19},{"not_picked":["Evolve","Seeing Red","Heavy Blade"],"picked":"Dropkick+1","floor":21},{"not_picked":["Sword Boomerang","Disarm","Thunderclap+1"],"picked":"Metallicize+1","floor":24},{"not_picked":["Havoc","Shrug It Off","Clothesline"],"picked":"Fire Breathing+1","floor":27},{"not_picked":["Headbutt","Body Slam","Flex+1","Perfected Strike+1"],"picked":"SKIP","floor":31},{"not_picked":["Juggernaut","Brutality","Bludgeon"],"picked":"Reaper","floor":33},{"not_picked":["Thunderclap","Body Slam","Havoc"],"picked":"Shrug It Off+1","floor":35},{"not_picked":["True Grit","Fiend Fire","Rampage"],"picked":"Iron Wave+1","floor":38},{"not_picked":["Heavy Blade","Reckless Charge+1","Armaments+1","Whirlwind+1"],"picked":"SKIP","floor":39},{"not_picked":["Sentinel","Clothesline","Second Wind"],"picked":"Shrug It Off","floor":40},{"not_picked":["Seeing Red","Armaments+1","Flex+1"],"picked":"Dual Wield+1","floor":42},{"not_picked":["Wild Strike","Bloodletting+1","Clash+1","Warcry"],"picked":"SKIP","floor":47},{"not_picked":["Twin Strike","Reckless Charge","Flex","Cleave+1"],"picked":"SKIP","floor":48}],"player_experience":692724,"relics_obtained":[{"floor":7,"key":"Regal Pillow"},{"floor":9,"key":"Pen Nib"},{"floor":11,"key":"Kunai"},{"floor":14,"key":"Question Card"},{"floor":26,"key":"Mercury Hourglass"},{"floor":30,"key":"Ancient Tea Set"},{"floor":40,"key":"Thread and Needle"},{"floor":43,"key":"Dodecahedron"}],"event_choices":[{"damage_healed":0,"gold_gain":175,"player_choice":"AGREE","damage_taken":0,"max_hp_gain":0,"max_hp_loss":0,"event_name":"Liars Game","floor":5,"gold_loss":0,"cards_obtained":["Doubt"]},{"damage_healed":0,"gold_gain":0,"player_choice":"1 cards matched","damage_taken":0,"max_hp_gain":0,"max_hp_loss":0,"event_name":"Match and Keep!","floor":8,"gold_loss":0,"cards_obtained":["Spot Weakness"]},{"damage_healed":0,"gold_gain":0,"player_choice":"Read","damage_taken":0,"max_hp_gain":0,"max_hp_loss":0,"event_name":"The Library","floor":28,"gold_loss":0,"cards_obtained":["Metallicize"]},{"damage_healed":0,"gold_gain":0,"player_choice":"Relic","damage_taken":0,"max_hp_gain":0,"max_hp_loss":0,"event_name":"Wheel of Change","floor":30,"gold_loss":0},{"damage_healed":0,"gold_gain":999,"player_choice":"Gold","damage_taken":0,"max_hp_gain":0,"max_hp_loss":0,"event_name":"MindBloom","floor":36,"gold_loss":0,"cards_obtained":["Normality","Normality"]},{"damage_healed":0,"gold_gain":0,"player_choice":"Embrace Madness","damage_taken":11,"max_hp_gain":0,"max_hp_loss":0,"event_name":"Winding Halls","floor":44,"gold_loss":0,"cards_obtained":["Madness","Madness"]},{"damage_healed":0,"gold_gain":0,"player_choice":"Paid","damage_taken":0,"relics_obtained":["Red Mask"],"max_hp_gain":0,"max_hp_loss":0,"event_name":"Tomb of Lord Red Mask","floor":46,"gold_loss":220}],"is_beta":true,"boss_relics":[{"not_picked":["Cursed Key","Ectoplasm"],"picked":"Empty Cage"},{"not_picked":["Runic Dome","Astrolabe"],"picked":"Eternal Feather"}],"items_purged_floors":[37,45],"is_endless":false,"potions_floor_spawned":[3,7,10,18,27,39,42,48],"killed_by":"Donu and Deca","ascension_level":0}