{"gold_per_floor":[111,163,177,129,142,175,190,190,258,258,276,276,276,289,289,388,388,408,408],"floor_reached":19,"playtime":1353,"items_purged":[],"score":169,"play_id":"608eb9db-af04-44ad-974f-59518074b1cc","local_time":"20190302174301","is_ascension_mode":false,"campfire_choices":[{"data":"Corpse Explosion","floor":8,"key":"SMITH"},{"data":"Finisher","floor":13,"key":"SMITH"},{"floor":15,"key":"REST"}],"neow_cost":"NONE","seed_source_timestamp":1291954214563764,"circlet_count":0,"master_deck":["Defend_G","Defend_G","Defend_G","Defend_G","Defend_G","Strike_G","Strike_G","Strike_G","Strike_G","Strike_G","Survivor","Neutralize","Finisher+1","Flying Knee","Blade Dance+1","Corpse Explosion+1","Well Laid Plans","Acrobatics","Concentrate","Die Die Die","Dagger Throw+1"],"relics":["Ring of the Snake","NeowsBlessing","Regal Pillow","Bag of Marbles","Gremlin Horn","HoveringKite"],"potions_floor_usage":[6,16,16,18],"damage_taken":[{"damage":0,"enemies":"Cultist","floor":1,"turns":1},{"damage":0,"enemies":"Jaw Worm","floor":3,"turns":1},{"damage":0,"enemies":"2 Louse","floor":5,"turns":1},{"damage":20,"enemies":"Gremlin Nob","floor":6,"turns":4},{"damage":2,"enemies":"Large Slime","floor":7,"turns":3},{"damage":0,"enemies":"Gremlin Gang","floor":11,"turns":2},{"damage":5,"enemies":"Exordium Wildlife","floor":14,"turns":4},{"damage":10,"enemies":"Slime Boss","floor":16,"turns":7},{"damage":41,"enemies":"Shell Parasite","floor":18,"turns":8},{"damage":30,"enemies":"Spheric Guardian","floor":19,"turns":3}],"seed_played":"3880841208464122310","potions_obtained":[{"floor":1,"key":"Regen Potion"},{"floor":5,"key":"Swift Potion"},{"floor":11,"key":"LiquidBronze"},{"floor":16,"key":"LiquidBronze"}],"is_trial":false,"path_per_floor":["M","T","M","?","M","E","M","R","T","?","M","?","R","M","R","B",null,"M","M"],"character_chosen":"THE_SILENT","items_purchased":[],"campfire_rested":1,"item_purchase_floors":[],"current_hp_per_floor":[70,70,70,70,70,50,48,48,48,48,48,48,48,43,70,60,70,29,0],"gold":408,"neow_bonus":"THREE_ENEMY_KILL","is_prod":false,"is_daily":false,"chose_seed":false,"campfire_upgraded":2,"win_rate":0,"timestamp":1551566581,"path_taken":["M","?","?","?","M","E","M","R","T","?","M","?","R","?","R","BOSS","M","M"],"build_version":"2019-01-23","purchased_purges":0,"victory":false,"max_hp_per_floor":[70,70,70,70,70,70,70,70,70,70,70,70,70,70,70,70,70,70,70],"card_choices":[{"not_picked":["Flechettes","Tactician"],"picked":"Finisher","floor":1},{"not_picked":["Backstab","Prepared"],"picked":"Flying Knee","floor":3},{"not_picked":["Acrobatics","Terror"],"picked":"Blade Dance","floor":5},{"not_picked":["Outmaneuver","Slice"],"picked":"Corpse Explosion","floor":6},{"not_picked":["Distraction","Sucker Punch"],"picked":"Well Laid Plans","floor":7},{"not_picked":["Bouncing Flask","Quick Slash"],"picked":"Acrobatics","floor":11},{"not_picked":["Caltrops","PiercingWail"],"picked":"Concentrate","floor":14},{"not_picked":["Unload","Envenom"],"picked":"Die Die Die","floor":16},{"not_picked":["Quick Slash","Backstab"],"picked":"Dagger Throw+1","floor":18}],"player_experience":266242,"relics_obtained":[{"floor":2,"key":"Regal Pillow"},{"floor":6,"key":"Bag of Marbles"},{"floor":9,"key":"Gremlin Horn"}],"event_choices":[{"damage_healed":0,"gold_gain":0,"player_choice":"Left Gold","damage_taken":0,"max_hp_gain":0,"max_hp_loss":0,"event_name":"World of Goop","floor":4,"gold_loss":48},{"damage_healed":0,"gold_gain":0,"player_choice":"Ignored","damage_taken":0,"max_hp_gain":0,"max_hp_loss":0,"event_name":"Liars Game","floor":10,"gold_loss":0},{"damage_healed":0,"gold_gain":0,"player_choice":"Upgraded","damage_taken":0,"max_hp_gain":0,"max_hp_loss":0,"event_name":"Upgrade Shrine","floor":12,"gold_loss":0,"cards_upgraded":["Blade Dance"]}],"is_beta":false,"boss_relics":[{"not_picked":["Cursed Key","Velvet Choker"],"picked":"HoveringKite"}],"items_purged_floors":[],"is_endless":false,"potions_floor_spawned":[1,5,11,16],"killed_by":"Spheric Guardian","ascension_level":0}