{"path_per_floor":["M","?","?","M","?","R","$","?","T","R","M","M","$","M","R","B",null,"M","$","M","M","?"],"character_chosen":"IRONCLAD","items_purchased":["Letter Opener","Shrug It Off","Metallicize"],"gold_per_floor":[114,114,114,129,304,304,28,28,28,28,49,68,31,54,54,173,173,189,114,39,58,58],"floor_reached":23,"campfire_rested":0,"playtime":1602,"current_hp_per_floor":[80,60,44,50,50,50,50,50,50,50,56,55,55,56,56,56,80,69,69,60,30,30],"items_purged":["Pain"],"gold":58,"score":188,"play_id":"a5ba0b18-d30d-43fe-9717-c08f0c431137","is_prod":false,"is_daily":false,"is_ascension_mode":true,"campfire_upgraded":3,"path_taken":["M","?","?","?","?","R","$","?","T","R","M","M","$","M","R","BOSS","M","$","M","M","?","E"],"build_version":"2018-02-12-PROD1","purchased_purges":1,"victory":false,"master_deck":["Strike_R","Strike_R","Strike_R","Strike_R","Strike_R","Defend_R","Defend_R","Defend_R+1","Defend_R+1","Bash","Pommel Strike+1","Entrench+1","Shrug It Off+1","Shrug It Off","Ghostly Armor+1","Metallicize","Flame Barrier+1","Doubt","Doubt","Feel No Pain+1","Body Slam","Writhe"],"max_hp_per_floor":[80,80,80,80,80,80,80,80,80,80,80,80,80,80,80,80,80,80,80,80,80,80],"relics":["Burning Blood","Bronze Scales","Golden Idol","Letter Opener","Gambling Chip","Calling Bell","Vajra","War Paint","Blood Vial","Oddly Smooth Stone"],"card_choices":[{"not_picked":["Burning Pact","Intimidate"],"picked":"Pommel Strike"},{"not_picked":["Double Tap","Cleave"],"picked":"Entrench"},{"not_picked":["Spot Weakness","Iron Wave"],"picked":"Shrug It Off"},{"not_picked":["Sword Boomerang","Clothesline"],"picked":"Ghostly Armor"},{"not_picked":["Disarm","Fiend Fire"],"picked":"Flame Barrier"},{"not_picked":["Entrench","Warcry"],"picked":"Feel No Pain"},{"not_picked":["Fire Breathing","Havoc"],"picked":"Body Slam"}],"player_experience":142901,"potions_floor_usage":[16,16,20],"damage_taken":[{"damage":5,"enemies":"Small Slimes","floor":1,"turns":3},{"damage":0,"enemies":"Cultist","floor":4,"turns":2},{"damage":0,"enemies":"Jaw Worm","floor":11,"turns":5},{"damage":7,"enemies":"Large Slime","floor":12,"turns":7},{"damage":5,"enemies":"Lots of Slimes","floor":14,"turns":3},{"damage":6,"enemies":"The Guardian","floor":16,"turns":15},{"damage":17,"enemies":"Chosen","floor":18,"turns":8},{"damage":17,"enemies":"2 Thieves","floor":20,"turns":5},{"damage":38,"enemies":"Chosen and Byrds","floor":21,"turns":16},{"damage":33,"enemies":"Gremlin Leader","floor":23,"turns":6}],"event_choices":[{"event_name":"Golden Idol","player_choice":"Take Damage","floor":2,"damage_taken":0},{"event_name":"Shining Light","player_choice":"Entered Light","floor":3,"damage_taken":0},{"event_name":"Liars Game","player_choice":"agreed","floor":5,"damage_taken":0},{"event_name":"Living Wall","player_choice":"Forget","floor":8,"damage_taken":0},{"event_name":"The Mausoleum","player_choice":"Yes","floor":22,"damage_taken":0}],"boss_relics":[{"not_picked":["Ectoplasm","Sozu"],"picked":"Calling Bell"}],"potions_floor_spawned":[11,12,14,18],"seed_played":"-1371803494813620686","killed_by":"Gremlin Leader","ascension_level":1,"is_trial":false}