{"gold_per_floor":[210,72,88,263,276,276,302,302,328,603,618,618],"floor_reached":12,"playtime":720,"items_purged":[],"score":113,"play_id":"312c5afe-28a6-43ba-b6ac-875b8e92d9fe","local_time":"20181203175631","is_ascension_mode":true,"campfire_choices":[{"data":"Armaments","floor":6,"key":"SMITH"},{"data":"Feed","floor":8,"key":"SMITH"}],"neow_cost":"NONE","seed_source_timestamp":443041717949608,"circlet_count":0,"master_deck":["Strike_R","Strike_R","Strike_R","Strike_R","Strike_R","Defend_R","Defend_R","Defend_R","Defend_R","Bash","Armaments+1","Feed+1","Shockwave","Doubt","Whirlwind","Regret","True Grit"],"relics":["Burning Blood","Ancient Tea Set","Centennial Puzzle"],"potions_floor_usage":[7],"damage_taken":[{"damage":1,"enemies":"Cultist","floor":1,"turns":4},{"damage":1,"enemies":"Jaw Worm","floor":3,"turns":4},{"damage":4,"enemies":"Small Slimes","floor":5,"turns":6},{"damage":34,"enemies":"Gremlin Nob","floor":7,"turns":5},{"damage":19,"enemies":"Gremlin Gang","floor":11,"turns":3},{"damage":54,"enemies":"Lagavulin Event","floor":12,"turns":8}],"seed_played":"7215838012142175262","potions_obtained":[{"floor":5,"key":"Poison Potion"}],"is_trial":false,"path_per_floor":["M","$","M","?","M","R","E","R","T","?","M","?"],"character_chosen":"IRONCLAD","items_purchased":["Feed"],"campfire_rested":0,"item_purchase_floors":[2],"current_hp_per_floor":[77,77,83,83,86,86,58,58,58,58,49,0],"gold":618,"neow_bonus":"HUNDRED_GOLD","is_prod":false,"is_daily":false,"chose_seed":false,"campfire_upgraded":2,"win_rate":0,"timestamp":1543877791,"path_taken":["M","?","?","?","M","R","E","R","T","?","?","?"],"build_version":"2018-11-15","purchased_purges":0,"victory":false,"max_hp_per_floor":[80,80,83,83,86,86,86,86,86,86,90,90],"card_choices":[{"not_picked":["Sword Boomerang","Havoc"],"picked":"Armaments","floor":1},{"not_picked":["Headbutt","Second Wind"],"picked":"Shockwave","floor":3},{"not_picked":["Perfected Strike","Reckless Charge"],"picked":"Whirlwind","floor":5},{"not_picked":["Flex","Perfected Strike","Wild Strike"],"picked":"SKIP","floor":7},{"not_picked":["Body Slam","Flex"],"picked":"True Grit","floor":11}],"player_experience":571820,"relics_obtained":[{"floor":7,"key":"Ancient Tea Set"},{"floor":9,"key":"Centennial Puzzle"}],"event_choices":[{"damage_healed":0,"gold_gain":175,"player_choice":"AGREE","damage_taken":0,"max_hp_gain":0,"max_hp_loss":0,"event_name":"Liars Game","floor":4,"gold_loss":0,"cards_obtained":["Doubt"]},{"damage_healed":0,"gold_gain":275,"player_choice":"Desecrate","damage_taken":0,"max_hp_gain":0,"max_hp_loss":0,"event_name":"Golden Shrine","floor":10,"gold_loss":0,"cards_obtained":["Regret"]},{"damage_healed":0,"gold_gain":0,"player_choice":"Searched \u00272\u0027 times","damage_taken":0,"max_hp_gain":0,"max_hp_loss":0,"event_name":"Dead Adventurer","floor":12,"gold_loss":0}],"is_beta":true,"boss_relics":[],"items_purged_floors":[],"is_endless":false,"potions_floor_spawned":[5],"killed_by":"Lagavulin Event","ascension_level":9}