{"gold_per_floor":[19,29,29,41,60,60,70,105,105,137,147,158,158,188],"floor_reached":14,"playtime":558,"items_purged":[],"score":172,"play_id":"bfa6d8df-3bda-4ca8-85e2-93acb644f99f","local_time":"20190716211458","is_ascension_mode":true,"campfire_choices":[{"data":"Bash","floor":6,"key":"SMITH"},{"data":"Armaments","floor":13,"key":"SMITH"}],"neow_cost":"NO_GOLD","seed_source_timestamp":1814326774156800,"circlet_count":0,"master_deck":["AscendersBane","Strike_R","Strike_R","Strike_R","Strike_R","Strike_R","Defend_R","Defend_R","Defend_R","Defend_R","Bash+1","Clothesline","Anger","Thunderclap","Battle Trance","Sword Boomerang","Uppercut","Combust+1","Armaments+1"],"relics":["Burning Blood","Gambling Chip","PreservedInsect","Frozen Egg 2","Sundial"],"potions_floor_usage":[10,14],"damage_taken":[{"damage":6,"enemies":"Jaw Worm","floor":1,"turns":5},{"damage":7,"enemies":"2 Louse","floor":2,"turns":3},{"damage":1,"enemies":"Cultist","floor":4,"turns":3},{"damage":14,"enemies":"Exordium Thugs","floor":5,"turns":3},{"damage":11,"enemies":"Lots of Slimes","floor":7,"turns":3},{"damage":30,"enemies":"3 Sentries","floor":8,"turns":5},{"damage":16,"enemies":"Gremlin Nob","floor":10,"turns":3},{"damage":12,"enemies":"Exordium Wildlife","floor":11,"turns":3},{"damage":31,"enemies":"Gremlin Gang","floor":12,"turns":4},{"damage":12,"enemies":"3 Sentries","floor":14,"turns":2}],"seed_played":"-2353471264550776224","potions_obtained":[{"floor":4,"key":"Dexterity Potion"},{"floor":5,"key":"Regen Potion"},{"floor":12,"key":"PowerPotion"}],"is_trial":false,"path_per_floor":["M","M","$","M","M","R","M","E","T","E","M","M","R","?"],"character_chosen":"IRONCLAD","items_purchased":[],"campfire_rested":0,"item_purchase_floors":[],"current_hp_per_floor":[72,71,71,76,68,68,63,39,39,38,32,7,7,0],"gold":188,"neow_bonus":"ONE_RARE_RELIC","is_prod":false,"is_daily":false,"chose_seed":false,"campfire_upgraded":2,"win_rate":0,"timestamp":1563326098,"path_taken":["M","M","$","M","M","R","M","E","T","E","M","M","R","?"],"build_version":"2019-07-05","purchased_purges":0,"victory":false,"max_hp_per_floor":[80,80,80,80,80,80,80,80,80,80,80,80,80,80],"card_choices":[{"not_picked":["Dropkick","Clash"],"picked":"Clothesline","floor":1},{"not_picked":["Sword Boomerang","Rampage"],"picked":"Anger","floor":2},{"not_picked":["True Grit","Blood for Blood"],"picked":"Thunderclap","floor":4},{"not_picked":["Sever Soul","Clothesline"],"picked":"Battle Trance","floor":5},{"not_picked":["Wild Strike","Pommel Strike"],"picked":"Sword Boomerang","floor":7},{"not_picked":["Metallicize","Warcry"],"picked":"Uppercut","floor":8},{"not_picked":["Body Slam","Sword Boomerang"],"picked":"Combust+1","floor":10},{"not_picked":["Evolve+1","Iron Wave"],"picked":"Armaments","floor":11},{"not_picked":["Wild Strike","Flex","Dual Wield"],"picked":"SKIP","floor":12}],"player_experience":651395,"relics_obtained":[{"floor":8,"key":"PreservedInsect"},{"floor":9,"key":"Frozen Egg 2"},{"floor":10,"key":"Sundial"}],"event_choices":[{"damage_healed":0,"gold_gain":30,"player_choice":"Searched \u00273\u0027 times","damage_taken":0,"max_hp_gain":0,"max_hp_loss":0,"event_name":"Dead Adventurer","floor":14,"gold_loss":0}],"is_beta":false,"boss_relics":[],"items_purged_floors":[],"is_endless":false,"potions_floor_spawned":[4,5,12],"killed_by":"3 Sentries","ascension_level":13}