{"gold_per_floor":[119,133,150,167,167,201,201,215,265,276,290,290,290,290,290,290],"floor_reached":16,"playtime":876,"items_purged":[],"score":146,"play_id":"aba0b0ee-103c-44b6-a26e-4d004edd12c4","local_time":"20181111223250","is_ascension_mode":true,"campfire_choices":[{"data":"Darkness","floor":7,"key":"SMITH"},{"data":"Conserve Battery","floor":12,"key":"SMITH"},{"data":"Leap","floor":15,"key":"SMITH"}],"neow_cost":"NONE","seed_source_timestamp":10056490825007,"circlet_count":0,"master_deck":["Strike_B","Strike_B","Strike_B","Strike_B","Defend_B","Defend_B","Defend_B","Defend_B","Zap","Dualcast","Stack","Sweeping Beam","Conserve Battery+1","Turbo","Darkness+1","Leap+1","Conserve Battery+1","White Noise"],"relics":["Cracked Core","Happy Flower","Pantograph","Art of War","Toxic Egg 2"],"potions_floor_usage":[6,6],"damage_taken":[{"damage":5,"enemies":"Small Slimes","floor":1,"turns":3},{"damage":1,"enemies":"Cultist","floor":2,"turns":4},{"damage":0,"enemies":"2 Louse","floor":3,"turns":2},{"damage":0,"enemies":"Large Slime","floor":4,"turns":5},{"damage":40,"enemies":"3 Sentries","floor":6,"turns":9},{"damage":6,"enemies":"Exordium Thugs","floor":8,"turns":3},{"damage":0,"enemies":"Blue Slaver","floor":10,"turns":3},{"damage":0,"enemies":"Red Slaver","floor":11,"turns":3},{"damage":36,"enemies":"The Guardian","floor":16,"turns":7}],"seed_played":"1083262776225485840","potions_obtained":[{"floor":2,"key":"Fire Potion"},{"floor":3,"key":"SkillPotion"},{"floor":8,"key":"Ancient Potion"}],"is_trial":false,"path_per_floor":["M","M","M","M","?","E","R","M","T","M","M","R","?","?","R","B"],"character_chosen":"DEFECT","items_purchased":[],"campfire_rested":0,"item_purchase_floors":[],"current_hp_per_floor":[63,62,62,62,62,22,22,16,16,16,16,16,4,9,9,0],"gold":290,"neow_bonus":"RANDOM_COMMON_RELIC","is_prod":false,"is_daily":false,"chose_seed":false,"campfire_upgraded":3,"win_rate":0,"timestamp":1541993570,"path_taken":["M","M","M","M","?","E","R","M","T","M","?","R","?","?","R","BOSS"],"build_version":"2018-11-08","purchased_purges":0,"victory":false,"max_hp_per_floor":[75,75,75,75,75,75,75,75,75,75,75,75,75,80,80,80],"card_choices":[{"not_picked":["Blizzard","Aggregate"],"picked":"Stack","floor":1},{"not_picked":["Gash","Skim"],"picked":"Sweeping Beam","floor":2},{"not_picked":["Tempest","Coolheaded"],"picked":"Conserve Battery","floor":3},{"not_picked":["Scrape","Melter"],"picked":"Turbo","floor":4},{"not_picked":["Storm","Reprogram"],"picked":"Darkness","floor":6},{"not_picked":["Recycle","Beam Cell"],"picked":"Leap","floor":8},{"not_picked":["Buffer","Beam Cell"],"picked":"Conserve Battery","floor":10},{"not_picked":["Compile Driver","BootSequence"],"picked":"White Noise","floor":11}],"player_experience":373039,"relics_obtained":[{"floor":6,"key":"Pantograph"},{"floor":9,"key":"Art of War"}],"event_choices":[{"damage_healed":0,"gold_gain":0,"player_choice":"Upgraded","damage_taken":0,"max_hp_gain":0,"max_hp_loss":0,"event_name":"Upgrade Shrine","floor":5,"gold_loss":0,"cards_upgraded":["Conserve Battery"]},{"damage_healed":0,"gold_gain":0,"player_choice":"Success","damage_taken":12,"relics_obtained":["Toxic Egg 2"],"max_hp_gain":0,"max_hp_loss":0,"event_name":"Scrap Ooze","floor":13,"gold_loss":0},{"damage_healed":0,"gold_gain":0,"player_choice":"Donut","damage_taken":0,"max_hp_gain":5,"max_hp_loss":0,"event_name":"Big Fish","floor":14,"gold_loss":0}],"is_beta":true,"boss_relics":[],"items_purged_floors":[],"is_endless":false,"potions_floor_spawned":[2,3,8],"killed_by":"The Guardian","ascension_level":8}