{"gold_per_floor":[113,44,62,72,72,100,113,127,153,166,220,236,236,248,248,346,346,356,356,329,1,1],"floor_reached":22,"playtime":2506,"items_purged":[],"score":200,"play_id":"860bcdd3-3758-487a-90c7-af28edab2dc0","local_time":"20190502170128","is_ascension_mode":true,"campfire_choices":[{"floor":13,"key":"RECALL"},{"floor":15,"key":"DIG"}],"neow_cost":"TEN_PERCENT_HP_LOSS","seed_source_timestamp":1463163822527324,"circlet_count":0,"master_deck":["Strike_B","Strike_B","Defend_B","Defend_B","Defend_B","Defend_B","Zap","Dualcast","Hologram","Gash","Compile Driver","Defragment","Coolheaded","Self Repair","White Noise","Ball Lightning","Double Energy","Defragment","Conserve Battery","BootSequence","All For One","Genetic Algorithm+1","Gash","Self Repair","Beam Cell","Turbo"],"relics":["Cracked Core","CultistMask","Shovel","Boot","Art of War","Eternal Feather","Pen Nib"],"potions_floor_usage":[8,12,16,16,16],"damage_taken":[{"damage":0,"enemies":"Small Slimes","floor":1,"turns":3},{"damage":0,"enemies":"Cultist","floor":3,"turns":3},{"damage":4,"enemies":"Jaw Worm","floor":4,"turns":4},{"damage":23,"enemies":"Lagavulin","floor":6,"turns":11},{"damage":4,"enemies":"Blue Slaver","floor":7,"turns":4},{"damage":8,"enemies":"3 Louse","floor":8,"turns":6},{"damage":6,"enemies":"Exordium Thugs","floor":10,"turns":4},{"damage":13,"enemies":"Red Slaver","floor":12,"turns":5},{"damage":0,"enemies":"Exordium Wildlife","floor":14,"turns":3},{"damage":14,"enemies":"The Guardian","floor":16,"turns":9},{"damage":7,"enemies":"Shell Parasite","floor":18,"turns":8},{"damage":20,"enemies":"2 Thieves","floor":20,"turns":5},{"damage":63,"enemies":"3 Cultists","floor":22,"turns":5}],"seed_played":"1351213034470904977","potions_obtained":[{"floor":6,"key":"SpeedPotion"},{"floor":7,"key":"Dexterity Potion"},{"floor":8,"key":"Poison Potion"},{"floor":10,"key":"FocusPotion"},{"floor":14,"key":"SkillPotion"}],"is_trial":false,"path_per_floor":["M","$","M","M","?","E","M","M","T","M","T","M","R","M","R","B",null,"M","?","M","$","M"],"character_chosen":"DEFECT","items_purchased":["Defragment","Pen Nib","Self Repair","Beam Cell","Turbo"],"campfire_rested":0,"item_purchase_floors":[2,21,21,21,21],"current_hp_per_floor":[68,68,68,64,64,48,51,50,50,51,51,45,45,52,52,45,68,68,68,55,55,0],"gold":1,"neow_bonus":"TRANSFORM_TWO_CARDS","is_prod":false,"is_daily":false,"chose_seed":false,"campfire_upgraded":0,"win_rate":0,"timestamp":1556830888,"path_taken":["M","$","M","M","?","E","?","M","T","M","?","M","R","M","R","BOSS","M","?","M","$","M"],"build_version":"2019-01-23","purchased_purges":0,"victory":false,"max_hp_per_floor":[68,68,68,68,68,68,68,68,68,68,68,68,68,68,68,68,68,68,68,68,68,68],"card_choices":[{"not_picked":["Sweeping Beam","Steam"],"picked":"Compile Driver","floor":1},{"not_picked":["Reinforced Body","Sunder"],"picked":"Coolheaded","floor":3},{"not_picked":["Beam Cell","Ball Lightning"],"picked":"Self Repair","floor":4},{"not_picked":["Steam Power","Barrage"],"picked":"White Noise","floor":6},{"not_picked":["Streamline","Aggregate"],"picked":"Ball Lightning","floor":7},{"not_picked":["Double Energy","Hologram","Sweeping Beam"],"picked":"SKIP","floor":8},{"not_picked":["Hologram","Sweeping Beam"],"picked":"Double Energy","floor":8},{"not_picked":["Ball Lightning","Thunder Strike"],"picked":"Defragment","floor":10},{"not_picked":["Hologram","Rebound"],"picked":"Conserve Battery","floor":12},{"not_picked":["Compile Driver","Turbo"],"picked":"BootSequence","floor":14},{"not_picked":["Rainbow","Biased Cognition"],"picked":"All For One","floor":16},{"not_picked":["Ball Lightning","Hologram+1"],"picked":"Genetic Algorithm+1","floor":18},{"not_picked":["Steam","Streamline"],"picked":"Gash","floor":20}],"player_experience":310029,"relics_obtained":[{"floor":6,"key":"Shovel"},{"floor":11,"key":"Boot"},{"floor":15,"key":"Art of War"}],"event_choices":[{"damage_healed":0,"gold_gain":0,"player_choice":"Trade","damage_taken":0,"relics_obtained":["CultistMask"],"max_hp_gain":0,"max_hp_loss":0,"event_name":"FaceTrader","floor":5,"gold_loss":0},{"damage_healed":0,"gold_gain":0,"player_choice":"Ignored","damage_taken":0,"max_hp_gain":0,"max_hp_loss":0,"event_name":"N\u0027loth","floor":19,"gold_loss":0}],"is_beta":false,"boss_relics":[{"not_picked":["Empty Cage","Snecko Eye"],"picked":"Eternal Feather"}],"items_purged_floors":[],"is_endless":false,"potions_floor_spawned":[6,7,8,10,14],"killed_by":"3 Cultists","ascension_level":1}