{"gold_per_floor":[363,380,455,455,455,455,469,469,492,181,181,194,214,231,231,336,336,316,241,255,255,215,215,233,233,260,272,290,290,290,300,300,402,402,421,421,439,439,439,439,439,453,453,137,157,170,21,40,40,40],"floor_reached":51,"playtime":3273,"items_purged":["Strike_R","Strike_R"],"score":1166,"play_id":"735d0637-fbb2-4e30-a5ea-64633413664c","local_time":"20190112021248","is_ascension_mode":true,"campfire_choices":[{"data":"Armaments","floor":6.0,"key":"SMITH"},{"data":"True Grit","floor":8.0,"key":"SMITH"},{"floor":11.0,"key":"REST"},{"data":"Barricade","floor":15.0,"key":"SMITH"},{"floor":23.0,"key":"REST"},{"floor":25.0,"key":"REST"},{"data":"Body Slam","floor":30.0,"key":"SMITH"},{"data":"Offering","floor":32.0,"key":"SMITH"},{"floor":40.0,"key":"REST"},{"floor":49,"key":"REST"}],"neow_cost":"PERCENT_DAMAGE","seed_source_timestamp":108049916808101,"circlet_count":0,"master_deck":["AscendersBane","Strike_R","Strike_R","Defend_R","Defend_R+1","Defend_R","Defend_R","Bash","Shockwave+1","Armaments+1","True Grit+1","Shrug It Off","Barricade+1","Offering+1","Shrug It Off","Disarm","Shrug It Off","Body Slam+1","Shrug It Off","Entrench+1","Ghostly Armor","Shrug It Off","Evolve+1","Feed","Madness","Madness","Flash of Steel","Armaments+1","Body Slam"],"special_seed":0,"relics":["Burning Blood","War Paint","Pen Nib","Potion Belt","Orrery","PreservedInsect","Fusion Hammer","Ice Cream","Letter Opener"],"potions_floor_usage":[50,50,50],"damage_taken":[{"damage":10.0,"enemies":"Cultist","floor":1.0,"turns":5.0},{"damage":7.0,"enemies":"2 Louse","floor":2.0,"turns":5.0},{"damage":2.0,"enemies":"Small Slimes","floor":7.0,"turns":5.0},{"damage":9.0,"enemies":"Looter","floor":12.0,"turns":3.0},{"damage":11.0,"enemies":"Gremlin Gang","floor":13.0,"turns":5.0},{"damage":3.0,"enemies":"2 Fungi Beasts","floor":14.0,"turns":5.0},{"damage":33.0,"enemies":"Slime Boss","floor":16.0,"turns":47.0},{"damage":22.0,"enemies":"2 Thieves","floor":18.0,"turns":4.0},{"damage":21.0,"enemies":"Chosen","floor":20.0,"turns":8.0},{"damage":7.0,"enemies":"Colosseum Slavers","floor":21.0,"turns":7.0},{"damage":17.0,"enemies":"Shelled Parasite and Fungi","floor":24.0,"turns":10.0},{"damage":6.0,"enemies":"Centurion and Healer","floor":27.0,"turns":10.0},{"damage":11.0,"enemies":"3 Cultists","floor":28.0,"turns":10.0},{"damage":6.0,"enemies":"Snecko","floor":31.0,"turns":6.0},{"damage":6.0,"enemies":"Automaton","floor":33.0,"turns":11.0},{"damage":26.0,"enemies":"3 Shapes","floor":35.0,"turns":4.0},{"damage":26.0,"enemies":"3 Darklings","floor":37.0,"turns":26.0},{"damage":10.0,"enemies":"Jaw Worm Horde","floor":42.0,"turns":8.0},{"damage":20.0,"enemies":"Writhing Mass","floor":45.0,"turns":9.0},{"damage":9.0,"enemies":"Sphere and 2 Shapes","floor":46.0,"turns":8.0},{"damage":11,"enemies":"Transient","floor":48,"turns":5},{"damage":37,"enemies":"Awakened One","floor":50,"turns":8}],"seed_played":"8207046615832446362","potions_obtained":[{"floor":7.0,"key":"FearPotion"},{"floor":13.0,"key":"Dexterity Potion"},{"floor":14.0,"key":"Dexterity Potion"},{"floor":18.0,"key":"Poison Potion"},{"floor":22.0,"key":"EntropicBrew"},{"floor":22.0,"key":"Fire Potion"},{"floor":28.0,"key":"SkillPotion"},{"floor":33.0,"key":"GamblersBrew"},{"floor":45.0,"key":"LiquidBronze"},{"floor":46.0,"key":"SkillPotion"}],"is_trial":false,"path_per_floor":["M","M","?","?","?","R","M","R","T","$","R","M","M","M","R","B",null,"M","?","M","?","?","R","M","R","T","M","M","?","R","M","R","B",null,"M","?","M","?","?","R","?","M","T","$","M","M","$","M","R","B",null],"character_chosen":"IRONCLAD","items_purchased":["Pen Nib","Potion Belt","Letter Opener","Dexterity Potion"],"campfire_rested":5,"item_purchase_floors":[10,10,44,47],"current_hp_per_floor":[47,46,35,40,32,32,36,36,36,36,61,58,53,56,56,29,71,55,55,40,39,39,64,53,78,78,78,81,81,81,81,81,81,84,68,57,41,41,41,68,68,67,67,67,53,50,50,45,73,42],"gold":40,"neow_bonus":"TWO_FIFTY_GOLD","is_prod":false,"is_daily":false,"chose_seed":false,"campfire_upgraded":5,"win_rate":0,"timestamp":1547277168,"path_taken":["M","?","?","?","?","R","M","R","T","$","R","?","M","?","R","BOSS","M","?","M","?","?","R","M","R","T","?","M","?","R","M","R","BOSS","M","?","M","?","?","R","?","M","T","$","M","M","$","M","R","BOSS"],"build_version":"2019-01-10","purchased_purges":2,"victory":true,"max_hp_per_floor":[80,80,80,85,85,85,85,85,85,85,85,85,85,85,85,85,85,85,85,85,85,85,85,85,85,85,85,85,85,85,85,85,85,85,89,89,93,93,93,93,93,96,96,96,96,96,96,96,96,96],"card_choices":[{"not_picked":["Thunderclap","Reckless Charge"],"picked":"Shockwave","floor":1.0},{"not_picked":["Headbutt","Whirlwind"],"picked":"Armaments","floor":2.0},{"not_picked":["Warcry","Flex"],"picked":"True Grit","floor":7.0},{"not_picked":["Twin Strike","Hemokinesis","Clash"],"picked":"SKIP","floor":12.0},{"not_picked":["Cleave","Battle Trance"],"picked":"Shrug It Off","floor":13.0},{"not_picked":["Headbutt","Heavy Blade"],"picked":"Barricade","floor":14.0},{"not_picked":["Brutality","Exhume"],"picked":"Offering","floor":16.0},{"not_picked":["Anger","Sword Boomerang"],"picked":"Shrug It Off","floor":17.0},{"not_picked":["Thunderclap","Sword Boomerang"],"picked":"Disarm","floor":17.0},{"not_picked":["Thunderclap","Inflame"],"picked":"Shrug It Off","floor":17.0},{"not_picked":["Havoc","Infernal Blade"],"picked":"Body Slam","floor":17.0},{"not_picked":["Headbutt","Thunderclap"],"picked":"Shrug It Off","floor":18.0},{"not_picked":["Carnage","Wild Strike"],"picked":"Entrench+1","floor":20.0},{"not_picked":["Flex","Rampage","Bloodletting"],"picked":"SKIP","floor":24.0},{"not_picked":["Reaper","Shockwave"],"picked":"Ghostly Armor","floor":27.0},{"not_picked":["Sword Boomerang","Spot Weakness"],"picked":"Shrug It Off","floor":28.0},{"not_picked":["Twin Strike","Cleave"],"picked":"Evolve+1","floor":31.0},{"not_picked":["Fiend Fire","Bludgeon"],"picked":"Feed","floor":33.0},{"not_picked":["Havoc","Clash","Sentinel"],"picked":"SKIP","floor":35.0},{"not_picked":["Rampage","Clothesline","Havoc"],"picked":"SKIP","floor":37.0},{"not_picked":["Dramatic Entrance","Enlightenment"],"picked":"Flash of Steel","floor":38.0},{"not_picked":["Rage","Havoc","Twin Strike+1"],"picked":"SKIP","floor":42.0},{"not_picked":["Flex","Cleave"],"picked":"Armaments+1","floor":45.0},{"not_picked":["Clash","Exhume","Headbutt"],"picked":"SKIP","floor":46.0},{"not_picked":["Flex","Cleave"],"picked":"Body Slam","floor":48}],"player_experience":789301,"relics_obtained":[{"floor":9.0,"key":"War Paint"},{"floor":26.0,"key":"PreservedInsect"},{"floor":43.0,"key":"Ice Cream"}],"event_choices":[{"damage_healed":0.0,"max_hp_gain":0.0,"max_hp_loss":0.0,"gold_gain":75.0,"event_name":"World of Goop","player_choice":"Gather Gold","floor":3.0,"gold_loss":0.0,"damage_taken":11.0},{"damage_healed":0.0,"max_hp_gain":5.0,"max_hp_loss":0.0,"gold_gain":0.0,"event_name":"Big Fish","player_choice":"Donut","floor":4.0,"gold_loss":0.0,"damage_taken":0.0},{"damage_healed":0.0,"max_hp_gain":0.0,"max_hp_loss":0.0,"gold_gain":0.0,"event_name":"Wheel of Change","player_choice":"Damaged","floor":5.0,"gold_loss":0.0,"damage_taken":8.0},{"cards_removed":["Strike_R"],"damage_healed":0.0,"max_hp_gain":0.0,"max_hp_loss":0.0,"gold_gain":0.0,"event_name":"Beggar","player_choice":"Gave Gold","floor":19.0,"gold_loss":75.0,"damage_taken":0.0},{"damage_healed":0.0,"max_hp_gain":0.0,"max_hp_loss":0.0,"gold_gain":0.0,"event_name":"Colosseum","player_choice":"Fight","floor":21.0,"gold_loss":0.0,"damage_taken":0.0},{"damage_healed":0.0,"max_hp_gain":0.0,"max_hp_loss":0.0,"gold_gain":0.0,"event_name":"Colosseum","player_choice":"Fled From Nobs","floor":21.0,"gold_loss":0.0,"damage_taken":0.0},{"damage_healed":0.0,"max_hp_gain":0.0,"max_hp_loss":0.0,"gold_gain":0.0,"event_name":"The Woman in Blue","player_choice":"Bought 3 Potions","floor":22.0,"gold_loss":0.0,"damage_taken":0.0},{"damage_healed":0.0,"max_hp_gain":0.0,"max_hp_loss":0.0,"gold_gain":0.0,"event_name":"Ghosts","player_choice":"Ignored","floor":29.0,"gold_loss":0.0,"damage_taken":0.0},{"damage_healed":0.0,"max_hp_gain":0.0,"max_hp_loss":0.0,"gold_gain":0.0,"event_name":"Winding Halls","player_choice":"Embrace Madness","floor":36.0,"gold_loss":0.0,"damage_taken":11.0,"cards_obtained":["Madness","Madness"]},{"damage_healed":0.0,"max_hp_gain":0.0,"max_hp_loss":0.0,"gold_gain":0.0,"event_name":"SensoryStone","player_choice":"Memory 1","floor":38.0,"gold_loss":0.0,"damage_taken":0.0},{"damage_healed":0.0,"max_hp_gain":0.0,"max_hp_loss":0.0,"gold_gain":0.0,"event_name":"Tomb of Lord Red Mask","player_choice":"Ignored","floor":39.0,"gold_loss":0.0,"damage_taken":0.0},{"damage_healed":0.0,"max_hp_gain":0.0,"max_hp_loss":0.0,"gold_gain":0.0,"event_name":"Mysterious Sphere","player_choice":"Ignored","floor":41.0,"gold_loss":0.0,"damage_taken":0.0}],"is_beta":true,"boss_relics":[{"not_picked":["Sozu","Pandora\u0027s Box"],"picked":"Orrery"},{"not_picked":["Eternal Feather","White Beast Statue"],"picked":"Fusion Hammer"}],"items_purged_floors":[44,47],"is_endless":false,"potions_floor_spawned":[7,13,14,18,21,28,33,45,46],"ascension_level":12}