{"path_per_floor":["M","T","?","$","M","E","M","R","T","E","$","R","M","M","R","B",null,"M","M","M","?","$","R","?","E","T","M","$","M","?","M","R","B",null,"M","M","$","?","T"],"character_chosen":"IRONCLAD","items_purchased":["Anchor","War Paint","Metallicize","Lantern","True Grit"],"gold_per_floor":[214,293,293,2,13,45,59,59,59,88,50,50,64,81,81,176,176,141,155,169,169,15,15,15,47,100,119,21,38,38,54,54,152,152,168,183,83,0,46,46],"floor_reached":40,"campfire_rested":0,"playtime":4352,"current_hp_per_floor":[80,80,80,80,80,65,71,71,71,77,77,77,75,80,80,56,80,73,80,80,80,80,80,80,19,19,28,28,22,48,56,56,24,112,112,95,95,95,102,0],"items_purged":["Writhe","Decay"],"gold":46,"score":538,"play_id":"dd73e183-19ec-4bff-aaa5-7032b0ef82ee","local_time":"20180504200645","is_prod":false,"is_daily":false,"chose_seed":false,"is_ascension_mode":true,"campfire_upgraded":5,"timestamp":1525478805,"path_taken":["M","?","?","$","M","E","?","R","T","E","?","R","?","M","R","BOSS","M","M","M","?","$","R","?","E","T","M","?","?","?","M","R","BOSS","M","M","$","?","?","E"],"build_version":"2018-05-03","seed_source_timestamp":81835019533410,"purchased_purges":2,"victory":false,"master_deck":["Strike_R","Strike_R","Strike_R","Strike_R","Defend_R+1","Defend_R","Defend_R+1","Defend_R","Bash","Iron Wave","Pommel Strike+1","Metallicize+1","Flex","Flex","Metallicize+1","Reaper","True Grit","Impervious","Warcry+1","Flex","Feel No Pain+1","Flex+1","Second Wind+1","True Grit","Disarm+1","True Grit","Fiend Fire","Parasite","Writhe","Fire Breathing+1"],"max_hp_per_floor":[80,80,80,80,80,80,80,80,80,80,80,80,80,80,80,80,80,80,80,80,80,80,80,80,80,80,80,80,80,80,80,80,80,112,112,112,112,112,119,119],"relics":["Burning Blood","Meat on the Bone","Anchor","War Paint","Happy Flower","Prayer Wheel","Dead Branch","Black Star","Lantern","Ancient Tea Set","Centennial Puzzle","Darkstone Periapt","Tiny Chest","Calling Bell","Vajra","Toxic Egg 2","Mango","Red Mask","Strawberry"],"card_choices":[{"not_picked":["Combust","Cleave"],"picked":"Iron Wave","floor":1},{"not_picked":["Thunderclap","Whirlwind"],"picked":"Pommel Strike","floor":5},{"not_picked":["True Grit","Shrug It Off"],"picked":"Metallicize","floor":6},{"not_picked":["Sever Soul","Cleave"],"picked":"Flex","floor":7},{"not_picked":["Pommel Strike","Sword Boomerang"],"picked":"Flex","floor":10},{"not_picked":["True Grit","Clothesline"],"picked":"Reaper","floor":13},{"not_picked":["Disarm","Cleave"],"picked":"True Grit","floor":14},{"not_picked":["Berserk","Offering"],"picked":"Impervious","floor":16},{"not_picked":["Combust","Shrug It Off"],"picked":"Warcry","floor":19},{"not_picked":["Reckless Charge","Iron Wave"],"picked":"Flex","floor":20},{"not_picked":["Disarm","Combust"],"picked":"Feel No Pain","floor":25},{"not_picked":["Perfected Strike","Twin Strike"],"picked":"Flex","floor":26},{"not_picked":["Brutality","Wild Strike"],"picked":"Second Wind","floor":27},{"not_picked":["Body Slam","Hemokinesis"],"picked":"Disarm","floor":29},{"not_picked":["Iron Wave","Bloodletting"],"picked":"True Grit","floor":31},{"not_picked":["Juggernaut","Impervious"],"picked":"Fiend Fire","floor":33},{"not_picked":["Searing Blow","Cleave"],"picked":"Fire Breathing","floor":39}],"player_experience":146145,"potions_floor_usage":[10,16,19,19,19,25,29,40],"damage_taken":[{"damage":6,"enemies":"Cultist","floor":1,"turns":3},{"damage":0,"enemies":"Jaw Worm","floor":5,"turns":3},{"damage":21,"enemies":"Gremlin Nob","floor":6,"turns":5},{"damage":0,"enemies":"Small Slimes","floor":7,"turns":3},{"damage":0,"enemies":"3 Sentries","floor":10,"turns":9},{"damage":8,"enemies":"Gremlin Gang","floor":13,"turns":5},{"damage":1,"enemies":"Exordium Thugs","floor":14,"turns":4},{"damage":59,"enemies":"Hexaghost","floor":16,"turns":15},{"damage":13,"enemies":"2 Thieves","floor":18,"turns":5},{"damage":5,"enemies":"3 Byrds","floor":19,"turns":6},{"damage":4,"enemies":"Snecko","floor":20,"turns":7},{"damage":99,"enemies":"Gremlin Leader","floor":25,"turns":11},{"damage":13,"enemies":"Chosen and Byrds","floor":27,"turns":12},{"damage":30,"enemies":"Snake Plant","floor":29,"turns":10},{"damage":28,"enemies":"3 Cultists","floor":31,"turns":8},{"damage":74,"enemies":"Automaton","floor":33,"turns":11},{"damage":10,"enemies":"Orb Walker","floor":35,"turns":7},{"damage":29,"enemies":"3 Darklings","floor":36,"turns":9},{"damage":129,"enemies":"2 Orb Walkers","floor":40,"turns":7}],"event_choices":[{"event_name":"Purifier","player_choice":"One Purge","floor":3,"damage_taken":0},{"event_name":"Vampires","player_choice":"Ignored","floor":21,"damage_taken":0},{"event_name":"The Mausoleum","player_choice":"Yes","floor":24,"damage_taken":0},{"event_name":"The Library","player_choice":"Heal","floor":30,"damage_taken":0},{"event_name":"Tomb of Lord Red Mask","player_choice":"Paid","floor":38,"damage_taken":0}],"boss_relics":[{"not_picked":["Astrolabe","Ectoplasm"],"picked":"Black Star"},{"not_picked":["Velvet Choker","Runic Dome"],"picked":"Calling Bell"}],"potions_floor_spawned":[1,5,13,14,16,19,27,36],"seed_played":"-2245114988583030587","killed_by":"2 Orb Walkers","ascension_level":1,"is_trial":false}