{"gold_per_floor":[110,127,138,153,10,10,24,24,49,49,60,60,77,94,94,192,192,208,208,226,226,242,242,253,253,277,277,202,220,220,234,234,234],"floor_reached":33,"playtime":1683,"items_purged":[],"score":268,"play_id":"d9cbf955-8484-4ab3-9b56-6041e8e29c39","local_time":"20181110093551","is_ascension_mode":false,"campfire_choices":[{"data":"Cold Snap","floor":6,"key":"SMITH"},{"data":"Zap","floor":8,"key":"SMITH"},{"data":"Defend_B","floor":10,"key":"SMITH"},{"data":"Tempest","floor":12,"key":"SMITH"},{"data":"Doom and Gloom","floor":15,"key":"SMITH"},{"data":"Glacier","floor":23,"key":"SMITH"},{"data":"Defend_B","floor":27,"key":"SMITH"},{"data":"Loop","floor":30,"key":"SMITH"},{"data":"Dualcast","floor":32,"key":"SMITH"}],"neow_cost":"NONE","seed_source_timestamp":232144162527829,"circlet_count":0,"master_deck":["Strike_B+1","Strike_B+1","Defend_B","Defend_B","Defend_B+1","Defend_B+1","Zap+1","Dualcast+1","Hologram","Cold Snap+1","Tempest+1","Self Repair","Doom and Gloom+1","Glacier+1","Coolheaded+1","Go for the Eyes+1","Loop+1","Darkness+1"],"relics":["Cracked Core","Bag of Preparation","Anchor","The Courier","Whetstone"],"potions_floor_usage":[13,33],"damage_taken":[{"damage":0,"enemies":"Cultist","floor":1,"turns":4},{"damage":0,"enemies":"Small Slimes","floor":2,"turns":4},{"damage":0,"enemies":"Jaw Worm","floor":3,"turns":3},{"damage":5,"enemies":"Blue Slaver","floor":4,"turns":3},{"damage":8,"enemies":"Looter","floor":7,"turns":2},{"damage":0,"enemies":"Large Slime","floor":11,"turns":4},{"damage":0,"enemies":"Exordium Thugs","floor":13,"turns":3},{"damage":6,"enemies":"Gremlin Gang","floor":14,"turns":3},{"damage":1,"enemies":"Slime Boss","floor":16,"turns":8},{"damage":24,"enemies":"Shell Parasite","floor":18,"turns":6},{"damage":20,"enemies":"2 Thieves","floor":20,"turns":4},{"damage":10,"enemies":"Sentry and Sphere","floor":22,"turns":4},{"damage":6,"enemies":"Snecko","floor":24,"turns":4},{"damage":25,"enemies":"Centurion and Healer","floor":29,"turns":8},{"damage":0,"enemies":"Snake Plant","floor":31,"turns":3},{"damage":54,"enemies":"Champ","floor":33,"turns":12}],"seed_played":"6652552753794073838","potions_obtained":[{"floor":2,"key":"Ancient Potion"},{"floor":4,"key":"Weak Potion"},{"floor":11,"key":"SkillPotion"},{"floor":14,"key":"FocusPotion"},{"floor":29,"key":"Block Potion"}],"is_trial":false,"path_per_floor":["M","M","M","M","$","R","M","R","T","R","M","R","M","M","R","B",null,"M","?","M","?","M","R","M","T","T","R","?","M","R","M","R","B"],"character_chosen":"DEFECT","items_purchased":["Bag of Preparation"],"campfire_rested":0,"item_purchase_floors":[5],"current_hp_per_floor":[82,82,82,77,77,77,69,69,69,69,69,69,69,70,70,76,82,65,92,72,72,62,62,63,63,63,63,63,45,45,45,45,0],"gold":234,"neow_bonus":"TEN_PERCENT_HP_BONUS","is_prod":false,"is_daily":false,"chose_seed":false,"campfire_upgraded":9,"win_rate":0,"timestamp":1541860551,"path_taken":["M","M","?","M","?","R","M","R","T","R","M","R","M","M","R","BOSS","M","?","?","?","M","R","M","?","T","R","?","M","R","M","R","BOSS"],"build_version":"2018-11-08","purchased_purges":0,"victory":false,"max_hp_per_floor":[82,82,82,82,82,82,82,82,82,82,82,82,82,82,82,82,82,82,92,92,92,92,92,92,92,92,92,92,92,92,92,92,92],"card_choices":[{"not_picked":["Turbo","Steam"],"picked":"Hologram","floor":1},{"not_picked":["Steam Power","Compile Driver"],"picked":"Cold Snap","floor":2},{"not_picked":["Rebound","Hologram","Beam Cell"],"picked":"SKIP","floor":3},{"not_picked":["Redo","Scrape","Hologram"],"picked":"SKIP","floor":4},{"not_picked":["Compile Driver","Biased Cognition","Cold Snap"],"picked":"SKIP","floor":7},{"not_picked":["Barrage","Fusion"],"picked":"Tempest","floor":11},{"not_picked":["Hologram","Steam"],"picked":"Self Repair","floor":13},{"not_picked":["Turbo","Barrage"],"picked":"Doom and Gloom","floor":14},{"not_picked":["Seek","Rainbow"],"picked":"Creative AI","floor":16},{"not_picked":["Doom and Gloom","Capacitor"],"picked":"Glacier","floor":18},{"not_picked":["Tempest","Force Field+1"],"picked":"Coolheaded+1","floor":20},{"not_picked":["Lockon","Rebound","Beam Cell"],"picked":"SKIP","floor":22},{"not_picked":["Skim","Hologram"],"picked":"Go for the Eyes+1","floor":24},{"not_picked":["Coolheaded","Stack"],"picked":"Loop","floor":29},{"not_picked":["Conserve Battery","Ball Lightning"],"picked":"Darkness+1","floor":31}],"player_experience":307583,"relics_obtained":[{"floor":9,"key":"Anchor"},{"floor":25,"key":"The Courier"},{"floor":26,"key":"Whetstone"}],"event_choices":[{"cards_removed":["Creative AI"],"damage_healed":17,"gold_gain":0,"player_choice":"Offered Rare","damage_taken":0,"max_hp_gain":10,"max_hp_loss":0,"event_name":"Bonfire Elementals","floor":19,"gold_loss":0},{"cards_removed":["Strike_B"],"damage_healed":0,"gold_gain":0,"player_choice":"Elegance","damage_taken":0,"max_hp_gain":0,"max_hp_loss":0,"event_name":"Back to Basics","floor":21,"gold_loss":0},{"cards_removed":["Strike_B"],"damage_healed":0,"gold_gain":0,"player_choice":"Gave Gold","damage_taken":0,"max_hp_gain":0,"max_hp_loss":0,"event_name":"Beggar","floor":28,"gold_loss":75}],"is_beta":true,"boss_relics":[{"not_picked":["Ectoplasm","Fusion Hammer","Snecko Eye"]}],"items_purged_floors":[],"is_endless":false,"potions_floor_spawned":[2,4,11,14,22,29,31],"killed_by":"Champ","ascension_level":0}