{"gold_per_floor":[112,125,140,140,160,160,176,176,200,200,375,375],"floor_reached":12,"playtime":523,"items_purged":[],"score":79,"play_id":"2d364dc8-eca3-40fd-8431-1eb11930f1c3","local_time":"20190714224827","is_ascension_mode":true,"campfire_choices":[{"data":"Zap","floor":6,"key":"SMITH"},{"data":"Reinforced Body","floor":8,"key":"SMITH"},{"data":"Dualcast","floor":10,"key":"SMITH"}],"neow_cost":"NONE","seed_source_timestamp":249496743594000,"circlet_count":0,"master_deck":["Strike_B","Strike_B","Strike_B","Defend_B","Defend_B","Defend_B","Defend_B","Zap+1","Dualcast+1","Reinforced Body+1","Tempest","Gash","Capacitor","Doubt"],"relics":["Cracked Core","NeowsBlessing","Happy Flower"],"potions_floor_usage":[],"damage_taken":[{"damage":0,"enemies":"Jaw Worm","floor":1,"turns":1},{"damage":0,"enemies":"Cultist","floor":2,"turns":1},{"damage":0,"enemies":"2 Louse","floor":3,"turns":1},{"damage":3,"enemies":"Exordium Wildlife","floor":5,"turns":8},{"damage":11,"enemies":"Looter","floor":7,"turns":3},{"damage":24,"enemies":"Lots of Slimes","floor":12,"turns":4}],"seed_played":"-1624374097058529120","potions_obtained":[{"floor":3,"key":"Ancient Potion"},{"floor":5,"key":"EssenceOfSteel"}],"is_trial":false,"path_per_floor":["M","M","M","?","M","R","M","R","T","R","?","M"],"character_chosen":"DEFECT","items_purchased":[],"campfire_rested":0,"item_purchase_floors":[],"current_hp_per_floor":[75,75,75,75,72,72,61,61,61,61,61,37],"gold":375,"neow_bonus":"THREE_ENEMY_KILL","is_prod":false,"is_daily":false,"chose_seed":false,"campfire_upgraded":3,"win_rate":0,"timestamp":1563158907,"path_taken":["M","M","M","?","M","R","?","R","T","R","?","M"],"build_version":"2019-07-05","purchased_purges":0,"victory":false,"max_hp_per_floor":[75,75,75,75,75,75,75,75,75,75,75,75],"card_choices":[{"not_picked":["Conserve Battery","FTL"],"picked":"Reinforced Body","floor":1},{"not_picked":["Go for the Eyes","Sweeping Beam"],"picked":"Tempest","floor":2},{"not_picked":["Beam Cell","Leap"],"picked":"Gash","floor":3},{"not_picked":["Coolheaded","Sweeping Beam","Go for the Eyes"],"picked":"SKIP","floor":5},{"not_picked":["Redo","Barrage"],"picked":"Capacitor","floor":7}],"player_experience":719444,"relics_obtained":[{"floor":9,"key":"Happy Flower"}],"event_choices":[{"cards_removed":["Strike_B"],"damage_healed":0,"gold_gain":0,"player_choice":"Offered Basic","damage_taken":0,"max_hp_gain":0,"max_hp_loss":0,"event_name":"Bonfire Elementals","floor":4,"gold_loss":0},{"damage_healed":0,"gold_gain":175,"player_choice":"AGREE","damage_taken":0,"max_hp_gain":0,"max_hp_loss":0,"event_name":"Liars Game","floor":11,"gold_loss":0,"cards_obtained":["Doubt"]}],"is_beta":false,"boss_relics":[],"items_purged_floors":[],"is_endless":false,"potions_floor_spawned":[3,5,12],"killed_by":"Lots of Slimes","ascension_level":2}