{"path_per_floor":["M","?","?","?","M","R","$","M","T","T","M","?","M","E","R","B",null,"M","?","?","M","$","E","M","M","T","R","$","R","M","M","R"],"character_chosen":"THE_SILENT","items_purchased":["Bag of Preparation","Mercury Hourglass","Happy Flower","Strength Potion"],"gold_per_floor":[214,244,244,244,258,258,38,53,53,80,92,92,112,137,137,239,239,250,250,250,260,8,335,347,359,384,384,90,90,101,113,113],"floor_reached":33,"campfire_rested":2,"playtime":2649,"current_hp_per_floor":[65,65,65,71,69,69,69,69,69,69,65,65,64,47,47,45,82,74,74,74,57,57,58,53,37,37,61,61,61,46,39,63],"items_purged":["Injury","Writhe"],"gold":113,"score":280,"play_id":"9f0ab8dc-3e11-424a-92f9-a170158f9832","is_prod":false,"is_daily":false,"is_ascension_mode":true,"campfire_upgraded":3,"path_taken":["M","?","?","?","M","R","?","M","T","?","?","?","M","E","R","BOSS","M","?","?","M","$","E","?","M","T","R","$","R","M","M","R","BOSS"],"build_version":"2018-02-12-PROD1","purchased_purges":4,"victory":false,"master_deck":["Defend_G","Defend_G","Defend_G","Defend_G","Defend_G","Strike_G","Strike_G","Strike_G+1","Strike_G","Strike_G","Survivor","Neutralize+1","Caltrops+1","Backstab","After Image","Outmaneuver+1","Backstab","Prepared+1","After Image","Unload"],"max_hp_per_floor":[70,70,70,76,76,76,76,76,76,76,76,76,76,76,76,76,82,82,82,82,82,82,82,82,82,82,82,82,82,82,82,82],"relics":["Ring of the Snake","Tiny Chest","Darkstone Periapt","Bag of Preparation","Whetstone","Omamori","Tingsha","Calling Bell","Blue Candle","Ancient Tea Set","Toxic Egg 2","Vajra","Orichalcum","Mercury Hourglass","Old Coin","Bronze Scales","Happy Flower"],"card_choices":[{"not_picked":["Accuracy","Riddle With Holes"],"picked":"Caltrops"},{"not_picked":["Flechettes","Cloak And Dagger"],"picked":"Backstab"},{"not_picked":["Flying Knee","Blur"],"picked":"After Image"},{"not_picked":["Backflip","Dagger Throw"],"picked":"Outmaneuver"},{"not_picked":["Crippling Poison","Blur"],"picked":"Backstab"},{"not_picked":["PiercingWail","Blur"],"picked":"Prepared"},{"not_picked":["Unload","Adrenaline"],"picked":"After Image"},{"not_picked":["Bane","Heel Hook"],"picked":"Unload"}],"player_experience":131554,"potions_floor_usage":[23,33,33,33],"damage_taken":[{"damage":5,"enemies":"2 Louse","floor":1,"turns":5},{"damage":2,"enemies":"Cultist","floor":5,"turns":5},{"damage":0,"enemies":"Jaw Worm","floor":8,"turns":3},{"damage":4,"enemies":"Looter","floor":11,"turns":3},{"damage":1,"enemies":"Lots of Slimes","floor":13,"turns":4},{"damage":17,"enemies":"Gremlin Nob","floor":14,"turns":4},{"damage":2,"enemies":"The Guardian","floor":16,"turns":12},{"damage":8,"enemies":"Spheric Guardian","floor":18,"turns":5},{"damage":17,"enemies":"2 Thieves","floor":21,"turns":4},{"damage":8,"enemies":"Book of Stabbing","floor":23,"turns":6},{"damage":5,"enemies":"Snake Plant","floor":24,"turns":3},{"damage":16,"enemies":"Snecko","floor":25,"turns":7},{"damage":15,"enemies":"Centurion and Healer","floor":30,"turns":4},{"damage":7,"enemies":"Sentry and Sphere","floor":31,"turns":4},{"damage":65,"enemies":"Automaton","floor":33,"turns":10}],"event_choices":[{"event_name":"Big Fish","player_choice":"Box","floor":2,"damage_taken":0},{"event_name":"Accursed Blacksmith","player_choice":"Rummage","floor":3,"damage_taken":0},{"event_name":"Living Wall","player_choice":"Change","floor":4,"damage_taken":0},{"event_name":"The Cleric","player_choice":"Leave","floor":12,"damage_taken":0},{"event_name":"Wheel of Change","player_choice":"Relic","floor":19,"damage_taken":0},{"event_name":"The Mausoleum","player_choice":"Yes","floor":20,"damage_taken":0}],"boss_relics":[{"not_picked":["Runic Dome","White Beast Statue"],"picked":"Calling Bell"}],"potions_floor_spawned":[1,14,16,21,30,31],"seed_played":"-8883465403946213983","killed_by":"Automaton","ascension_level":1,"is_trial":false}