{"path_per_floor":["M","M","M","?","M","R","M","R","T","R","M","E","M","M","R","B",null,"M","$","?","?","?"],"character_chosen":"IRONCLAD","items_purchased":["Warcry","Strange Spoon"],"gold_per_floor":[115,129,144,94,108,108,126,126,152,152,172,197,217,228,228,331,331,347,123,123,123,123,123],"floor_reached":23,"campfire_rested":0,"playtime":1177,"current_hp_per_floor":[80,80,80,80,80,80,72,72,72,72,74,74,74,80,80,48,80,56,56,56,56,41,0],"items_purged":[],"gold":123,"score":203,"play_id":"f4ac10bb-7ce6-420f-a6c8-0607159f3ec0","local_time":"20180504185405","is_prod":false,"is_daily":false,"chose_seed":false,"is_ascension_mode":true,"campfire_upgraded":4,"timestamp":1525474445,"path_taken":["M","M","M","?","?","R","M","R","T","R","M","E","?","M","R","BOSS","M","$","?","?","?","E"],"build_version":"2018-05-03","seed_source_timestamp":80638540169384,"purchased_purges":1,"victory":false,"master_deck":["Strike_R","Strike_R","Strike_R","Strike_R","Defend_R","Defend_R","Defend_R","Defend_R","Bash","Shrug It Off","Cleave","Carnage+1","Battle Trance+1","Cleave+1","Rage+1","Shrug It Off","Searing Blow","Inflame","Fiend Fire","Feel No Pain","Fire Breathing","Inflame","Havoc","Pommel Strike","Havoc","Warcry"],"max_hp_per_floor":[80,80,80,80,80,80,80,80,80,80,80,80,80,80,80,80,80,80,80,80,80,85,85],"relics":["Burning Blood","Regal Pillow","Orrery","Strange Spoon","Nloth\u0027s Gift"],"card_choices":[{"not_picked":["True Grit","Iron Wave"],"picked":"Shrug It Off","floor":1},{"not_picked":["Disarm","Headbutt"],"picked":"Cleave","floor":2},{"not_picked":["Rupture","Limit Break"],"picked":"Carnage","floor":3},{"not_picked":["Shrug It Off","Clash"],"picked":"Battle Trance","floor":5},{"not_picked":["Sword Boomerang","Reckless Charge"],"picked":"Cleave","floor":7},{"not_picked":["True Grit","Havoc"],"picked":"Rage","floor":11},{"not_picked":["Wild Strike","Bloodletting"],"picked":"Shrug It Off","floor":12},{"not_picked":["Dropkick","Power Through"],"picked":"Searing Blow","floor":13},{"not_picked":["Iron Wave","Immolate"],"picked":"Inflame","floor":14},{"not_picked":["Exhume","Brutality"],"picked":"Fiend Fire","floor":16},{"not_picked":["Pommel Strike","Rupture"],"picked":"Feel No Pain","floor":17},{"not_picked":["Pommel Strike","Sword Boomerang"],"picked":"Fire Breathing","floor":17},{"not_picked":["Cleave","Clash"],"picked":"Inflame","floor":17},{"not_picked":["Corruption","True Grit"],"picked":"Havoc","floor":17},{"not_picked":["Clash","Wild Strike"],"picked":"Pommel Strike","floor":17},{"not_picked":["Barricade","Clash"],"picked":"Havoc","floor":18}],"player_experience":144968,"potions_floor_usage":[23,23,23],"damage_taken":[{"damage":3,"enemies":"Small Slimes","floor":1,"turns":3},{"damage":1,"enemies":"2 Louse","floor":2,"turns":4},{"damage":0,"enemies":"Cultist","floor":3,"turns":4},{"damage":3,"enemies":"Red Slaver","floor":5,"turns":5},{"damage":14,"enemies":"Gremlin Gang","floor":7,"turns":4},{"damage":4,"enemies":"Blue Slaver","floor":11,"turns":2},{"damage":6,"enemies":"Gremlin Nob","floor":12,"turns":3},{"damage":6,"enemies":"3 Louse","floor":13,"turns":2},{"damage":0,"enemies":"Large Slime","floor":14,"turns":4},{"damage":38,"enemies":"Hexaghost","floor":16,"turns":9},{"damage":30,"enemies":"2 Thieves","floor":18,"turns":4},{"damage":43,"enemies":"Slavers","floor":23,"turns":2}],"event_choices":[{"event_name":"The Cleric","player_choice":"Card Removal","floor":4,"damage_taken":0},{"event_name":"Beggar","player_choice":"Ignored","floor":20,"damage_taken":0},{"event_name":"N\u0027loth","player_choice":"Traded a Bronze Scales","floor":21,"damage_taken":0},{"event_name":"Forgotten Altar","player_choice":"Shed Blood","floor":22,"damage_taken":0}],"boss_relics":[{"not_picked":["Mark of Pain","Philosopher\u0027s Stone"],"picked":"Orrery"}],"potions_floor_spawned":[5,7,11,12,14,16,18],"seed_played":"3720451508495512183","killed_by":"Slavers","ascension_level":1,"is_trial":false}