{"gold_per_floor":[119,119,269,279,289,314,314,330,382,400,400],"floor_reached":11,"playtime":318,"items_purged":[],"score":150,"play_id":"1e577ac6-ca25-4885-8824-bec09e5bdcd4","local_time":"20190325141121","is_ascension_mode":true,"campfire_choices":[{"data":"Defragment","floor":7.0,"key":"SMITH"}],"neow_cost":"NONE","seed_source_timestamp":184002208974717,"circlet_count":0,"master_deck":["AscendersBane","Strike_B","Strike_B","Strike_B","Strike_B","Defend_B","Defend_B","Defend_B","Defend_B+1","Zap+1","Dualcast","Genetic Algorithm","Doubt","Melter","Chill","Defragment+1","Reinforced Body"],"special_seed":0,"relics":["Cracked Core","Singing Bowl","Strawberry"],"potions_floor_usage":[11,11],"damage_taken":[{"damage":5.0,"enemies":"Small Slimes","floor":1.0,"turns":3.0},{"damage":3.0,"enemies":"2 Louse","floor":4.0,"turns":3.0},{"damage":7.0,"enemies":"Jaw Worm","floor":5.0,"turns":4.0},{"damage":19.0,"enemies":"3 Sentries","floor":6.0,"turns":11.0},{"damage":4.0,"enemies":"Red Slaver","floor":8.0,"turns":3.0},{"damage":8.0,"enemies":"Looter","floor":10.0,"turns":3.0},{"damage":15,"enemies":"Large Slime","floor":11,"turns":2}],"seed_played":"-1246997814808243750","potions_obtained":[{"floor":5.0,"key":"Strength Potion"},{"floor":6.0,"key":"SteroidPotion"},{"floor":8.0,"key":"Energy Potion"}],"is_trial":false,"path_per_floor":["M","?","?","M","M","E","R","M","T","M","M"],"character_chosen":"DEFECT","items_purchased":[],"campfire_rested":0,"item_purchase_floors":[],"current_hp_per_floor":[66,43,43,40,33,14,14,12,19,11,0],"gold":400,"neow_bonus":"TEN_PERCENT_HP_BONUS","is_prod":false,"is_daily":false,"chose_seed":false,"campfire_upgraded":1,"win_rate":0,"timestamp":1553537481,"path_taken":["M","?","?","M","M","E","R","M","T","M","M"],"build_version":"2019-03-15","purchased_purges":0,"victory":false,"max_hp_per_floor":[78,78,78,78,78,78,78,80,87,87,87],"card_choices":[{"not_picked":["Steam","Gash"],"picked":"Genetic Algorithm","floor":1.0},{"not_picked":["Rebound","Barrage"],"picked":"Melter","floor":4.0},{"not_picked":["Compile Driver","Coolheaded"],"picked":"Chill","floor":5.0},{"not_picked":["Cold Snap","Chaos"],"picked":"Defragment","floor":6.0},{"not_picked":["Rebound","Streamline","Ball Lightning"],"picked":"Singing Bowl","floor":8.0},{"not_picked":["Gash","Stack"],"picked":"Reinforced Body","floor":10.0}],"player_experience":1048124,"relics_obtained":[{"floor":6.0,"key":"Singing Bowl"},{"floor":9.0,"key":"Strawberry"}],"event_choices":[{"damage_healed":0.0,"max_hp_gain":0.0,"max_hp_loss":0.0,"gold_gain":0.0,"event_name":"Shining Light","player_choice":"Entered Light","floor":2.0,"gold_loss":0.0,"damage_taken":23.0,"cards_upgraded":["Defend_B","Zap"]},{"damage_healed":0.0,"max_hp_gain":0.0,"max_hp_loss":0.0,"gold_gain":150.0,"event_name":"Liars Game","player_choice":"AGREE","floor":3.0,"gold_loss":0.0,"damage_taken":0.0,"cards_obtained":["Doubt"]}],"is_beta":true,"boss_relics":[],"items_purged_floors":[],"is_endless":false,"potions_floor_spawned":[5,6,8],"killed_by":"Large Slime","ascension_level":20}