{"gold_per_floor":[115,129,129,146,146,146,166,23,76,94,104,104,29,29,29,108,108,122,122,122,132,149,149,5,31,55,70,70,70,104,116,116,190,240,260,272,286,211,211,211,62,93,120,120,139,150,150,150,150,150],"floor_reached":51,"playtime":3389,"items_purged":[],"score":1269,"play_id":"e46c77dd-c052-4ec4-a7b1-c8ecb53d1f55","local_time":"20190125161029","is_ascension_mode":true,"campfire_choices":[{"data":"Armaments","floor":6.0,"key":"SMITH"},{"data":"Feed","floor":12.0,"key":"SMITH"},{"data":"Feed","floor":15.0,"key":"SMITH"},{"floor":23.0,"key":"REST"},{"floor":28.0,"key":"REST"},{"floor":32.0,"key":"REST"},{"floor":40,"key":"REST"},{"floor":44,"key":"REST"},{"floor":47,"key":"REST"},{"floor":49,"key":"REST"}],"neow_cost":"NONE","seed_source_timestamp":103284240265862,"circlet_count":0,"master_deck":["AscendersBane","Strike_R","Defend_R+1","Defend_R","Defend_R","Defend_R","Bash","Shrug It Off","Ghostly Armor","Armaments+1","Flame Barrier","Feed+1","Flame Barrier","Clothesline","Feed+1","Exhume","Spot Weakness","Writhe","Disarm+1","Carnage","Shrug It Off","Second Wind","Burning Pact","Juggernaut","Intimidate+1","Havoc","Impervious","Perfected Strike","Shockwave","Feed","Dark Shackles","Purity","Dramatic Entrance"],"special_seed":0,"relics":["Burning Blood","Bag of Marbles","Fusion Hammer","Juzu Bracelet","PreservedInsect","Dead Branch","Centennial Puzzle","Turnip","Tiny House","Strawberry","Sundial","Bronze Scales"],"potions_floor_usage":[46,50],"damage_taken":[{"damage":6.0,"enemies":"Cultist","floor":1.0,"turns":4.0},{"damage":1.0,"enemies":"2 Louse","floor":2.0,"turns":4.0},{"damage":3.0,"enemies":"Small Slimes","floor":4.0,"turns":6.0},{"damage":11.0,"enemies":"Looter","floor":7.0,"turns":4.0},{"damage":2.0,"enemies":"3 Louse","floor":10.0,"turns":6.0},{"damage":3.0,"enemies":"Blue Slaver","floor":11.0,"turns":9.0},{"damage":80.0,"enemies":"Slime Boss","floor":16.0,"turns":47.0},{"damage":13.0,"enemies":"Spheric Guardian","floor":18.0,"turns":4.0},{"damage":7.0,"enemies":"Shell Parasite","floor":21.0,"turns":8.0},{"damage":14.0,"enemies":"Snecko","floor":22.0,"turns":7.0},{"damage":54.0,"enemies":"Gremlin Leader","floor":25.0,"turns":10.0},{"damage":13.0,"enemies":"Shelled Parasite and Fungi","floor":27.0,"turns":6.0},{"damage":1.0,"enemies":"Book of Stabbing","floor":30.0,"turns":11.0},{"damage":5.0,"enemies":"Cultist and Chosen","floor":31.0,"turns":7.0},{"damage":112.0,"enemies":"Collector","floor":33.0,"turns":12.0},{"damage":9.0,"enemies":"Orb Walker","floor":35.0,"turns":6.0},{"damage":4.0,"enemies":"3 Shapes","floor":36.0,"turns":10.0},{"damage":33.0,"enemies":"Jaw Worm Horde","floor":37.0,"turns":5.0},{"damage":72,"enemies":"Nemesis","floor":42,"turns":9},{"damage":14,"enemies":"Sphere and 2 Shapes","floor":45,"turns":4},{"damage":37,"enemies":"Transient","floor":46,"turns":5},{"damage":46,"enemies":"Donu and Deca","floor":50,"turns":6}],"seed_played":"-8663053252393358487","potions_obtained":[{"floor":1.0,"key":"Strength Potion"},{"floor":5.0,"key":"PowerPotion"},{"floor":16.0,"key":"AttackPotion"},{"floor":18.0,"key":"Poison Potion"},{"floor":21.0,"key":"SpeedPotion"},{"floor":25.0,"key":"AttackPotion"},{"floor":31.0,"key":"Ancient Potion"},{"floor":34.0,"key":"PowerPotion"},{"floor":45,"key":"SkillPotion"}],"is_trial":false,"path_per_floor":["M","M","$","M","?","R","M","$","T","M","M","R","?","?","R","B",null,"M","?","?","M","M","R","$","E","T","M","R","?","E","M","R","B",null,"M","M","M","?","?","R","$","E","T","R","M","M","R","?","R","B",null],"character_chosen":"IRONCLAD","items_purchased":["Feed","PreservedInsect","Strawberry"],"campfire_rested":7,"item_purchase_floors":[8,24,41],"current_hp_per_floor":[75,80,80,82,82,82,77,77,77,85,90,90,90,90,90,24,80,77,77,77,80,76,109,109,65,65,66,102,102,111,116,130,24,109,110,112,85,85,85,126,133,67,67,110,106,75,120,110,150,114],"gold":150,"neow_bonus":"TEN_PERCENT_HP_BONUS","is_prod":false,"is_daily":false,"chose_seed":false,"campfire_upgraded":3,"win_rate":0,"timestamp":1548450629,"path_taken":["M","M","?","?","?","R","M","?","T","M","M","R","?","?","R","BOSS","M","?","?","M","M","R","$","E","T","M","R","?","E","M","R","BOSS","M","M","M","?","?","R","?","E","T","R","M","M","R","?","R","BOSS"],"build_version":"2019-01-23","purchased_purges":0,"victory":true,"max_hp_per_floor":[82,82,82,82,82,82,82,82,82,86,90,90,90,90,90,98,98,102,102,102,106,110,110,110,114,114,122,122,122,126,130,130,130,135,139,139,139,139,139,139,146,146,146,146,150,150,150,150,150,154],"card_choices":[{"not_picked":["Dual Wield","True Grit"],"picked":"Shrug It Off","floor":1.0},{"not_picked":["Havoc","Clash"],"picked":"Ghostly Armor","floor":2.0},{"not_picked":["Perfected Strike","True Grit"],"picked":"Armaments","floor":4.0},{"not_picked":["Searing Blow","Hemokinesis"],"picked":"Flame Barrier","floor":7.0},{"not_picked":["Corruption","Body Slam"],"picked":"Flame Barrier","floor":10.0},{"not_picked":["Flex","Wild Strike"],"picked":"Clothesline","floor":11.0},{"not_picked":["Fiend Fire","Immolate"],"picked":"Exhume","floor":16.0},{"not_picked":["True Grit","Thunderclap+1","Combust"],"picked":"SKIP","floor":18.0},{"not_picked":["Body Slam","Pommel Strike"],"picked":"Disarm","floor":21.0},{"not_picked":["Cleave","Clothesline","Searing Blow"],"picked":"SKIP","floor":22.0},{"not_picked":["Berserk","Thunderclap"],"picked":"Carnage","floor":25.0},{"not_picked":["Thunderclap","Body Slam"],"picked":"Shrug It Off","floor":27.0},{"not_picked":["Iron Wave+1","Carnage"],"picked":"Second Wind","floor":30.0},{"not_picked":["Rampage","Blood for Blood"],"picked":"Burning Pact","floor":31.0},{"not_picked":["Demon Form","Brutality"],"picked":"Juggernaut","floor":33.0},{"not_picked":["Anger","Heavy Blade"],"picked":"Intimidate+1","floor":35.0},{"not_picked":["Twin Strike","Sever Soul","Entrench"],"picked":"SKIP","floor":36.0},{"not_picked":["Pommel Strike","Thunderclap"],"picked":"Havoc","floor":37.0},{"not_picked":["Uppercut","Sword Boomerang"],"picked":"Shockwave","floor":42},{"not_picked":["Armaments","Heavy Blade"],"picked":"Feed","floor":45},{"not_picked":["Flex","Uppercut","Anger"],"picked":"SKIP","floor":46},{"not_picked":["Impatience","Trip"],"picked":"Dark Shackles","floor":48},{"not_picked":["PanicButton","Swift Strike"],"picked":"Purity","floor":48},{"not_picked":["PanicButton","Flash of Steel"],"picked":"Dramatic Entrance","floor":48}],"player_experience":858914,"relics_obtained":[{"floor":9.0,"key":"Bag of Marbles"},{"floor":25.0,"key":"Dead Branch"},{"floor":26.0,"key":"Centennial Puzzle"},{"floor":30.0,"key":"Turnip"},{"floor":42,"key":"Sundial"},{"floor":43,"key":"Bronze Scales"}],"event_choices":[{"damage_healed":0.0,"max_hp_gain":0.0,"max_hp_loss":0.0,"gold_gain":0.0,"event_name":"Lab","player_choice":"Got Potions","floor":5.0,"gold_loss":0.0,"damage_taken":0.0},{"cards_removed":["Strike_R"],"damage_healed":0.0,"max_hp_gain":0.0,"max_hp_loss":0.0,"gold_gain":0.0,"event_name":"The Cleric","player_choice":"Card Removal","floor":13.0,"gold_loss":75.0,"damage_taken":0.0},{"damage_healed":0.0,"max_hp_gain":0.0,"max_hp_loss":0.0,"gold_gain":0.0,"cards_transformed":["Strike_R"],"event_name":"Living Wall","player_choice":"Change","floor":14.0,"gold_loss":0.0,"damage_taken":0.0,"cards_obtained":["Feed"]},{"damage_healed":0.0,"max_hp_gain":0.0,"max_hp_loss":0.0,"gold_gain":0.0,"event_name":"The Library","player_choice":"Read","floor":19.0,"gold_loss":0.0,"damage_taken":0.0,"cards_obtained":["Spot Weakness"]},{"damage_healed":0.0,"max_hp_gain":0.0,"max_hp_loss":0.0,"gold_gain":0.0,"event_name":"The Mausoleum","player_choice":"Opened","floor":20.0,"gold_loss":0.0,"damage_taken":0.0,"relics_obtained":["Juzu Bracelet"],"cards_obtained":["Writhe"]},{"damage_healed":0.0,"max_hp_gain":0.0,"max_hp_loss":0.0,"gold_gain":0.0,"event_name":"Accursed Blacksmith","player_choice":"Forge","floor":29.0,"gold_loss":0.0,"damage_taken":0.0,"cards_upgraded":["Disarm"]},{"damage_healed":0.0,"max_hp_gain":0.0,"max_hp_loss":0.0,"gold_gain":0.0,"cards_transformed":["Strike_R","Strike_R"],"event_name":"Designer","player_choice":"Transformed Cards","floor":38.0,"gold_loss":75.0,"damage_taken":0.0,"cards_obtained":["Impervious","Perfected Strike"]},{"damage_healed":0,"gold_gain":0,"player_choice":"0 cards matched","damage_taken":0,"max_hp_gain":0,"max_hp_loss":0,"event_name":"Match and Keep!","floor":39,"gold_loss":0,"cards_obtained":[]},{"damage_healed":0,"gold_gain":0,"player_choice":"Memory 3","damage_taken":10,"max_hp_gain":0,"max_hp_loss":0,"event_name":"SensoryStone","floor":48,"gold_loss":0}],"is_beta":true,"boss_relics":[{"not_picked":["Runic Dome","White Beast Statue"],"picked":"Fusion Hammer"},{"not_picked":["Cursed Key","Coffee Dripper"],"picked":"Tiny House"}],"items_purged_floors":[],"is_endless":false,"potions_floor_spawned":[1,16,18,21,25,31,45],"ascension_level":15}