{"gold_per_floor":[114,37,47,61,77,77,105,122,122,181,181,181,181,213,213,313,313,326,339,91,91,104,104],"floor_reached":23,"playtime":13774,"items_purged":[],"score":231,"play_id":"ed9f222b-18ad-4f4e-b17e-8e6d5f2a3ea3","local_time":"20190704102131","is_ascension_mode":true,"campfire_choices":[{"floor":6.0,"key":"RECALL"},{"floor":11.0,"key":"REST"},{"floor":15.0,"key":"REST"}],"neow_cost":"NONE","seed_source_timestamp":0,"circlet_count":0,"master_deck":["Zap","Dualcast","Streamline","Capacitor","Genetic Algorithm+1","Static Discharge","Undo","Sunder","Rebound","Parasite","Creative AI+1","Cold Snap","Seek+1","Consume+1","Blizzard","Barrage","Doom and Gloom","Hello World+1","Amplify+1","Creative AI+1","Skim+1","Static Discharge+1","Conserve Battery+1","Defragment+1","Hologram+1","Stack+1","Trip+1","Go for the Eyes+1"],"special_seed":0,"relics":["Cracked Core","NeowsBlessing","Frozen Egg 2","Toxic Egg 2","Dream Catcher","Pandora\u0027s Box"],"potions_floor_usage":[23,23],"damage_taken":[{"damage":0.0,"enemies":"2 Louse","floor":1.0,"turns":1.0},{"damage":0.0,"enemies":"Small Slimes","floor":3.0,"turns":1.0},{"damage":0.0,"enemies":"Jaw Worm","floor":4.0,"turns":1.0},{"damage":16.0,"enemies":"Large Slime","floor":5.0,"turns":6.0},{"damage":44.0,"enemies":"3 Sentries","floor":7.0,"turns":9.0},{"damage":12.0,"enemies":"3 Louse","floor":8.0,"turns":3.0},{"damage":35.0,"enemies":"Gremlin Nob","floor":14.0,"turns":5.0},{"damage":22.0,"enemies":"Hexaghost","floor":16.0,"turns":10.0},{"damage":23.0,"enemies":"2 Thieves","floor":18.0,"turns":4.0},{"damage":35.0,"enemies":"Spheric Guardian","floor":19.0,"turns":8.0},{"damage":35.0,"enemies":"3 Cultists","floor":22.0,"turns":6.0},{"damage":13,"enemies":"Slavers","floor":23,"turns":1}],"seed_played":"-7135541154489922748","potions_obtained":[{"floor":4.0,"key":"Dexterity Potion"},{"floor":8.0,"key":"Dexterity Potion"},{"floor":14.0,"key":"Energy Potion"},{"floor":16.0,"key":"PowerPotion"},{"floor":18.0,"key":"Strength Potion"},{"floor":22.0,"key":"Fire Potion"}],"is_trial":false,"path_per_floor":["M","$","M","M","M","R","E","M","T","?","R","?","?","E","R","B",null,"M","M","$","?","M","E"],"character_chosen":"DEFECT","items_purchased":["Capacitor","Defragment+1","Hologram+1","Stack+1","Trip+1"],"campfire_rested":2,"item_purchase_floors":[2,20,20,20,20],"current_hp_per_floor":[75,75,75,75,59,59,15,3,3,3,25,25,43,8,30,8,75,52,17,17,42,7,0],"gold":104,"neow_bonus":"THREE_ENEMY_KILL","is_prod":false,"is_daily":false,"chose_seed":false,"campfire_upgraded":0,"win_rate":0,"timestamp":1562250091,"path_taken":["M","$","M","M","M","R","E","M","T","?","R","?","?","E","R","BOSS","M","M","$","?","M","E"],"build_version":"2019-07-01","purchased_purges":0,"victory":false,"max_hp_per_floor":[75,75,75,75,75,75,75,75,75,75,75,75,75,75,75,75,75,75,75,75,75,75,75],"card_choices":[{"not_picked":["Leap","Coolheaded"],"picked":"Streamline","floor":1.0},{"not_picked":["Gash","Rebound"],"picked":"Genetic Algorithm","floor":3.0},{"not_picked":["Fission","Loop"],"picked":"Static Discharge","floor":4.0},{"not_picked":["Go for the Eyes","Steam"],"picked":"Undo","floor":5.0},{"not_picked":["Beam Cell","Gash"],"picked":"Sunder","floor":7.0},{"not_picked":["Stack","Streamline"],"picked":"Rebound","floor":8.0},{"not_picked":["Scrape","Capacitor+1"],"picked":"Creative AI+1","floor":14.0},{"not_picked":["Ball Lightning","Steam+1"],"picked":"Cold Snap","floor":15.0},{"not_picked":["Reboot+1","Core Surge"],"picked":"Seek+1","floor":16.0},{"not_picked":["Conserve Battery+1","Stack+1"],"picked":"Static Discharge+1","floor":18.0},{"not_picked":["Turbo+1","Gash"],"picked":"Conserve Battery+1","floor":19.0},{"not_picked":["Streamline","Turbo+1"],"picked":"Go for the Eyes+1","floor":22.0}],"player_experience":525504,"relics_obtained":[{"floor":7.0,"key":"Frozen Egg 2"},{"floor":9.0,"key":"Toxic Egg 2"},{"floor":14.0,"key":"Dream Catcher"}],"event_choices":[{"damage_healed":0.0,"max_hp_gain":0.0,"max_hp_loss":0.0,"gold_gain":59.0,"event_name":"Golden Wing","player_choice":"Gained Gold","floor":10.0,"gold_loss":0.0,"damage_taken":0.0},{"damage_healed":0.0,"max_hp_gain":0.0,"max_hp_loss":0.0,"gold_gain":0.0,"event_name":"Living Wall","player_choice":"Grow","floor":12.0,"gold_loss":0.0,"damage_taken":0.0,"cards_upgraded":["Genetic Algorithm"]},{"damage_healed":18.0,"max_hp_gain":0.0,"max_hp_loss":0.0,"gold_gain":0.0,"event_name":"Mushrooms","player_choice":"Healed and dodged fight","floor":13.0,"gold_loss":0.0,"damage_taken":0.0,"cards_obtained":["Parasite"]},{"damage_healed":25.0,"max_hp_gain":0.0,"max_hp_loss":0.0,"gold_gain":0.0,"event_name":"The Library","player_choice":"Heal","floor":21.0,"gold_loss":0.0,"damage_taken":0.0}],"is_beta":false,"boss_relics":[{"not_picked":["Empty Cage","Philosopher\u0027s Stone"],"picked":"Pandora\u0027s Box"}],"items_purged_floors":[],"is_endless":false,"potions_floor_spawned":[4,8,14,16,18,22],"killed_by":"Slavers","ascension_level":3}