{"gold_per_floor":[118,38,48,48,58,87,87,121,121,121,148,159,159,178,178,273,273,288,138,138,138,155,188,188,137,183,215,28,48,48,58,58,162,162,174,194,194,194,204,236,248,286,298,322,334,356,385,412,424,436,448,460,30,30],"floor_reached":54,"playtime":4231,"items_purged":["Accuracy"],"score":867,"play_id":"7c611eda-5d4e-4da9-89b7-6f3dfb25e13c","local_time":"20190630194414","is_ascension_mode":true,"campfire_choices":[{"floor":10.0,"key":"REST"},{"floor":13.0,"key":"REST"},{"floor":15.0,"key":"RECALL"},{"floor":24.0,"key":"REST"},{"floor":32.0,"key":"REST"},{"floor":41.0,"key":"REST"},{"floor":45.0,"key":"REST"},{"floor":49.0,"key":"REST"},{"floor":52.0,"key":"REST"}],"neow_cost":"NONE","seed_source_timestamp":0,"circlet_count":0,"master_deck":["Defend_G","Defend_G","Defend_G","Defend_G","Defend_G","Strike_G+1","Strike_G","Strike_G+1","Strike_G","Strike_G","Survivor","Neutralize","Deadly Poison","Noxious Fumes+1","Terror","Leg Sweep","Adrenaline","Catalyst","Bane","Burst","Noxious Fumes","PiercingWail+1","Prepared+1","Deadly Poison","Envenom","Dark Shackles","Backflip","Footwork","Dash","Bane+1","Outmaneuver+1","Crippling Poison+1","PiercingWail+1","Leg Sweep","Catalyst","Blind"],"special_seed":0,"relics":["Ring of the Snake","NeowsBlessing","Matryoshka","Whetstone","Bottled Lightning","Regal Pillow","Gremlin Horn","Mercury Hourglass","Fusion Hammer","Anchor","Smiling Mask","Omamori","Oddly Smooth Stone","Lizard Tail","MawBank","Mango","Pantograph","Shuriken"],"potions_floor_usage":[54],"damage_taken":[{"damage":0.0,"enemies":"Small Slimes","floor":1.0,"turns":1.0},{"damage":0.0,"enemies":"Jaw Worm","floor":3.0,"turns":1.0},{"damage":0.0,"enemies":"Cultist","floor":5.0,"turns":1.0},{"damage":26.0,"enemies":"3 Sentries","floor":6.0,"turns":7.0},{"damage":23.0,"enemies":"Gremlin Nob","floor":8.0,"turns":4.0},{"damage":25.0,"enemies":"Lagavulin","floor":11.0,"turns":7.0},{"damage":4.0,"enemies":"3 Louse","floor":12.0,"turns":3.0},{"damage":6.0,"enemies":"Large Slime","floor":14.0,"turns":5.0},{"damage":23.0,"enemies":"The Guardian","floor":16.0,"turns":7.0},{"damage":16.0,"enemies":"Spheric Guardian","floor":18.0,"turns":4.0},{"damage":19.0,"enemies":"3 Byrds","floor":22.0,"turns":3.0},{"damage":10.0,"enemies":"Slavers","floor":23.0,"turns":6.0},{"damage":26.0,"enemies":"Book of Stabbing","floor":27.0,"turns":5.0},{"damage":18.0,"enemies":"Snecko","floor":29.0,"turns":6.0},{"damage":0.0,"enemies":"3 Cultists","floor":31.0,"turns":4.0},{"damage":46.0,"enemies":"Automaton","floor":33.0,"turns":8.0},{"damage":33.0,"enemies":"3 Shapes","floor":35.0,"turns":4.0},{"damage":8.0,"enemies":"3 Darklings","floor":36.0,"turns":7.0},{"damage":5.0,"enemies":"Writhing Mass","floor":39.0,"turns":5.0},{"damage":38.0,"enemies":"Nemesis","floor":40.0,"turns":7.0},{"damage":59.0,"enemies":"Reptomancer","floor":42.0,"turns":8.0},{"damage":0.0,"enemies":"4 Shapes","floor":44.0,"turns":5.0},{"damage":34.0,"enemies":"3 Darklings","floor":46.0,"turns":5.0},{"damage":11.0,"enemies":"Transient","floor":47.0,"turns":5.0},{"damage":6.0,"enemies":"Jaw Worm Horde","floor":48.0,"turns":4.0},{"damage":58.0,"enemies":"Time Eater","floor":50.0,"turns":12.0},{"damage":91,"enemies":"Shield and Spear","floor":54,"turns":5}],"seed_played":"-2571713029031983754","potions_obtained":[{"floor":5.0,"key":"PowerPotion"},{"floor":6.0,"key":"Fire Potion"},{"floor":8.0,"key":"Weak Potion"},{"floor":11.0,"key":"Poison Potion"},{"floor":16.0,"key":"GhostInAJar"},{"floor":22.0,"key":"PowerPotion"},{"floor":27.0,"key":"EntropicBrew"},{"floor":31.0,"key":"SteroidPotion"},{"floor":33.0,"key":"Swift Potion"},{"floor":35.0,"key":"SteroidPotion"},{"floor":44.0,"key":"LiquidBronze"},{"floor":46.0,"key":"Energy Potion"},{"floor":48.0,"key":"Ancient Potion"}],"is_trial":false,"path_per_floor":["M","$","M","?","M","E","T","E","T","R","E","M","R","M","R","B",null,"M","$","?","?","M","E","R","$","T","E","$","M","?","M","R","B",null,"M","M","?","?","M","E","R","E","T","M","R","M","M","M","R","B",null,"R","$","E"],"character_chosen":"THE_SILENT","items_purchased":["Accuracy","Anchor","Deadly Poison","Dark Shackles","Backflip","Shuriken","Block Potion","Dexterity Potion","Blind"],"campfire_rested":8,"item_purchase_floors":[2,19,25,28,28,53,53,53,53],"current_hp_per_floor":[70,70,70,70,70,44,44,21,21,57,32,28,64,58,58,35,70,54,54,54,70,51,41,70,70,70,44,44,26,26,26,62,16,70,37,29,47,47,42,4,40,35,35,35,75,41,30,24,64,26,84,84,84,0],"gold":30,"neow_bonus":"THREE_ENEMY_KILL","is_prod":false,"is_daily":false,"chose_seed":false,"campfire_upgraded":0,"win_rate":0,"timestamp":1561938254,"path_taken":["M","$","M","?","M","E","?","E","T","R","E","M","R","?","R","BOSS","M","$","?","?","M","E","R","$","T","E","$","M","?","M","R","BOSS","M","M","?","?","?","E","R","E","T","M","R","M","M","M","R","BOSS","R","$","E"],"build_version":"2019-01-23","purchased_purges":1,"victory":false,"max_hp_per_floor":[70,70,70,70,70,70,70,70,70,70,70,70,70,70,70,70,70,70,70,70,70,70,70,70,70,70,70,70,70,70,70,70,70,70,70,70,70,70,70,70,70,84,84,84,84,84,84,84,84,84,84,84,84,84],"card_choices":[{"not_picked":["Flechettes","Outmaneuver"],"picked":"Deadly Poison","floor":1.0},{"not_picked":["Prepared","Slice"],"picked":"Noxious Fumes","floor":3.0},{"not_picked":["Dagger Throw","Poisoned Stab"],"picked":"Terror","floor":5.0},{"not_picked":["Predator","Setup","Backflip"],"picked":"SKIP","floor":6.0},{"not_picked":["Footwork","Dagger Throw"],"picked":"Leg Sweep","floor":8.0},{"not_picked":["Underhanded Strike","Backflip"],"picked":"Adrenaline","floor":11.0},{"not_picked":["Deflect","Footwork"],"picked":"Catalyst","floor":12.0},{"not_picked":["Finisher","Escape Plan"],"picked":"Bane","floor":14.0},{"not_picked":["After Image","Grand Finale"],"picked":"Burst","floor":16.0},{"not_picked":["Underhanded Strike","Outmaneuver"],"picked":"Noxious Fumes","floor":18.0},{"not_picked":["Caltrops","Bouncing Flask"],"picked":"PiercingWail+1","floor":22.0},{"not_picked":["Riddle With Holes+1","Terror"],"picked":"Prepared+1","floor":23.0},{"not_picked":["Dagger Spray","Poisoned Stab+1"],"picked":"Envenom","floor":27.0},{"not_picked":["All Out Attack+1","Poisoned Stab+1"],"picked":"Footwork","floor":29.0},{"not_picked":["Flying Knee","Outmaneuver","Acrobatics"],"picked":"SKIP","floor":31.0},{"not_picked":["Flying Knee","Predator+1"],"picked":"Bane+1","floor":35.0},{"not_picked":["Slice","Prepared"],"picked":"Outmaneuver+1","floor":36.0},{"not_picked":["Deflect+1","Caltrops","Outmaneuver"],"picked":"SKIP","floor":39.0},{"not_picked":["Caltrops","Bane","Die Die Die"],"picked":"SKIP","floor":40.0},{"not_picked":["Bouncing Flask+1","Masterful Stab+1"],"picked":"Crippling Poison+1","floor":42.0},{"not_picked":["Heel Hook+1","Acrobatics","Underhanded Strike"],"picked":"SKIP","floor":44.0},{"not_picked":["Quick Slash+1","Deflect+1"],"picked":"PiercingWail+1","floor":46.0},{"not_picked":["After Image","Acrobatics+1"],"picked":"Leg Sweep","floor":47.0},{"not_picked":["Escape Plan+1","PiercingWail"],"picked":"Catalyst","floor":48.0}],"player_experience":519903,"relics_obtained":[{"floor":6.0,"key":"Matryoshka"},{"floor":7.0,"key":"Whetstone"},{"floor":8.0,"key":"Bottled Lightning"},{"floor":9.0,"key":"Regal Pillow"},{"floor":9.0,"key":"Gremlin Horn"},{"floor":11.0,"key":"Mercury Hourglass"},{"floor":23.0,"key":"Smiling Mask"},{"floor":26.0,"key":"Omamori"},{"floor":27.0,"key":"Oddly Smooth Stone"},{"floor":40.0,"key":"MawBank"},{"floor":42.0,"key":"Mango"},{"floor":43.0,"key":"Pantograph"}],"event_choices":[{"damage_healed":0.0,"max_hp_gain":0.0,"max_hp_loss":0.0,"gold_gain":0.0,"event_name":"Living Wall","player_choice":"Grow","floor":4.0,"gold_loss":0.0,"damage_taken":0.0,"cards_upgraded":["Noxious Fumes"]},{"damage_healed":0.0,"max_hp_gain":0.0,"max_hp_loss":0.0,"gold_gain":0.0,"event_name":"The Mausoleum","player_choice":"Ignored","floor":20.0,"gold_loss":0.0,"damage_taken":0.0},{"damage_healed":23.0,"max_hp_gain":0.0,"max_hp_loss":0.0,"gold_gain":0.0,"event_name":"The Library","player_choice":"Heal","floor":21.0,"gold_loss":0.0,"damage_taken":0.0},{"damage_healed":0.0,"max_hp_gain":0.0,"max_hp_loss":0.0,"gold_gain":0.0,"event_name":"Match and Keep!","player_choice":"1 cards matched","floor":30.0,"gold_loss":0.0,"damage_taken":0.0,"cards_obtained":["Dash"]},{"damage_healed":18.0,"max_hp_gain":0.0,"max_hp_loss":0.0,"gold_gain":0.0,"event_name":"Winding Halls","player_choice":"Writhe","floor":37.0,"gold_loss":0.0,"damage_taken":0.0,"cards_obtained":["Writhe"]},{"damage_healed":0.0,"max_hp_gain":0.0,"max_hp_loss":0.0,"gold_gain":0.0,"event_name":"Tomb of Lord Red Mask","player_choice":"Ignored","floor":38.0,"gold_loss":0.0,"damage_taken":0.0}],"is_beta":false,"boss_relics":[{"not_picked":["Ectoplasm","Philosopher\u0027s Stone"],"picked":"Fusion Hammer"},{"not_picked":["Busted Crown","Runic Dome"],"picked":"Lizard Tail"}],"items_purged_floors":[28],"is_endless":false,"potions_floor_spawned":[5,6,8,11,16,22,27,31,33,35,44,46,48],"killed_by":"Shield and Spear","ascension_level":3}