{"gold_per_floor":[116,136,146,0,0,0,27,37,37,48,48,48,48,61,61,61],"floor_reached":16,"playtime":1446,"items_purged":["Strike_R"],"score":102,"play_id":"4b193c22-a8cd-4774-862f-36be438e36c5","local_time":"20180710191656","is_ascension_mode":false,"campfire_choices":[{"data":"Dark Embrace","floor":6,"key":"SMITH"},{"data":"Rage","floor":15,"key":"SMITH"}],"neow_cost":"NONE","seed_source_timestamp":0,"circlet_count":0,"master_deck":["Strike_R","Strike_R","Strike_R","Strike_R","Defend_R","Defend_R","Defend_R","Defend_R","Bash","Dark Embrace+1","Clothesline","Flex","Cleave","Pummel","Rage+1","Disarm","Intimidate","Clothesline"],"special_seed":0,"relics":["Burning Blood","Centennial Puzzle","Orichalcum"],"potions_floor_usage":[3,14,14,14,16],"damage_taken":[{"damage":13,"enemies":"Jaw Worm","floor":1,"turns":4},{"damage":0,"enemies":"2 Louse","floor":2,"turns":2},{"damage":2,"enemies":"Small Slimes","floor":3,"turns":4},{"damage":50,"enemies":"Gremlin Nob","floor":7,"turns":6},{"damage":12,"enemies":"Gremlin Gang","floor":8,"turns":4},{"damage":5,"enemies":"2 Fungi Beasts","floor":10,"turns":3},{"damage":8,"enemies":"Large Slime","floor":14,"turns":8},{"damage":37,"enemies":"Hexaghost","floor":16,"turns":14}],"seed_played":"-4512052780249460544","potions_obtained":[{"floor":2,"key":"Block Potion"},{"floor":12,"key":"Swift Potion"},{"floor":12,"key":"AttackPotion"},{"floor":12,"key":"GamblersBrew"},{"floor":14,"key":"SpeedPotion"}],"is_trial":false,"path_per_floor":["M","M","M","$","?","R","E","M","T","M","?","?","$","M","R"],"character_chosen":"IRONCLAD","items_purchased":["Pummel"],"campfire_rested":0,"item_purchase_floors":[4],"current_hp_per_floor":[73,79,80,80,80,80,36,30,30,31,31,31,31,32,32,0],"gold":61,"neow_bonus":"ONE_RANDOM_RARE_CARD","is_prod":false,"is_daily":false,"chose_seed":false,"campfire_upgraded":2,"win_rate":0.0,"timestamp":1531264616,"path_taken":["M","M","M","$","?","R","E","M","T","?","?","?","$","M","R","BOSS"],"build_version":"2018-07-05","purchased_purges":1,"victory":false,"max_hp_per_floor":[80,80,80,80,80,80,80,80,80,80,80,80,80,83,83,83],"card_choices":[{"not_picked":["Anger","Flame Barrier"],"picked":"Clothesline","floor":1},{"not_picked":["Clothesline","Hemokinesis"],"picked":"Flex","floor":2},{"not_picked":["Pommel Strike","Havoc"],"picked":"Cleave","floor":3},{"not_picked":["Carnage","Iron Wave"],"picked":"Rage","floor":7},{"not_picked":["Cleave","Exhume"],"picked":"Disarm","floor":8},{"not_picked":["Combust","Pommel Strike"],"picked":"Intimidate","floor":10},{"not_picked":["Shrug It Off","Body Slam"],"picked":"Clothesline","floor":14}],"player_experience":120554,"relics_obtained":[{"floor":7,"key":"Centennial Puzzle"},{"floor":9,"key":"Orichalcum"}],"event_choices":[{"event_name":"Liars Game","player_choice":"disagreed","floor":5,"damage_taken":0},{"event_name":"Scrap Ooze","player_choice":"unsuccessful","floor":11,"damage_taken":0},{"event_name":"The Lab","player_choice":"Got Potions","floor":12,"damage_taken":0}],"boss_relics":[],"items_purged_floors":[4],"is_endless":false,"potions_floor_spawned":[2,14],"killed_by":"Hexaghost","ascension_level":0}