{"gold_per_floor":[114,189,204,219,65,95,125,125,125,155,485,485,485,500,500,600,600,585,585,600,258,273,273,273,303,303,53,53,83,83,113,113,213,263,278,278,278,293,293,293,323,365,377,389,401,163,163,213,213,213],"floor_reached":51,"playtime":4658,"items_purged":[],"score":933,"play_id":"38159a5d-f16a-455b-889d-dc23dbad7775","local_time":"20190715201826","daily_mods":["SealedDeck","Flight","Elite Swarm"],"is_ascension_mode":false,"campfire_choices":[{"data":"After Image","floor":8,"key":"SMITH"},{"floor":13,"key":"REST"},{"floor":15,"key":"REST"},{"data":"Phantasmal Killer","floor":23,"key":"SMITH"},{"floor":24,"key":"REST"},{"data":"A Thousand Cuts","floor":30,"key":"SMITH"},{"floor":32,"key":"REST"},{"data":"Adrenaline","floor":40,"key":"SMITH"},{"data":"Bullet Time","floor":44,"key":"SMITH"},{"floor":45,"key":"REST"},{"floor":49,"key":"REST"}],"neow_cost":"","seed_source_timestamp":0,"circlet_count":0,"master_deck":["Acrobatics+1","Deflect+1","Finisher+1","Accuracy+1","Cloak And Dagger+1","Acrobatics+1","Acrobatics+1","Underhanded Strike+1","Underhanded Strike+1","Backflip+1","Escape Plan+1","Calculated Gamble+1","A Thousand Cuts+1","Unload+1","After Image+1","Adrenaline+1","Phantasmal Killer+1","Infinite Blades+1","Cloak And Dagger+1","Footwork+1","Adrenaline+1","Blade Dance+1","Adrenaline+1","Bullet Time+1"],"special_seed":18093,"relics":["Ring of the Snake","Gambling Chip","Snake Skull","Smiling Mask","Old Coin","Black Star","Blue Candle","Ninja Scroll","Gremlin Horn","Darkstone Periapt","Mercury Hourglass","Meat on the Bone","Tingsha","Torii","Question Card","StoneCalendar","Tiny House","MawBank","Letter Opener","Juzu Bracelet","Bottled Tornado","Frozen Egg 2","Bottled Lightning","Mark of the Bloom","Strawberry"],"potions_floor_usage":[16,41,42,50,50],"damage_taken":[{"damage":0,"enemies":"2 Louse","floor":1,"turns":2},{"damage":0,"enemies":"Small Slimes","floor":3,"turns":2},{"damage":0,"enemies":"Jaw Worm","floor":4,"turns":3},{"damage":8,"enemies":"Lagavulin","floor":6,"turns":6},{"damage":7,"enemies":"3 Sentries","floor":7,"turns":5},{"damage":10,"enemies":"Lagavulin","floor":10,"turns":7},{"damage":29,"enemies":"Gremlin Nob","floor":11,"turns":4},{"damage":0,"enemies":"Red Slaver","floor":14,"turns":3},{"damage":0,"enemies":"Slime Boss","floor":16,"turns":8},{"damage":12,"enemies":"2 Thieves","floor":18,"turns":4},{"damage":18,"enemies":"Chosen","floor":20,"turns":5},{"damage":6,"enemies":"3 Cultists","floor":22,"turns":4},{"damage":19,"enemies":"Book of Stabbing","floor":25,"turns":6},{"damage":1,"enemies":"Slavers","floor":29,"turns":4},{"damage":0,"enemies":"Gremlin Leader","floor":31,"turns":4},{"damage":0,"enemies":"Automaton","floor":33,"turns":5},{"damage":1,"enemies":"Orb Walker","floor":35,"turns":2},{"damage":0,"enemies":"3 Darklings","floor":38,"turns":3},{"damage":7,"enemies":"Giant Head","floor":41,"turns":6},{"damage":27,"enemies":"Nemesis","floor":42,"turns":5},{"damage":20,"enemies":"Donu and Deca","floor":50,"turns":3}],"seed_played":"8395703785008640868","potions_obtained":[{"floor":1,"key":"Block Potion"},{"floor":3,"key":"GhostInAJar"},{"floor":10,"key":"Strength Potion"},{"floor":22,"key":"Dexterity Potion"},{"floor":25,"key":"Weak Potion"},{"floor":34,"key":"LiquidBronze"},{"floor":41,"key":"SteroidPotion"}],"is_trial":false,"path_per_floor":["M","?","M","M","$","E","E","R","T","E","E","?","R","M","R","B",null,"M","?","M","$","M","R","R","E","T","$","?","E","R","E","R","B",null,"M","?","?","M","$","R","E","E","T","R","R","$","?","T","R","B",null],"character_chosen":"THE_SILENT","items_purchased":["A Thousand Cuts","Ninja Scroll","Cloak And Dagger","Footwork","Meat on the Bone","Bottled Lightning"],"campfire_rested":6,"item_purchase_floors":[5,21,21,21,27,46],"current_hp_per_floor":[70,59,59,59,59,51,44,44,44,34,5,5,26,26,47,47,70,58,58,40,40,34,34,55,36,36,36,36,47,47,47,68,68,75,74,74,71,71,71,71,64,37,37,37,58,58,58,58,58,38],"gold":213,"neow_bonus":"","is_prod":false,"is_daily":true,"chose_seed":false,"campfire_upgraded":5,"win_rate":0,"timestamp":1563247106,"path_taken":["M","?","M","M","$","E","E","R","T","E","E","?","R","M","R","BOSS","M","?","M","$","?","R","R","E","T","$","?","E","R","E","R","BOSS","M","?","?","?","$","R","E","E","T","R","R","$","?","?","R","BOSS"],"build_version":"2019-07-05","purchased_purges":0,"victory":true,"max_hp_per_floor":[70,70,70,70,70,70,70,70,70,70,70,70,70,70,70,70,70,70,70,70,70,70,70,70,70,70,70,70,70,70,70,70,70,75,75,75,71,71,71,71,71,71,71,71,71,71,71,78,78,78],"card_choices":[{"not_picked":["PiercingWail","Expertise","Flying Knee"],"picked":"SKIP","floor":1},{"not_picked":["Outmaneuver","Endless Agony"],"picked":"Escape Plan","floor":3},{"not_picked":["Dodge and Roll","Cloak And Dagger"],"picked":"Calculated Gamble","floor":4},{"not_picked":["Venomology","Die Die Die"],"picked":"Unload","floor":6},{"not_picked":["Die Die Die","Grand Finale"],"picked":"After Image","floor":7},{"not_picked":["Glass Knife","Storm of Steel"],"picked":"Adrenaline","floor":10},{"not_picked":["A Thousand Cuts","Burst","Wraith Form v2"],"picked":"SKIP","floor":11},{"not_picked":["Flying Knee","Deflect","Bouncing Flask"],"picked":"SKIP","floor":14},{"not_picked":["Wraith Form v2","Unload"],"picked":"Phantasmal Killer","floor":16},{"not_picked":["Blur","Poisoned Stab+1"],"picked":"Infinite Blades+1","floor":18},{"not_picked":["Reflex","Calculated Gamble","Outmaneuver"],"picked":"SKIP","floor":20},{"not_picked":["PiercingWail","Backflip","Quick Slash"],"picked":"SKIP","floor":22},{"not_picked":["After Image","Malaise","Storm of Steel"],"picked":"SKIP","floor":25},{"not_picked":["Grand Finale","Glass Knife","Unload"],"picked":"SKIP","floor":29},{"not_picked":["Tools of the Trade","Wraith Form v2"],"picked":"Adrenaline","floor":31},{"not_picked":["Setup+1","Dodge and Roll+1","Poisoned Stab","Expertise"],"picked":"SKIP","floor":35},{"not_picked":["Well Laid Plans+1","Distraction","Terror+1"],"picked":"Blade Dance","floor":38},{"not_picked":["Phantasmal Killer","Envenom","Malaise"],"picked":"Adrenaline","floor":41},{"not_picked":["Glass Knife","After Image","A Thousand Cuts"],"picked":"Bullet Time","floor":42}],"player_experience":150089,"relics_obtained":[{"floor":6,"key":"Gambling Chip"},{"floor":9,"key":"Snake Skull"},{"floor":10,"key":"Smiling Mask"},{"floor":11,"key":"Old Coin"},{"floor":25,"key":"Gremlin Horn"},{"floor":25,"key":"Darkstone Periapt"},{"floor":26,"key":"Mercury Hourglass"},{"floor":29,"key":"Tingsha"},{"floor":29,"key":"Torii"},{"floor":31,"key":"Question Card"},{"floor":31,"key":"StoneCalendar"},{"floor":41,"key":"MawBank"},{"floor":41,"key":"Letter Opener"},{"floor":42,"key":"Juzu Bracelet"},{"floor":42,"key":"Bottled Tornado"},{"floor":43,"key":"Frozen Egg 2"},{"floor":48,"key":"Strawberry"}],"event_choices":[{"damage_healed":0,"gold_gain":75,"player_choice":"Gather Gold","damage_taken":11,"max_hp_gain":0,"max_hp_loss":0,"event_name":"World of Goop","floor":2,"gold_loss":0},{"damage_healed":0,"gold_gain":0,"player_choice":"Ignored","damage_taken":0,"max_hp_gain":0,"max_hp_loss":0,"event_name":"Shining Light","floor":12,"gold_loss":0},{"damage_healed":0,"gold_gain":0,"player_choice":"Gave Potion","damage_taken":0,"relics_obtained":["Blue Candle"],"max_hp_gain":0,"max_hp_loss":0,"event_name":"WeMeetAgain","floor":19,"gold_loss":0},{"damage_healed":0,"gold_gain":0,"player_choice":"Ignored","damage_taken":0,"max_hp_gain":0,"max_hp_loss":0,"event_name":"Vampires","floor":28,"gold_loss":0},{"damage_healed":0,"gold_gain":0,"player_choice":"Ignored","damage_taken":0,"max_hp_gain":0,"max_hp_loss":0,"event_name":"Tomb of Lord Red Mask","floor":36,"gold_loss":0},{"damage_healed":0,"gold_gain":0,"player_choice":"Max HP","damage_taken":0,"max_hp_gain":0,"max_hp_loss":4,"event_name":"Winding Halls","floor":37,"gold_loss":0},{"damage_healed":0,"gold_gain":0,"player_choice":"Upgrade","damage_taken":0,"relics_obtained":["Mark of the Bloom"],"max_hp_gain":0,"max_hp_loss":0,"event_name":"MindBloom","floor":47,"gold_loss":0,"cards_upgraded":["Acrobatics","Deflect","Finisher","Accuracy","Cloak And Dagger","Acrobatics","Acrobatics","Underhanded Strike","Backflip","Escape Plan","Calculated Gamble","Unload","Cloak And Dagger","Footwork","Adrenaline","Blade Dance","Adrenaline"]}],"is_beta":false,"boss_relics":[{"not_picked":["Cursed Key","Empty Cage"],"picked":"Black Star"},{"not_picked":["HoveringKite","Orrery"],"picked":"Tiny House"}],"items_purged_floors":[],"is_endless":false,"potions_floor_spawned":[1,3,10,11,22,25,29,38,41],"ascension_level":0}