{"path_per_floor":["M","?","?","?","M","R","M","R","T","M","?","E","$","M","R","B",null,"M","T","?","?","M","R","M","E","T","$","R","M","R","M","R","B",null,"M","$","?","?","$","E","R","M","T","M","M","?","$","?","R","B"],"character_chosen":"DEFECT","items_purchased":["DataDisk","Happy Flower","Fruit Juice","Regen Potion","Dexterity Potion"],"gold_per_floor":[116,116,66,66,79,79,97,97,123,142,142,169,26,38,38,140,140,160,214,214,214,234,234,249,283,283,28,28,40,40,54,54,152,152,170,19,0,0,0,0,0,18,18,37,54,54,2,2,2,2],"floor_reached":51,"campfire_rested":0,"playtime":4391,"current_hp_per_floor":[75,80,80,80,80,80,80,80,80,68,68,60,60,51,51,49,80,80,80,80,80,78,78,78,72,72,72,72,79,79,61,61,64,85,82,82,82,82,82,84,85,85,85,83,85,85,85,74,84,32],"items_purged":["Zap"],"gold":2,"score":827,"play_id":"ef9bbc36-3322-4962-8690-4512d466a138","local_time":"20180513024701","is_prod":false,"is_daily":false,"chose_seed":false,"is_ascension_mode":true,"campfire_upgraded":9,"timestamp":1526194021,"path_taken":["M","?","?","?","M","R","M","R","T","?","?","E","?","M","R","BOSS","M","?","?","?","?","R","?","E","T","$","R","?","R","M","R","BOSS","M","$","?","?","?","E","R","M","T","M","?","?","?","?","R","BOSS"],"build_version":"2018-05-12v2","seed_source_timestamp":198395061877373,"purchased_purges":3,"victory":true,"master_deck":["Defend_B","Defend_B","Defend_B","Defend_B","Dualcast","Chill","Genetic Algorithm+1","Stack+1","Go for the Eyes+1","Aggregate+1","Skim+1","Creative AI","Ball Lightning+1","Coolheaded+1","Nova+1","Turbo","Defragment+1","Blizzard+1","Conserve Battery+1","White Noise+1","Amplify+1","Capacitor+1","Glacier+1","Madness","Madness"],"max_hp_per_floor":[75,80,80,80,80,80,80,80,80,80,80,80,80,80,80,80,80,80,80,80,80,80,80,80,80,80,80,80,85,85,85,85,85,85,85,85,85,85,85,85,85,85,85,85,85,85,85,85,85,85],"relics":["Cracked Core","Gambling Chip","Bronze Scales","Ancient Tea Set","DataDisk","Astrolabe","Anchor","Blood Vial","Orichalcum","Potion Belt","Happy Flower","Eternal Feather","Red Mask","Mercury Hourglass"],"card_choices":[{"not_picked":["Ball Lightning","Aggregate"],"picked":"Chill","floor":1},{"not_picked":["Skim","Sweeping Beam"],"picked":"Genetic Algorithm","floor":5},{"not_picked":["Beam Cell","Turbo"],"picked":"Stack","floor":7},{"not_picked":["Sweeping Beam","Capacitor"],"picked":"Go for the Eyes","floor":10},{"not_picked":["Hologram","BootSequence"],"picked":"Aggregate","floor":12},{"not_picked":["Doom and Gloom","Echo Form"],"picked":"Skim","floor":14},{"not_picked":["Amplify","Meteor Strike"],"picked":"Creative AI","floor":16},{"not_picked":["Sweeping Beam","Streamline"],"picked":"Turbo","floor":18},{"not_picked":["Steam Power+1","Ball Lightning+1"],"picked":"Defragment","floor":22},{"not_picked":["Cold Snap","Consume","Lockon"],"picked":"SKIP","floor":24},{"not_picked":["Auto Shields","Aggregate"],"picked":"Blizzard+1","floor":25},{"not_picked":["Sweeping Beam","Capacitor"],"picked":"Conserve Battery+1","floor":29},{"not_picked":["Skim","Undo"],"picked":"White Noise+1","floor":31},{"not_picked":["Rainbow","Reboot"],"picked":"Amplify","floor":33},{"not_picked":["Rebound+1","Self Repair","Hello World"],"picked":"SKIP","floor":35},{"not_picked":["Streamline+1","Tempest"],"picked":"Capacitor+1","floor":42},{"not_picked":["Sunder","Turbo","Steam+1"],"picked":"SKIP","floor":44},{"not_picked":["BootSequence","Steam"],"picked":"Glacier","floor":45}],"player_experience":108227,"potions_floor_usage":[16,25,29,31,33,40,50,50,50,50],"damage_taken":[{"damage":0,"enemies":"Small Slimes","floor":1,"turns":4},{"damage":0,"enemies":"2 Louse","floor":5,"turns":3},{"damage":0,"enemies":"Cultist","floor":7,"turns":3},{"damage":12,"enemies":"Exordium Thugs","floor":10,"turns":5},{"damage":8,"enemies":"Lagavulin","floor":12,"turns":9},{"damage":9,"enemies":"Gremlin Gang","floor":14,"turns":6},{"damage":2,"enemies":"The Guardian","floor":16,"turns":9},{"damage":0,"enemies":"Shell Parasite","floor":18,"turns":5},{"damage":2,"enemies":"Chosen","floor":22,"turns":5},{"damage":2,"enemies":"Snake Plant","floor":24,"turns":3},{"damage":8,"enemies":"Book of Stabbing","floor":25,"turns":5},{"damage":0,"enemies":"3 Cultists","floor":29,"turns":4},{"damage":20,"enemies":"Cultist and Chosen","floor":31,"turns":5},{"damage":8,"enemies":"Champ","floor":33,"turns":10},{"damage":3,"enemies":"3 Shapes","floor":35,"turns":5},{"damage":0,"enemies":"Nemesis","floor":40,"turns":2},{"damage":0,"enemies":"Flame Bruiser 1 Orb","floor":42,"turns":6},{"damage":2,"enemies":"Maw","floor":44,"turns":9},{"damage":0,"enemies":"4 Shapes","floor":45,"turns":5},{"damage":59,"enemies":"Donu and Deca","floor":50,"turns":6}],"event_choices":[{"event_name":"Big Fish","player_choice":"Donut","floor":2,"damage_taken":0},{"event_name":"The Cleric","player_choice":"Card Removal","floor":3,"damage_taken":0},{"event_name":"The Lab","player_choice":"Got Potions","floor":4,"damage_taken":0},{"event_name":"Transmorgrifier","player_choice":"Transform","floor":11,"damage_taken":0},{"event_name":"The Mausoleum","player_choice":"Yes","floor":20,"damage_taken":0},{"event_name":"Back to Basics","player_choice":"Elegance","floor":21,"damage_taken":0},{"event_name":"Tomb of Lord Red Mask","player_choice":"Paid","floor":37,"damage_taken":0},{"event_name":"SensoryStone","player_choice":"Memory 1","floor":46,"damage_taken":0},{"event_name":"Winding Halls","player_choice":"Embrace Madness","floor":48,"damage_taken":0}],"boss_relics":[{"not_picked":["Calling Bell","Velvet Choker"],"picked":"Astrolabe"},{"not_picked":["Snecko Eye","Runic Pyramid"],"picked":"Eternal Feather"}],"potions_floor_spawned":[1,10,14,16,18,24,29,33,35,42],"seed_played":"-6120335267458102692","ascension_level":4,"is_trial":false}