{"gold_per_floor":[216,216,233,5,5,5,32,32,58,58,58,58,91,116,116,236,236,257,270,291,311,326,326,359,379,379,47,47,47,61,24,24,150,150,166,166,179,179,203,218,343,343,368,392,415,415,44,377,377,377,377,377,19,47,47],"floor_reached":56,"playtime":5166,"items_purged":["Shame"],"score":1282,"play_id":"dec6df3c-71d9-486b-be94-6eb011818c36","local_time":"20181230184056","is_ascension_mode":false,"campfire_choices":[{"data":"Glacier","floor":6,"key":"SMITH"},{"floor":11,"key":"REST"},{"data":"Genetic Algorithm","floor":15,"key":"SMITH"},{"data":"Genetic Algorithm","floor":23,"key":"SMITH"},{"floor":28,"key":"DIG"},{"floor":32,"key":"DIG"},{"floor":42,"key":"DIG"},{"floor":46,"key":"DIG"},{"floor":49,"key":"RECALL"},{"floor":52,"key":"DIG"}],"neow_cost":"NONE","seed_source_timestamp":290959066061310,"circlet_count":0,"master_deck":["Zap","Dualcast","Machine Learning","Glacier+1","Recycle+1","Genetic Algorithm+1","Chill+1","Rainbow","Coolheaded","Reboot","Darkness","Coolheaded","Biased Cognition","Rainbow","Stack","Go for the Eyes+1","Force Field+1","Genetic Algorithm+1","Cold Snap","Blizzard+1","Self Repair+1","Capacitor+1","Double Energy+1","Hologram+1","Genetic Algorithm+1","Seek+1","Coolheaded+1","Madness+1","Madness+1","Self Repair","Defragment","Self Repair+1","Parasite","Reboot+1","Chaos+1","Coolheaded+1","Stack+1"],"relics":["Cracked Core","Pear","Regal Pillow","FossilizedHelix","Mummified Hand","Centennial Puzzle","Pocketwatch","Pandora\u0027s Box","Toxic Egg 2","Gremlin Horn","Shovel","Juzu Bracelet","Potion Belt","DataDisk","Eternal Feather","Unceasing Top","Sundial","Vajra","War Paint","Bronze Scales","Symbiotic Virus","Runic Capacitor","Incense Burner"],"potions_floor_usage":[16,20,24,33,33,33,54,55,55],"damage_taken":[{"damage":0,"enemies":"Small Slimes","floor":1,"turns":2},{"damage":1,"enemies":"Cultist","floor":3,"turns":4},{"damage":22,"enemies":"Gremlin Nob","floor":7,"turns":5},{"damage":20,"enemies":"Lagavulin","floor":13,"turns":11},{"damage":0,"enemies":"2 Louse","floor":14,"turns":3},{"damage":50,"enemies":"Hexaghost","floor":16,"turns":23},{"damage":0,"enemies":"Spheric Guardian","floor":18,"turns":5},{"damage":0,"enemies":"Shell Parasite","floor":19,"turns":8},{"damage":0,"enemies":"Snake Plant","floor":20,"turns":6},{"damage":0,"enemies":"Chosen and Byrds","floor":21,"turns":9},{"damage":0,"enemies":"Cultist and Chosen","floor":22,"turns":9},{"damage":22,"enemies":"Slavers","floor":24,"turns":7},{"damage":0,"enemies":"Centurion and Healer","floor":25,"turns":8},{"damage":0,"enemies":"Chosen and Byrds","floor":30,"turns":7},{"damage":7,"enemies":"Champ","floor":33,"turns":13},{"damage":0,"enemies":"Orb Walker","floor":35,"turns":3},{"damage":0,"enemies":"3 Shapes","floor":37,"turns":4},{"damage":0,"enemies":"Sphere and 2 Shapes","floor":39,"turns":7},{"damage":0,"enemies":"4 Shapes","floor":40,"turns":5},{"damage":0,"enemies":"Mind Bloom Boss Battle","floor":41,"turns":9},{"damage":0,"enemies":"Writhing Mass","floor":44,"turns":6},{"damage":0,"enemies":"Maw","floor":45,"turns":10},{"damage":0,"enemies":"Awakened One","floor":50,"turns":18},{"damage":11,"enemies":"Shield and Spear","floor":54,"turns":9},{"damage":12,"enemies":"The Heart","floor":55,"turns":13}],"seed_played":"-8795199016443842802","potions_obtained":[{"floor":3,"key":"Ancient Potion"},{"floor":14,"key":"FocusPotion"},{"floor":16,"key":"Fire Potion"},{"floor":18,"key":"SkillPotion"},{"floor":22,"key":"Strength Potion"},{"floor":24,"key":"PowerPotion"},{"floor":33,"key":"FocusPotion"},{"floor":39,"key":"Fire Potion"},{"floor":44,"key":"SteroidPotion"}],"is_trial":false,"path_per_floor":["M","?","M","$","?","R","E","$","T","?","R","$","E","M","R","B",null,"M","M","M","M","M","R","E","M","T","$","R","?","M","$","R","B",null,"M","?","M","?","M","M","?","R","T","M","M","R","$","?","R","B",null,"R","$","E","B",null],"character_chosen":"DEFECT","items_purchased":["Glacier","Regal Pillow","Shovel","Double Energy+1","Genetic Algorithm+1","War Paint","Bronze Scales","Runic Capacitor","Coolheaded+1","Block Potion","Regen Potion"],"campfire_rested":1,"item_purchase_floors":[4,4,27,27,31,47,47,53,53,53,53],"current_hp_per_floor":[75,85,84,84,81,81,59,59,59,38,78,78,58,58,58,8,85,85,85,85,85,85,85,63,73,73,73,73,73,83,83,83,85,85,85,85,85,74,84,85,85,85,85,85,85,85,85,85,85,85,85,85,85,85,85],"gold":47,"neow_bonus":"HUNDRED_GOLD","is_prod":false,"is_daily":false,"chose_seed":false,"campfire_upgraded":3,"win_rate":0,"timestamp":1546213256,"path_taken":["M","?","M","?","?","R","E","?","T","?","R","?","E","M","R","BOSS","M","M","?","?","M","R","E","M","T","?","R","?","M","$","R","BOSS","M","?","M","?","M","M","?","R","T","M","M","R","$","?","R","BOSS","R","$","E","BOSS"],"build_version":"2018-12-25","purchased_purges":1,"victory":true,"max_hp_per_floor":[75,85,85,85,85,85,85,85,85,85,85,85,85,85,85,85,85,85,85,85,85,85,85,85,85,85,85,85,85,85,85,85,85,85,85,85,85,85,85,85,85,85,85,85,85,85,85,85,85,85,85,85,85,85,85],"card_choices":[{"not_picked":["Redo","Rip and Tear"],"picked":"Compile Driver","floor":1},{"not_picked":["Stack","Hologram"],"picked":"Machine Learning","floor":3},{"not_picked":["Melter","Streamline"],"picked":"Recycle","floor":7},{"not_picked":["Multi-Cast","Redo"],"picked":"Genetic Algorithm","floor":13},{"not_picked":["Conserve Battery","Consume"],"picked":"Chill","floor":14},{"not_picked":["Multi-Cast","Biased Cognition"],"picked":"Rainbow","floor":16},{"not_picked":["Heatsinks","Stack"],"picked":"Go for the Eyes+1","floor":18},{"not_picked":["Leap+1","Ball Lightning+1"],"picked":"Force Field+1","floor":19},{"not_picked":["Gash","Self Repair"],"picked":"Genetic Algorithm","floor":20},{"not_picked":["Turbo","Sweeping Beam"],"picked":"Cold Snap","floor":21},{"not_picked":["Genetic Algorithm","Sweeping Beam"],"picked":"Blizzard+1","floor":22},{"not_picked":["Aggregate","Hello World+1"],"picked":"Self Repair+1","floor":24},{"not_picked":["Machine Learning","Scrape"],"picked":"Capacitor+1","floor":25},{"not_picked":["Sweeping Beam","Compile Driver"],"picked":"Hologram+1","floor":30},{"not_picked":["Machine Learning","Buffer"],"picked":"Seek+1","floor":33},{"not_picked":["Rebound+1","Ball Lightning+1","Steam Power+1"],"picked":"SKIP","floor":35},{"not_picked":["Streamline+1","Cold Snap"],"picked":"Coolheaded+1","floor":37},{"not_picked":["Go for the Eyes","Doom and Gloom"],"picked":"Self Repair","floor":39},{"not_picked":["Hello World","Turbo+1"],"picked":"Defragment","floor":40},{"not_picked":["Go for the Eyes+1","Compile Driver+1"],"picked":"Self Repair+1","floor":41},{"not_picked":["Skim+1","Steam+1"],"picked":"Reboot+1","floor":44},{"not_picked":["Capacitor","Tempest+1"],"picked":"Chaos+1","floor":45},{"not_picked":["Gash","Rebound"],"picked":"Stack+1","floor":54}],"player_experience":700939,"relics_obtained":[{"floor":7,"key":"Mummified Hand"},{"floor":9,"key":"Centennial Puzzle"},{"floor":13,"key":"Pocketwatch"},{"floor":24,"key":"Toxic Egg 2"},{"floor":26,"key":"Gremlin Horn"},{"floor":28,"key":"Juzu Bracelet"},{"floor":32,"key":"DataDisk"},{"floor":41,"key":"Unceasing Top"},{"floor":42,"key":"Sundial"},{"floor":46,"key":"Vajra"},{"floor":52,"key":"Symbiotic Virus"},{"floor":54,"key":"Incense Burner"}],"event_choices":[{"cards_removed":["Compile Driver"],"damage_healed":0,"gold_gain":0,"player_choice":"Gave Card","damage_taken":0,"relics_obtained":["Pear"],"max_hp_gain":0,"max_hp_loss":0,"event_name":"WeMeetAgain","floor":2,"gold_loss":0},{"damage_healed":0,"gold_gain":0,"player_choice":"Success","damage_taken":3,"relics_obtained":["FossilizedHelix"],"max_hp_gain":0,"max_hp_loss":0,"event_name":"Scrap Ooze","floor":5,"gold_loss":0},{"damage_healed":0,"gold_gain":0,"player_choice":"Take Damage","damage_taken":21,"relics_obtained":["Golden Idol"],"max_hp_gain":0,"max_hp_loss":0,"event_name":"Golden Idol","floor":10,"gold_loss":0},{"damage_healed":0,"gold_gain":0,"player_choice":"Stole Relic","damage_taken":0,"relics_obtained":["Potion Belt"],"max_hp_gain":0,"max_hp_loss":0,"event_name":"Addict","floor":29,"gold_loss":0,"cards_obtained":["Shame"]},{"cards_removed":["Rebound"],"damage_healed":0,"gold_gain":0,"player_choice":"Removed Attack","damage_taken":0,"max_hp_gain":0,"max_hp_loss":0,"event_name":"Falling","floor":36,"gold_loss":0},{"damage_healed":0,"gold_gain":0,"player_choice":"Embrace Madness","damage_taken":11,"max_hp_gain":0,"max_hp_loss":0,"event_name":"Winding Halls","floor":38,"gold_loss":0,"cards_obtained":["Madness","Madness"]},{"damage_healed":0,"gold_gain":0,"player_choice":"Fight","damage_taken":0,"max_hp_gain":0,"max_hp_loss":0,"event_name":"MindBloom","floor":41,"gold_loss":0},{"damage_healed":0,"gold_gain":333,"player_choice":"Gave Idol","damage_taken":0,"max_hp_gain":0,"max_hp_loss":0,"event_name":"The Moai Head","floor":48,"relics_lost":["Golden Idol"],"gold_loss":0}],"is_beta":true,"boss_relics":[{"not_picked":["Orrery","Runic Pyramid"],"picked":"Pandora\u0027s Box"},{"not_picked":["Philosopher\u0027s Stone","Black Star"],"picked":"Eternal Feather"}],"items_purged_floors":[47],"is_endless":false,"potions_floor_spawned":[3,14,16,18,22,24,33,39,44],"ascension_level":0}