{"gold_per_floor":[13,13,13,31,5,48,48,92,137,137,237,281,281,304,304,423,423,444,462,462],"floor_reached":20,"playtime":1172,"items_purged":[],"score":209,"play_id":"a675d6fe-8a7e-4b09-a13e-143e5f71d637","local_time":"20190707235206","is_ascension_mode":true,"campfire_choices":[{"data":"Double Energy","floor":7.0,"key":"SMITH"},{"data":"Sunder","floor":10.0,"key":"SMITH"},{"data":"Auto Shields","floor":13.0,"key":"SMITH"},{"floor":15.0,"key":"REST"}],"neow_cost":"NO_GOLD","seed_source_timestamp":0,"circlet_count":0,"master_deck":["Strike_B","Strike_B","Strike_B","Strike_B","Defend_B","Defend_B","Defend_B+1","Defend_B","Zap","Dualcast","Blind","Dramatic Entrance+1","Ball Lightning","Injury","Auto Shields+1","Conserve Battery","Double Energy+1","Sunder+1","Rebound","Conserve Battery","Conserve Battery","Amplify","Beam Cell","Leap"],"special_seed":0,"relics":["Cracked Core","Golden Idol","Dream Catcher","Centennial Puzzle","Anchor","Potion Belt","Eternal Feather"],"potions_floor_usage":[16,16],"damage_taken":[{"damage":7.0,"enemies":"Jaw Worm","floor":1.0,"turns":3.0},{"damage":0.0,"enemies":"2 Louse","floor":4.0,"turns":1.0},{"damage":13.0,"enemies":"Lagavulin","floor":6.0,"turns":7.0},{"damage":20.0,"enemies":"3 Sentries","floor":8.0,"turns":6.0},{"damage":14.0,"enemies":"Gremlin Nob","floor":12.0,"turns":3.0},{"damage":0.0,"enemies":"Cultist","floor":14.0,"turns":3.0},{"damage":23,"enemies":"Hexaghost","floor":16,"turns":7},{"damage":4,"enemies":"3 Byrds","floor":18,"turns":6},{"damage":0,"enemies":"Chosen","floor":19,"turns":4},{"damage":24,"enemies":"Centurion and Healer","floor":20,"turns":6}],"seed_played":"7933861521098061786","potions_obtained":[{"floor":8.0,"key":"FocusPotion"},{"floor":12.0,"key":"SteroidPotion"},{"floor":14.0,"key":"LiquidBronze"},{"floor":19,"key":"SneckoOil"}],"is_trial":false,"path_per_floor":["M","?","?","M","$","E","R","E","T","R","?","E","R","M","R","B",null,"M","M","M"],"character_chosen":"DEFECT","items_purchased":["Conserve Battery"],"campfire_rested":1,"item_purchase_floors":[5],"current_hp_per_floor":[68,68,53,53,53,40,40,20,20,20,20,6,6,6,28,5,75,71,71,47],"gold":462,"neow_bonus":"RANDOM_COLORLESS_2","is_prod":false,"is_daily":false,"chose_seed":false,"campfire_upgraded":3,"win_rate":0,"timestamp":1562557926,"path_taken":["M","?","?","M","?","E","R","E","T","R","?","E","R","?","R","BOSS","M","M","?"],"build_version":"2019-07-05","purchased_purges":0,"victory":false,"max_hp_per_floor":[75,75,75,75,75,75,75,75,75,75,75,75,75,75,75,75,75,75,75,75],"card_choices":[{"not_picked":["Leap","Sweeping Beam"],"picked":"Ball Lightning","floor":1.0},{"not_picked":["Cold Snap","Turbo"],"picked":"Auto Shields","floor":4.0},{"not_picked":["Static Discharge","Redo"],"picked":"Double Energy","floor":6.0},{"not_picked":["Consume","Coolheaded"],"picked":"Sunder","floor":8.0},{"not_picked":["Consume","Sweeping Beam"],"picked":"Rebound","floor":12.0},{"not_picked":["Steam","Barrage"],"picked":"Conserve Battery","floor":14.0},{"not_picked":["Stack","Rip and Tear"],"picked":"Conserve Battery","floor":15.0},{"not_picked":["Machine Learning","Multi-Cast"],"picked":"Amplify","floor":16},{"not_picked":["Rebound","Storm"],"picked":"Beam Cell","floor":18},{"not_picked":["Capacitor","Hologram+1"],"picked":"Leap","floor":19}],"player_experience":671282,"relics_obtained":[{"floor":6.0,"key":"Dream Catcher"},{"floor":8.0,"key":"Centennial Puzzle"},{"floor":9.0,"key":"Anchor"},{"floor":12.0,"key":"Potion Belt"}],"event_choices":[{"damage_healed":0.0,"max_hp_gain":0.0,"max_hp_loss":0.0,"gold_gain":0.0,"event_name":"Golden Idol","player_choice":"Take Wound","floor":2.0,"gold_loss":0.0,"damage_taken":0.0,"relics_obtained":["Golden Idol"],"cards_obtained":["Injury"]},{"damage_healed":0.0,"max_hp_gain":0.0,"max_hp_loss":0.0,"gold_gain":0.0,"event_name":"Shining Light","player_choice":"Entered Light","floor":3.0,"gold_loss":0.0,"damage_taken":15.0,"cards_upgraded":["Defend_B","Dramatic Entrance"]},{"damage_healed":0.0,"max_hp_gain":0.0,"max_hp_loss":0.0,"gold_gain":100.0,"event_name":"Golden Shrine","player_choice":"Pray","floor":11.0,"gold_loss":0.0,"damage_taken":0.0}],"is_beta":false,"boss_relics":[{"not_picked":["Velvet Choker","Orrery"],"picked":"Eternal Feather"}],"items_purged_floors":[],"is_endless":false,"potions_floor_spawned":[8,12,14,19],"killed_by":"Centurion and Healer","ascension_level":2}