{"gold_per_floor":[117,128,147,157,169,169,202,202,202,202,202,218,230,280,280,280],"floor_reached":16,"playtime":660,"items_purged":[],"score":203,"play_id":"2ab2a328-3c7c-46bf-bb91-e3e4791b5f37","local_time":"20190320125649","is_ascension_mode":true,"campfire_choices":[{"data":"Shockwave","floor":6.0,"key":"SMITH"},{"data":"Battle Trance","floor":15,"key":"SMITH"}],"neow_cost":"NONE","seed_source_timestamp":1385333479996372,"circlet_count":0,"master_deck":["AscendersBane","Strike_R","Strike_R","Strike_R","Strike_R","Strike_R","Defend_R","Defend_R","Defend_R","Defend_R","Bash","Cleave","Shockwave+1","Rupture","Intimidate","Battle Trance+1","Immolate","Seeing Red","Dark Embrace"],"special_seed":0,"relics":["Burning Blood","Anchor","Omamori","Blue Candle","Dodecahedron","Question Card"],"potions_floor_usage":[16,16],"damage_taken":[{"damage":6.0,"enemies":"Cultist","floor":1.0,"turns":3.0},{"damage":0.0,"enemies":"Small Slimes","floor":2.0,"turns":3.0},{"damage":2.0,"enemies":"Jaw Worm","floor":3.0,"turns":5.0},{"damage":1.0,"enemies":"3 Louse","floor":4.0,"turns":2.0},{"damage":24.0,"enemies":"Large Slime","floor":5.0,"turns":8.0},{"damage":55.0,"enemies":"Lagavulin","floor":7.0,"turns":8.0},{"damage":11.0,"enemies":"Gremlin Gang","floor":12.0,"turns":3.0},{"damage":0.0,"enemies":"Exordium Wildlife","floor":13.0,"turns":2.0},{"damage":53,"enemies":"The Guardian","floor":16,"turns":14}],"seed_played":"409431968620788683","potions_obtained":[{"floor":3.0,"key":"Regen Potion"},{"floor":4.0,"key":"Regen Potion"},{"floor":7.0,"key":"Weak Potion"},{"floor":12.0,"key":"Dexterity Potion"}],"is_trial":false,"path_per_floor":["M","M","M","M","M","R","E","?","T","?","?","M","M","?","R","B"],"character_chosen":"IRONCLAD","items_purchased":[],"campfire_rested":0,"item_purchase_floors":[],"current_hp_per_floor":[68,74,75,75,69,69,35,35,35,35,53,48,54,47,47,0],"gold":280,"neow_bonus":"RANDOM_COMMON_RELIC","is_prod":false,"is_daily":false,"chose_seed":false,"campfire_upgraded":2,"win_rate":0,"timestamp":1553101009,"path_taken":["M","M","M","?","M","R","E","?","T","?","?","M","M","?","R","BOSS"],"build_version":"2019-03-15","purchased_purges":0,"victory":false,"max_hp_per_floor":[75,75,75,75,75,75,75,75,75,75,75,75,75,75,75,75],"card_choices":[{"not_picked":["Wild Strike","Flex"],"picked":"Cleave","floor":1.0},{"not_picked":["Perfected Strike","Thunderclap"],"picked":"Shockwave","floor":2.0},{"not_picked":["Cleave","Bloodletting"],"picked":"Rupture","floor":3.0},{"not_picked":["Pummel","Headbutt"],"picked":"Intimidate","floor":4.0},{"not_picked":["Sword Boomerang","Exhume"],"picked":"Battle Trance","floor":5.0},{"not_picked":["Flex","Thunderclap"],"picked":"Immolate","floor":7.0},{"not_picked":["Body Slam","Heavy Blade","Clash"],"picked":"Seeing Red","floor":12.0},{"not_picked":["Headbutt","Flex","Anger"],"picked":"Dark Embrace","floor":13.0}],"player_experience":1040839,"relics_obtained":[{"floor":7.0,"key":"Omamori"},{"floor":9.0,"key":"Dodecahedron"}],"event_choices":[{"damage_healed":0.0,"max_hp_gain":0.0,"max_hp_loss":0.0,"gold_gain":0.0,"event_name":"Big Fish","player_choice":"Box","floor":8.0,"gold_loss":0.0,"damage_taken":0.0,"relics_obtained":["Blue Candle"],"cards_obtained":["Regret"]},{"damage_healed":0.0,"max_hp_gain":0.0,"max_hp_loss":0.0,"gold_gain":0.0,"event_name":"Dead Adventurer","player_choice":"Searched \u00271\u0027 times","floor":10.0,"gold_loss":0.0,"damage_taken":0.0,"relics_obtained":["Question Card"]},{"damage_healed":18.0,"max_hp_gain":0.0,"max_hp_loss":0.0,"gold_gain":0.0,"event_name":"Mushrooms","player_choice":"Healed and dodged fight","floor":11.0,"gold_loss":0.0,"damage_taken":0.0,"cards_obtained":["Parasite"]},{"damage_healed":0,"gold_gain":50,"player_choice":"Touch","damage_taken":7,"max_hp_gain":0,"max_hp_loss":0,"event_name":"FaceTrader","floor":14,"gold_loss":0}],"is_beta":true,"boss_relics":[],"items_purged_floors":[],"is_endless":false,"potions_floor_spawned":[3,4,7,12],"killed_by":"The Guardian","ascension_level":19}