{"gold_per_floor":[115,115,134,144,144,144,164,184,184,208,308,333,347,370,370,493,493,514,535,47,47,61,61,26,69,69,42,61,61,61,84,84,215,215,234,234,234,1233,226,226,226,226,226,226,26,26,44,67,67,67],"floor_reached":50,"playtime":4075,"items_purged":["Injury","Normality","Normality"],"score":776,"play_id":"b810ce8f-9aff-4324-9591-b2fdb9e9900c","local_time":"20190107000036","is_ascension_mode":true,"campfire_choices":[{"data":"Calculated Gamble","floor":6.0,"key":"SMITH"},{"data":"Footwork","floor":15.0,"key":"SMITH"},{"floor":23,"key":"REST"},{"data":"Noxious Fumes","floor":29,"key":"SMITH"},{"data":"Well Laid Plans","floor":32,"key":"SMITH"},{"data":"Noxious Fumes","floor":40,"key":"SMITH"},{"data":"Caltrops","floor":42,"key":"SMITH"},{"data":"Accuracy","floor":46,"key":"SMITH"},{"floor":49,"key":"REST"}],"neow_cost":"CURSE","seed_source_timestamp":557755028699070,"circlet_count":0,"master_deck":["AscendersBane","Defend_G","Defend_G","Defend_G","Defend_G","Defend_G","Strike_G","Strike_G+1","Survivor","Neutralize","Dodge and Roll","Calculated Gamble+1","Acrobatics","Footwork+1","Dagger Throw+1","Prepared","Cloak And Dagger","Acrobatics","Storm of Steel","PiercingWail","Acrobatics+1","Caltrops+1","Well Laid Plans+1","Dodge and Roll","Dagger Throw","Noxious Fumes+1","Blade Dance+1","Adrenaline","Reflex+1","Underhanded Strike+1","Caltrops+1","Noxious Fumes+1","Sadistic Nature","Accuracy+1","Accuracy+1","Parasite","Reflex"],"special_seed":0,"relics":["Ring of the Snake","Tough Bandages","Ancient Tea Set","Golden Idol","Lantern","Bag of Preparation","HoveringKite","Happy Flower","ClockworkSouvenir","Shuriken","Whetstone","Astrolabe","Dream Catcher","Mummified Hand","Frozen Eye","Sundial"],"potions_floor_usage":[16,16,19,22,48,50],"damage_taken":[{"damage":9.0,"enemies":"Jaw Worm","floor":1.0,"turns":8.0},{"damage":4.0,"enemies":"Small Slimes","floor":3.0,"turns":5.0},{"damage":2.0,"enemies":"2 Louse","floor":4.0,"turns":4.0},{"damage":0.0,"enemies":"Gremlin Gang","floor":7.0,"turns":6.0},{"damage":0.0,"enemies":"Looter","floor":8.0,"turns":5.0},{"damage":3.0,"enemies":"Exordium Thugs","floor":12.0,"turns":6.0},{"damage":5.0,"enemies":"3 Louse","floor":13.0,"turns":3.0},{"damage":0.0,"enemies":"Looter","floor":14.0,"turns":4.0},{"damage":18,"enemies":"Slime Boss","floor":16,"turns":14},{"damage":2,"enemies":"Shell Parasite","floor":18,"turns":18},{"damage":14,"enemies":"Chosen","floor":19,"turns":15},{"damage":11,"enemies":"Centurion and Healer","floor":22,"turns":12},{"damage":7,"enemies":"Slavers","floor":25,"turns":13},{"damage":0,"enemies":"Snake Plant","floor":28,"turns":6},{"damage":0,"enemies":"Shelled Parasite and Fungi","floor":31,"turns":8},{"damage":15,"enemies":"Collector","floor":33,"turns":12},{"damage":0,"enemies":"Orb Walker","floor":35,"turns":3},{"damage":1,"enemies":"3 Shapes","floor":47,"turns":4},{"damage":24,"enemies":"Writhing Mass","floor":48,"turns":5},{"damage":48,"enemies":"Time Eater","floor":50,"turns":9}],"seed_played":"3354803086540137331","potions_obtained":[{"floor":1.0,"key":"Strength Potion"},{"floor":7.0,"key":"Explosive Potion"},{"floor":8.0,"key":"GamblersBrew"},{"floor":12.0,"key":"SkillPotion"},{"floor":13.0,"key":"PowerPotion"},{"floor":16,"key":"GhostInAJar"},{"floor":19,"key":"FearPotion"},{"floor":33,"key":"PowerPotion"},{"floor":47,"key":"LiquidBronze"}],"is_trial":false,"path_per_floor":["M","?","M","M","?","R","M","M","T","T","?","M","M","M","R","B",null,"M","M","$","?","M","R","$","E","T","$","M","R","?","M","R","B",null,"M","?","?","?","$","R","?","R","T","?","$","R","M","M","R","B"],"character_chosen":"THE_SILENT","items_purchased":["Happy Flower","Caltrops","ClockworkSouvenir","Well Laid Plans","Dagger Throw","Dream Catcher","Mummified Hand","Frozen Eye","GhostInAJar","Noxious Fumes","Sadistic Nature","Accuracy"],"campfire_rested":2,"item_purchase_floors":[20,20,20,24,27,39,39,39,39,39,39,45],"current_hp_per_floor":[54,42,38,36,36,36,36,36,36,36,36,33,28,28,28,10,51,49,35,35,35,24,43,43,36,36,36,36,36,36,36,36,21,54,54,54,54,54,54,54,54,54,54,54,54,54,53,29,47,0],"gold":67,"neow_bonus":"ONE_RARE_RELIC","is_prod":false,"is_daily":false,"chose_seed":false,"campfire_upgraded":7,"win_rate":0,"timestamp":1546837236,"path_taken":["M","?","M","M","?","R","M","M","T","?","?","M","?","M","R","BOSS","M","M","$","?","M","R","$","E","T","?","M","R","?","M","R","BOSS","M","?","?","?","$","R","?","R","T","?","?","R","M","M","R","BOSS"],"build_version":"2019-01-03v4","purchased_purges":3,"victory":false,"max_hp_per_floor":[70,70,70,70,65,65,65,65,65,65,65,65,65,65,65,65,65,65,65,65,65,65,65,65,65,65,65,65,65,65,65,65,65,65,65,65,65,65,65,65,62,62,62,62,62,62,62,62,62,62],"card_choices":[{"not_picked":["Bane","Outmaneuver"],"picked":"Dodge and Roll","floor":1.0},{"not_picked":["Leg Sweep","Footwork"],"picked":"Calculated Gamble","floor":3.0},{"not_picked":["Flying Knee","Slice"],"picked":"Acrobatics","floor":4.0},{"not_picked":["Bane","PiercingWail"],"picked":"Footwork","floor":7.0},{"not_picked":["Glass Knife","Slice"],"picked":"Dagger Throw","floor":8.0},{"not_picked":["Quick Slash","Underhanded Strike"],"picked":"Prepared","floor":12.0},{"not_picked":["Poisoned Stab","Predator"],"picked":"Cloak And Dagger","floor":13.0},{"not_picked":["Reflex","Sucker Punch"],"picked":"Acrobatics","floor":14.0},{"not_picked":["Unload","Doppelganger"],"picked":"Storm of Steel","floor":16},{"not_picked":["Heel Hook","Distraction+1"],"picked":"PiercingWail","floor":18},{"not_picked":["Dagger Spray","Noxious Fumes"],"picked":"Acrobatics+1","floor":19},{"not_picked":["Catalyst","Flying Knee+1","Concentrate"],"picked":"SKIP","floor":22},{"not_picked":["Predator","Riddle With Holes"],"picked":"Dodge and Roll","floor":25},{"not_picked":["Bane","Deflect"],"picked":"Noxious Fumes","floor":28},{"not_picked":["Deadly Poison+1","Flying Knee+1"],"picked":"Blade Dance+1","floor":31},{"not_picked":["Venomology","Malaise"],"picked":"Adrenaline","floor":33},{"not_picked":["Flechettes+1","Riddle With Holes"],"picked":"Caltrops+1","floor":35},{"not_picked":["Underhanded Strike","Slice"],"picked":"Accuracy+1","floor":47},{"not_picked":["PiercingWail","Quick Slash+1"],"picked":"Reflex","floor":48}],"player_experience":759743,"relics_obtained":[{"floor":9.0,"key":"Lantern"},{"floor":10.0,"key":"Bag of Preparation"},{"floor":25,"key":"Shuriken"},{"floor":26,"key":"Whetstone"},{"floor":43,"key":"Sundial"}],"event_choices":[{"damage_healed":0.0,"max_hp_gain":0.0,"max_hp_loss":0.0,"gold_gain":0.0,"event_name":"Scrap Ooze","player_choice":"Success","floor":2.0,"gold_loss":0.0,"damage_taken":12.0,"relics_obtained":["Ancient Tea Set"]},{"damage_healed":0.0,"max_hp_gain":0.0,"max_hp_loss":5.0,"gold_gain":0.0,"event_name":"Golden Idol","player_choice":"Lose Max HP","floor":5.0,"gold_loss":0.0,"damage_taken":0.0,"relics_obtained":["Golden Idol"]},{"damage_healed":0.0,"max_hp_gain":0.0,"max_hp_loss":0.0,"gold_gain":100.0,"event_name":"Wheel of Change","player_choice":"Gold","floor":11.0,"gold_loss":0.0,"damage_taken":0.0},{"damage_healed":0,"gold_gain":0,"player_choice":"Ignored","damage_taken":0,"max_hp_gain":0,"max_hp_loss":0,"event_name":"N\u0027loth","floor":21,"gold_loss":0},{"damage_healed":0,"gold_gain":0,"player_choice":"Ignored","damage_taken":0,"max_hp_gain":0,"max_hp_loss":0,"event_name":"Cursed Tome","floor":30,"gold_loss":0},{"damage_healed":0,"gold_gain":0,"player_choice":"Ignored","damage_taken":0,"max_hp_gain":0,"max_hp_loss":0,"event_name":"Mysterious Sphere","floor":36,"gold_loss":0},{"damage_healed":0,"gold_gain":0,"player_choice":"Ignored","damage_taken":0,"max_hp_gain":0,"max_hp_loss":0,"event_name":"Tomb of Lord Red Mask","floor":37,"gold_loss":0},{"damage_healed":0,"gold_gain":999,"player_choice":"Gold","damage_taken":0,"max_hp_gain":0,"max_hp_loss":0,"event_name":"MindBloom","floor":38,"gold_loss":0,"cards_obtained":["Normality","Normality"]},{"damage_healed":0,"gold_gain":0,"player_choice":"Max HP","damage_taken":0,"max_hp_gain":0,"max_hp_loss":3,"event_name":"Winding Halls","floor":41,"gold_loss":0},{"cards_removed":["Dagger Spray"],"damage_healed":0,"gold_gain":0,"player_choice":"Removed Attack","damage_taken":0,"max_hp_gain":0,"max_hp_loss":0,"event_name":"Falling","floor":44,"gold_loss":0}],"is_beta":true,"boss_relics":[{"not_picked":["Fusion Hammer","Philosopher\u0027s Stone"],"picked":"HoveringKite"},{"not_picked":["Coffee Dripper","Black Star"],"picked":"Astrolabe"}],"items_purged_floors":[20,39,45],"is_endless":false,"potions_floor_spawned":[1,7,8,12,13,16,19,33,47],"killed_by":"Time Eater","ascension_level":11}