{"gold_per_floor":[118,137,62,78,96,96,106,167,167,167,187,207,207,233,233,338,338,350,300,43,59,77,77,112,112,136,136],"floor_reached":27,"playtime":1874,"items_purged":[],"score":257,"play_id":"1f08d63e-5f9e-4668-be20-5dc5c9cfb8c0","local_time":"20190519140728","is_ascension_mode":true,"campfire_choices":[{"floor":6,"key":"REST"},{"floor":10,"key":"RECALL"},{"floor":15,"key":"REST"},{"floor":23,"key":"REST"}],"neow_cost":"NONE","seed_source_timestamp":412161365943322,"circlet_count":0,"master_deck":["Defend_G","Defend_G","Defend_G","Defend_G","Defend_G","Strike_G","Strike_G","Strike_G","Strike_G","Strike_G","Survivor","Neutralize","Dagger Spray","Outmaneuver","Infinite Blades","PiercingWail","Accuracy","Accuracy","PiercingWail","Distraction","Masterful Stab","Parasite","Leg Sweep","Tools of the Trade","Blade Dance","Dodge and Roll","Distraction+1"],"relics":["Ring of the Snake","Bronze Scales","Tiny Chest","Pantograph","Letter Opener","White Beast Statue","Kunai","Shuriken","MutagenicStrength"],"potions_floor_usage":[8,14,14,18,21,24,27],"damage_taken":[{"damage":1,"enemies":"Cultist","floor":1,"turns":4},{"damage":1,"enemies":"2 Louse","floor":2,"turns":3},{"damage":3,"enemies":"Jaw Worm","floor":4,"turns":4},{"damage":19,"enemies":"Exordium Thugs","floor":5,"turns":7},{"damage":2,"enemies":"Looter","floor":7,"turns":3},{"damage":20,"enemies":"Gremlin Nob","floor":8,"turns":4},{"damage":2,"enemies":"Large Slime","floor":11,"turns":8},{"damage":13,"enemies":"2 Fungi Beasts","floor":12,"turns":3},{"damage":17,"enemies":"3 Sentries","floor":14,"turns":6},{"damage":59,"enemies":"The Guardian","floor":16,"turns":13},{"damage":14,"enemies":"Shell Parasite","floor":18,"turns":7},{"damage":37,"enemies":"Chosen","floor":21,"turns":6},{"damage":13,"enemies":"Centurion and Healer","floor":22,"turns":12},{"damage":7,"enemies":"Book of Stabbing","floor":24,"turns":7},{"damage":30,"enemies":"Gremlin Leader","floor":27,"turns":4}],"seed_played":"-5065498079970536718","potions_obtained":[{"floor":7,"key":"Explosive Potion"},{"floor":8,"key":"Energy Potion"},{"floor":12,"key":"AttackPotion"},{"floor":16,"key":"Energy Potion"},{"floor":18,"key":"SkillPotion"},{"floor":21,"key":"FairyPotion"},{"floor":22,"key":"EssenceOfSteel"},{"floor":24,"key":"Ancient Potion"}],"is_trial":false,"path_per_floor":["M","M","$","M","M","R","M","E","T","R","M","M","?","E","R","B",null,"M","?","$","M","M","R","E","?","T","E"],"character_chosen":"THE_SILENT","items_purchased":["Infinite Blades","Kunai"],"campfire_rested":3,"item_purchase_floors":[3,20],"current_hp_per_floor":[69,68,68,65,46,67,65,45,45,45,43,30,47,30,51,11,70,56,56,56,19,6,27,20,20,20,0],"gold":136,"neow_bonus":"RANDOM_COMMON_RELIC","is_prod":false,"is_daily":false,"chose_seed":false,"campfire_upgraded":0,"win_rate":0,"timestamp":1558289248,"path_taken":["M","M","$","?","M","R","M","E","T","R","M","M","?","E","R","BOSS","M","?","?","M","M","R","E","?","T","E"],"build_version":"2019-01-23","purchased_purges":0,"victory":false,"max_hp_per_floor":[70,70,70,70,70,70,70,70,70,70,70,70,70,70,70,70,70,70,70,70,70,70,70,70,70,70,70],"card_choices":[{"not_picked":["Deflect","Backflip"],"picked":"Dagger Spray","floor":1},{"not_picked":["Acrobatics","Eviscerate"],"picked":"Outmaneuver","floor":2},{"not_picked":["Well Laid Plans","Acrobatics"],"picked":"PiercingWail","floor":4},{"not_picked":["Quick Slash","Bane"],"picked":"Accuracy","floor":5},{"not_picked":["Riddle With Holes","Outmaneuver"],"picked":"Accuracy","floor":7},{"not_picked":["Underhanded Strike","Outmaneuver"],"picked":"PiercingWail","floor":8},{"not_picked":["Prepared","Bouncing Flask"],"picked":"Distraction","floor":11},{"not_picked":["Dagger Throw","Acrobatics"],"picked":"Masterful Stab","floor":12},{"not_picked":["Acrobatics","Endless Agony"],"picked":"Leg Sweep","floor":14},{"not_picked":["A Thousand Cuts","Wraith Form v2"],"picked":"Tools of the Trade","floor":16},{"not_picked":["Dagger Spray","Flechettes","Dagger Throw"],"picked":"SKIP","floor":18},{"not_picked":["Dagger Throw","Cloak And Dagger"],"picked":"Blade Dance","floor":21},{"not_picked":["Poisoned Stab","Quick Slash"],"picked":"Dodge and Roll","floor":22},{"not_picked":["Eviscerate","Prepared"],"picked":"Distraction+1","floor":24}],"player_experience":352347,"relics_obtained":[{"floor":8,"key":"Tiny Chest"},{"floor":9,"key":"Pantograph"},{"floor":14,"key":"Letter Opener"},{"floor":24,"key":"Shuriken"}],"event_choices":[{"damage_healed":17,"gold_gain":0,"player_choice":"Healed and dodged fight","damage_taken":0,"max_hp_gain":0,"max_hp_loss":0,"event_name":"Mushrooms","floor":13,"gold_loss":0,"cards_obtained":["Parasite"]},{"damage_healed":0,"gold_gain":0,"player_choice":"Bet on Murderer","damage_taken":0,"max_hp_gain":0,"max_hp_loss":0,"event_name":"The Joust","floor":19,"gold_loss":50},{"damage_healed":0,"gold_gain":0,"player_choice":"Inject Mutagens","damage_taken":0,"relics_obtained":["MutagenicStrength"],"max_hp_gain":0,"max_hp_loss":0,"event_name":"Drug Dealer","floor":25,"gold_loss":0}],"is_beta":false,"boss_relics":[{"not_picked":["Runic Dome","Ectoplasm"],"picked":"White Beast Statue"}],"items_purged_floors":[],"is_endless":false,"potions_floor_spawned":[7,8,12,16,18,21,22,24],"killed_by":"Gremlin Leader","ascension_level":1}