{"gold_per_floor":[119,130,148,148,148,148,181,199,267,267,237,237,18,35,35,131,131,147,158,168,180,200,200,212,212,212,122,136,136,148,248,248,351,351,366,366,121,131,147,147,110,110,110,210,210,61,61,61,61,61],"floor_reached":51,"playtime":2496,"items_purged":["Regret","Scrape+1"],"score":722,"play_id":"f40f012a-6a70-49eb-930b-805e9ac54f9e","local_time":"20181106060253","is_ascension_mode":false,"campfire_choices":[{"data":"Loop","floor":6,"key":"SMITH"},{"data":"Glacier","floor":12,"key":"SMITH"},{"data":"Tempest","floor":15,"key":"SMITH"},{"data":"Storm","floor":23,"key":"SMITH"},{"data":"Loop","floor":25,"key":"SMITH"},{"floor":32,"key":"REST"},{"data":"Blizzard","floor":40,"key":"SMITH"},{"data":"Capacitor","floor":45,"key":"SMITH"},{"data":"Loop","floor":47,"key":"SMITH"},{"floor":49,"key":"REST"}],"neow_cost":"NONE","seed_source_timestamp":7055184019756,"circlet_count":0,"master_deck":["Defend_B","Defend_B","Defend_B","Zap+1","Conserve Battery","Tempest+1","Loop+1","Glacier+1","Recycle","Blizzard+1","Electrodynamics+1","Loop+1","Storm+1","Conserve Battery","Cold Snap","Conserve Battery","Creative AI","Capacitor+1","Loop+1","Trip"],"relics":["Cracked Core","War Paint","Emotion Chip","Mummified Hand","Pen Nib","Bronze Scales","Astrolabe","Boot","Thread and Needle","Ornamental Fan","White Beast Statue","Centennial Puzzle","Oddly Smooth Stone","Matryoshka","WingedGreaves","Lantern"],"potions_floor_usage":[16,20,21,31,31,33,50,50,50],"damage_taken":[{"damage":1,"enemies":"Cultist","floor":1,"turns":4},{"damage":0,"enemies":"Jaw Worm","floor":2,"turns":3},{"damage":0,"enemies":"Small Slimes","floor":3,"turns":2},{"damage":4,"enemies":"Lagavulin","floor":7,"turns":6},{"damage":12,"enemies":"Gremlin Gang","floor":8,"turns":5},{"damage":0,"enemies":"3 Louse","floor":14,"turns":3},{"damage":0,"enemies":"Slime Boss","floor":16,"turns":11},{"damage":7,"enemies":"3 Byrds","floor":18,"turns":3},{"damage":8,"enemies":"2 Thieves","floor":19,"turns":2},{"damage":0,"enemies":"Shelled Parasite and Fungi","floor":20,"turns":6},{"damage":7,"enemies":"Snake Plant","floor":21,"turns":3},{"damage":5,"enemies":"Centurion and Healer","floor":22,"turns":3},{"damage":0,"enemies":"Chosen and Byrds","floor":24,"turns":4},{"damage":4,"enemies":"Snake Plant","floor":28,"turns":3},{"damage":9,"enemies":"Sentry and Sphere","floor":30,"turns":4},{"damage":15,"enemies":"Colosseum Slavers","floor":31,"turns":2},{"damage":0,"enemies":"Colosseum Nobs","floor":31,"turns":2},{"damage":7,"enemies":"Collector","floor":33,"turns":11},{"damage":26,"enemies":"3 Darklings","floor":35,"turns":5},{"damage":0,"enemies":"Orb Walker","floor":38,"turns":4},{"damage":0,"enemies":"Jaw Worm Horde","floor":39,"turns":2},{"damage":0,"enemies":"Mind Bloom Boss Battle","floor":44,"turns":6},{"damage":9,"enemies":"Donu and Deca","floor":50,"turns":5}],"seed_played":"7880577956817471599","potions_obtained":[{"floor":1,"key":"FocusPotion"},{"floor":7,"key":"Strength Potion"},{"floor":11,"key":"Ancient Potion"},{"floor":11,"key":"FocusPotion"},{"floor":19,"key":"Energy Potion"},{"floor":20,"key":"PowerPotion"},{"floor":21,"key":"SpeedPotion"},{"floor":35,"key":"Swift Potion"},{"floor":38,"key":"PowerPotion"},{"floor":39,"key":"PowerPotion"},{"floor":44,"key":"Ancient Potion"}],"is_trial":false,"path_per_floor":["M","M","M","?","?","R","E","M","T","?","?","R","$","M","R","B",null,"M","M","M","M","M","R","M","R","T","?","M","?","M","?","R","B",null,"M","?","$","M","M","R","$","?","T","?","R","$","R","?","R","B",null],"character_chosen":"DEFECT","items_purchased":["Bronze Scales","Oddly Smooth Stone","Capacitor","Lantern"],"campfire_rested":2,"item_purchase_floors":[13,37,41,46],"current_hp_per_floor":[74,74,74,67,67,67,63,51,51,51,51,51,51,51,51,51,75,68,60,60,53,48,48,48,48,48,48,44,44,35,20,42,35,75,49,49,49,49,49,49,49,49,49,49,49,49,49,49,71,62],"gold":61,"neow_bonus":"RANDOM_COMMON_RELIC","is_prod":false,"is_daily":false,"chose_seed":false,"campfire_upgraded":8,"win_rate":0,"timestamp":1541502173,"path_taken":["M","M","?","?","?","R","E","?","T","?","?","R","$","M","R","BOSS","M","M","?","?","M","R","M","R","T","?","?","?","M","?","R","BOSS","M","?","$","?","M","R","$","?","T","?","R","$","R","?","R","BOSS"],"build_version":"2018-11-02","purchased_purges":2,"victory":true,"max_hp_per_floor":[75,75,75,75,75,75,75,75,75,75,75,75,75,75,75,75,75,75,75,75,75,75,75,75,75,75,75,75,75,75,75,75,75,75,75,75,75,75,75,75,75,75,75,75,75,75,75,75,75,75],"card_choices":[{"not_picked":["Glacier","Beam Cell"],"picked":"Conserve Battery","floor":1},{"not_picked":["Steam","Steam Power"],"picked":"Tempest","floor":2},{"not_picked":["Cold Snap","Rebound"],"picked":"Loop","floor":3},{"not_picked":["Undo","Chaos"],"picked":"Glacier","floor":7},{"not_picked":["Ball Lightning","Leap"],"picked":"Recycle","floor":8},{"not_picked":["FTL","Steam"],"picked":"Blizzard","floor":14},{"not_picked":["Buffer","Rainbow"],"picked":"Electrodynamics","floor":16},{"not_picked":["Barrage","Streamline","Darkness"],"picked":"SKIP","floor":18},{"not_picked":["Beam Cell","Turbo","Compile Driver"],"picked":"SKIP","floor":19},{"not_picked":["Barrage+1","Turbo"],"picked":"Loop","floor":20},{"not_picked":["Skim","Darkness","Beam Cell"],"picked":"SKIP","floor":21},{"not_picked":["Sweeping Beam","Skim"],"picked":"Storm","floor":22},{"not_picked":["Gash+1","Sunder+1"],"picked":"Conserve Battery","floor":24},{"not_picked":["Barrage","Scrape"],"picked":"Cold Snap","floor":28},{"not_picked":["Compile Driver","Blizzard+1"],"picked":"Conserve Battery","floor":30},{"not_picked":["Seek","Buffer"],"picked":"Creative AI","floor":33},{"not_picked":["Turbo","Beam Cell+1","Gash"],"picked":"SKIP","floor":35},{"not_picked":["Go for the Eyes+1","Meteor Strike","Leap"],"picked":"SKIP","floor":38},{"not_picked":["Leap+1","Redo","Lockon"],"picked":"SKIP","floor":39},{"not_picked":["Go for the Eyes+1","Redo+1"],"picked":"Loop","floor":44},{"not_picked":["PanicButton","Swift Strike"],"picked":"Trip","floor":48}],"player_experience":145500,"relics_obtained":[{"floor":7,"key":"Emotion Chip"},{"floor":9,"key":"Mummified Hand"},{"floor":26,"key":"Boot"},{"floor":31,"key":"Thread and Needle"},{"floor":31,"key":"Ornamental Fan"},{"floor":43,"key":"Matryoshka"},{"floor":44,"key":"WingedGreaves"}],"event_choices":[{"cards_removed":["Strike_B"],"damage_healed":0,"gold_gain":0,"player_choice":"Card Removal","damage_taken":7,"max_hp_gain":0,"max_hp_loss":0,"event_name":"Golden Wing","floor":4,"gold_loss":0},{"cards_removed":["Strike_B"],"damage_healed":0,"gold_gain":0,"player_choice":"Offered Basic","damage_taken":0,"max_hp_gain":0,"max_hp_loss":0,"event_name":"Bonfire Elementals","floor":5,"gold_loss":0},{"damage_healed":0,"gold_gain":0,"player_choice":"Box","damage_taken":0,"relics_obtained":["Pen Nib"],"max_hp_gain":0,"max_hp_loss":0,"event_name":"Big Fish","floor":10,"gold_loss":0,"cards_obtained":["Regret"]},{"damage_healed":0,"gold_gain":0,"player_choice":"Bought 2 Potions","damage_taken":0,"max_hp_gain":0,"max_hp_loss":0,"event_name":"The Woman in Blue","floor":11,"gold_loss":0},{"cards_removed":["Meteor Strike"],"damage_healed":0,"gold_gain":0,"player_choice":"Upgrade and Remove","damage_taken":0,"max_hp_gain":0,"max_hp_loss":0,"event_name":"Designer","floor":27,"gold_loss":90,"cards_upgraded":["Electrodynamics"]},{"cards_removed":["Multi-Cast"],"damage_healed":0,"gold_gain":0,"player_choice":"Elegance","damage_taken":0,"max_hp_gain":0,"max_hp_loss":0,"event_name":"Back to Basics","floor":29,"gold_loss":0},{"damage_healed":0,"gold_gain":0,"player_choice":"Fight","damage_taken":0,"max_hp_gain":0,"max_hp_loss":0,"event_name":"Colosseum","floor":31,"gold_loss":0},{"damage_healed":0,"gold_gain":0,"player_choice":"Fought Nobs","damage_taken":0,"max_hp_gain":0,"max_hp_loss":0,"event_name":"Colosseum","floor":31,"gold_loss":0},{"damage_healed":0,"gold_gain":0,"player_choice":"Gave Potion","damage_taken":0,"relics_obtained":["Centennial Puzzle"],"max_hp_gain":0,"max_hp_loss":0,"event_name":"WeMeetAgain","floor":36,"gold_loss":0},{"cards_removed":["Defend_B"],"damage_healed":0,"gold_gain":0,"player_choice":"Removed Skill","damage_taken":0,"max_hp_gain":0,"max_hp_loss":0,"event_name":"Falling","floor":42,"gold_loss":0},{"damage_healed":0,"gold_gain":0,"player_choice":"Fight","damage_taken":0,"max_hp_gain":0,"max_hp_loss":0,"event_name":"MindBloom","floor":44,"gold_loss":0},{"damage_healed":0,"gold_gain":0,"player_choice":"Memory 1","damage_taken":0,"max_hp_gain":0,"max_hp_loss":0,"event_name":"SensoryStone","floor":48,"gold_loss":0}],"is_beta":true,"boss_relics":[{"not_picked":["Sozu","Snecko Eye"],"picked":"Astrolabe"},{"not_picked":["Runic Dome","Velvet Choker"],"picked":"White Beast Statue"}],"items_purged_floors":[13,37],"is_endless":false,"potions_floor_spawned":[1,7,19,20,21,31,35,38,39,44],"ascension_level":0}