{"gold_per_floor":[119,129,129,129,145,164,164,198,225,238,248,261,261,278,278,376,376,386,386,386,396,396,396,409,409,409,409,422,422,438,220,220,324,324,338,355,355,355,299,299,315,19,70,70,89,100,100],"floor_reached":47,"playtime":3105,"items_purged":["Defend_B"],"score":474,"play_id":"31f400a9-1575-4f31-8843-0a7bc10bb21f","local_time":"20190711182954","is_ascension_mode":true,"campfire_choices":[{"data":"Streamline","floor":7,"key":"SMITH"},{"data":"Sunder","floor":13,"key":"SMITH"},{"data":"Electrodynamics","floor":15,"key":"SMITH"},{"data":"Defragment","floor":23,"key":"SMITH"},{"data":"Leap","floor":25,"key":"SMITH"},{"data":"Zap","floor":29,"key":"SMITH"},{"data":"Static Discharge","floor":32,"key":"SMITH"},{"data":"Defend_B","floor":40,"key":"SMITH"},{"data":"Conserve Battery","floor":44,"key":"SMITH"}],"neow_cost":"NONE","seed_source_timestamp":1615045631825200,"circlet_count":0,"master_deck":["Defend_B+1","Defend_B+1","Zap+1","Dualcast+1","Gash","All For One","Streamline+1","Leap+1","Sunder+1","Self Repair","Conserve Battery+1","Electrodynamics+1","Seek","Defragment+1","Bite","Bite","Bite","Rebound+1","Necronomicurse","Go for the Eyes+1","Static Discharge+1","FTL","Defragment+1","Madness","Madness","Leap+1","Defragment","Steam+1"],"relics":["White Beast Statue","Happy Flower","Orichalcum","Velvet Choker","Meat on the Bone","Necronomicon","DataDisk","Empty Cage","War Paint","Oddly Smooth Stone","Lantern"],"potions_floor_usage":[6,6,8,8,12,12,14,16,18,21,21,21,21,28,33,33,41,45,46],"damage_taken":[{"damage":9,"enemies":"Cultist","floor":1,"turns":5},{"damage":4,"enemies":"2 Louse","floor":2,"turns":4},{"damage":8,"enemies":"Jaw Worm","floor":5,"turns":5},{"damage":0,"enemies":"Large Slime","floor":6,"turns":3},{"damage":4,"enemies":"Lagavulin","floor":8,"turns":5},{"damage":7,"enemies":"Blue Slaver","floor":10,"turns":2},{"damage":0,"enemies":"2 Fungi Beasts","floor":11,"turns":2},{"damage":0,"enemies":"Looter","floor":12,"turns":2},{"damage":3,"enemies":"3 Louse","floor":14,"turns":3},{"damage":2,"enemies":"Slime Boss","floor":16,"turns":6},{"damage":7,"enemies":"3 Byrds","floor":18,"turns":2},{"damage":4,"enemies":"2 Thieves","floor":21,"turns":3},{"damage":0,"enemies":"Centurion and Healer","floor":24,"turns":5},{"damage":12,"enemies":"Snake Plant","floor":28,"turns":2},{"damage":14,"enemies":"Shelled Parasite and Fungi","floor":30,"turns":3},{"damage":13,"enemies":"Automaton","floor":33,"turns":6},{"damage":2,"enemies":"3 Shapes","floor":35,"turns":5},{"damage":36,"enemies":"3 Darklings","floor":36,"turns":4},{"damage":28,"enemies":"Transient","floor":41,"turns":5},{"damage":5,"enemies":"Jaw Worm Horde","floor":45,"turns":3},{"damage":7,"enemies":"Spire Growth","floor":46,"turns":4},{"damage":41,"enemies":"Transient","floor":47,"turns":5}],"seed_played":"7965507843264734337","potions_obtained":[{"floor":1,"key":"AttackPotion"},{"floor":2,"key":"AttackPotion"},{"floor":5,"key":"Block Potion"},{"floor":6,"key":"Fire Potion"},{"floor":8,"key":"Ancient Potion"},{"floor":10,"key":"Block Potion"},{"floor":11,"key":"FearPotion"},{"floor":12,"key":"Dexterity Potion"},{"floor":14,"key":"GamblersBrew"},{"floor":16,"key":"SpeedPotion"},{"floor":18,"key":"EntropicBrew"},{"floor":21,"key":"SkillPotion"},{"floor":24,"key":"EssenceOfSteel"},{"floor":28,"key":"LiquidBronze"},{"floor":33,"key":"Strength Potion"},{"floor":35,"key":"Ancient Potion"},{"floor":41,"key":"Explosive Potion"},{"floor":45,"key":"LiquidBronze"}],"is_trial":false,"path_per_floor":["M","M","?","?","M","M","R","E","T","M","M","M","R","M","R","B",null,"M","?","?","M","?","R","M","R","T","?","M","R","M","$","R","B",null,"M","M","?","?","?","R","M","$","T","R","M","M","M"],"character_chosen":"DEFECT","items_purchased":["DataDisk","FTL","Oddly Smooth Stone","Defragment"],"campfire_rested":0,"item_purchase_floors":[31,31,42,42],"current_hp_per_floor":[66,62,62,62,54,54,54,50,50,43,50,57,57,61,61,59,75,68,52,52,48,48,48,52,52,52,36,36,36,43,43,43,36,52,52,35,28,28,28,28,25,25,25,25,39,34,0],"gold":100,"neow_bonus":"BOSS_RELIC","is_prod":false,"is_daily":false,"chose_seed":false,"campfire_upgraded":9,"win_rate":0,"timestamp":1562884194,"path_taken":["M","?","?","?","M","M","R","E","T","M","?","M","R","M","R","BOSS","M","?","?","M","?","R","M","R","T","?","?","R","M","$","R","BOSS","M","M","?","?","?","R","M","$","T","R","M","?","M"],"build_version":"2019-07-05","purchased_purges":1,"victory":false,"max_hp_per_floor":[75,75,75,75,75,75,75,75,75,75,75,75,75,75,75,75,75,75,52,52,52,52,52,52,52,52,52,52,52,52,52,52,52,52,52,52,52,52,52,52,52,52,52,52,52,52,52],"card_choices":[{"not_picked":["Compile Driver","Sweeping Beam"],"picked":"Gash","floor":1},{"not_picked":["Barrage","Compile Driver"],"picked":"Fusion","floor":2},{"not_picked":["Consume","Coolheaded"],"picked":"Streamline","floor":5},{"not_picked":["Cold Snap","Barrage"],"picked":"Leap","floor":6},{"not_picked":["Rainbow","Compile Driver"],"picked":"Sunder","floor":8},{"not_picked":["Double Energy","Force Field"],"picked":"Self Repair","floor":10},{"not_picked":["Stack","Skim","Go for the Eyes"],"picked":"SKIP","floor":11},{"not_picked":["Sunder","Hologram"],"picked":"Conserve Battery","floor":12},{"not_picked":["Coolheaded","Reprogram"],"picked":"Electrodynamics","floor":14},{"not_picked":["Rainbow","Machine Learning"],"picked":"Seek","floor":16},{"not_picked":["Barrage","Conserve Battery"],"picked":"Defragment","floor":18},{"not_picked":["Reprogram","Sweeping Beam"],"picked":"Rebound+1","floor":21},{"not_picked":["Ball Lightning","Blizzard","Chill+1"],"picked":"SKIP","floor":24},{"not_picked":["Steam Power","Coolheaded"],"picked":"Go for the Eyes+1","floor":28},{"not_picked":["Beam Cell","Buffer"],"picked":"Static Discharge","floor":30},{"not_picked":["Hello World","Skim+1"],"picked":"Defragment+1","floor":35},{"not_picked":["Go for the Eyes+1","Heatsinks+1","FTL+1"],"picked":"SKIP","floor":36},{"not_picked":["Redo+1","Hello World+1"],"picked":"Leap+1","floor":41},{"not_picked":["Steam Power","Undo+1"],"picked":"Steam+1","floor":45},{"not_picked":["Chill","Redo","BootSequence+1"],"picked":"SKIP","floor":46}],"player_experience":704329,"relics_obtained":[{"floor":8,"key":"Happy Flower"},{"floor":9,"key":"Orichalcum"},{"floor":26,"key":"Meat on the Bone"},{"floor":27,"key":"Necronomicon"},{"floor":43,"key":"Lantern"}],"event_choices":[{"damage_healed":0,"gold_gain":0,"player_choice":"Ignored","damage_taken":0,"max_hp_gain":0,"max_hp_loss":0,"event_name":"Golden Idol","floor":3,"gold_loss":0},{"damage_healed":0,"gold_gain":0,"cards_transformed":["Fusion"],"player_choice":"Transformed","damage_taken":0,"max_hp_gain":0,"max_hp_loss":0,"event_name":"Transmorgrifier","floor":4,"gold_loss":0,"cards_obtained":["All For One"]},{"damage_healed":0,"gold_gain":0,"player_choice":"Became a vampire","damage_taken":0,"max_hp_gain":0,"max_hp_loss":23,"event_name":"Vampires","floor":19,"gold_loss":0,"cards_obtained":["Bite","Bite","Bite","Bite","Bite"]},{"cards_removed":["Defend_B"],"damage_healed":0,"gold_gain":0,"player_choice":"Elegance","damage_taken":0,"max_hp_gain":0,"max_hp_loss":0,"event_name":"Back to Basics","floor":20,"gold_loss":0},{"damage_healed":0,"gold_gain":0,"player_choice":"Ignored","damage_taken":0,"max_hp_gain":0,"max_hp_loss":0,"event_name":"The Mausoleum","floor":22,"gold_loss":0},{"damage_healed":0,"gold_gain":0,"player_choice":"Obtained Book","damage_taken":16,"max_hp_gain":0,"max_hp_loss":0,"event_name":"Cursed Tome","floor":27,"gold_loss":0},{"damage_healed":0,"gold_gain":0,"player_choice":"Embrace Madness","damage_taken":7,"max_hp_gain":0,"max_hp_loss":0,"event_name":"Winding Halls","floor":37,"gold_loss":0,"cards_obtained":["Madness","Madness"]},{"damage_healed":0,"gold_gain":0,"player_choice":"Ignored","damage_taken":0,"max_hp_gain":0,"max_hp_loss":0,"event_name":"Mysterious Sphere","floor":38,"gold_loss":0},{"damage_healed":0,"gold_gain":0,"player_choice":"Paid Gold","damage_taken":0,"relics_obtained":["War Paint"],"max_hp_gain":0,"max_hp_loss":0,"event_name":"WeMeetAgain","floor":39,"gold_loss":56}],"is_beta":false,"boss_relics":[{"not_picked":["Inserter","Philosopher\u0027s Stone"],"picked":"Velvet Choker"},{"not_picked":["Calling Bell","Pandora\u0027s Box"],"picked":"Empty Cage"}],"items_purged_floors":[42],"is_endless":false,"potions_floor_spawned":[1,2,5,6,8,10,11,12,14,16,18,21,24,28,30,33,35,36,41,45,46],"killed_by":"Transient","ascension_level":2}