{"gold_per_floor":[119,119,131,142,156,186,201,201,251,262,297,297,297],"floor_reached":13,"playtime":746,"items_purged":[],"score":102,"play_id":"4e331c71-5cfa-455b-b2ef-260bda31f80f","local_time":"20190526211611","is_ascension_mode":true,"campfire_choices":[{"floor":8,"key":"RECALL"}],"neow_cost":"NONE","seed_source_timestamp":254310137463955,"circlet_count":0,"master_deck":["Defend_G","Defend_G","Defend_G","Defend_G","Defend_G","Strike_G","Strike_G","Strike_G","Strike_G","Strike_G","Survivor","Neutralize","Slice","Riddle With Holes","Neutralize","Deadly Poison","Noxious Fumes","Flying Knee","Choke","Bouncing Flask","Crippling Poison","PiercingWail"],"relics":["Ring of the Snake","Pen Nib","Juzu Bracelet","Art of War","Darkstone Periapt","Blood Vial"],"potions_floor_usage":[6,11,11,11],"damage_taken":[{"damage":0,"enemies":"Jaw Worm","floor":1,"turns":3},{"damage":0,"enemies":"Cultist","floor":3,"turns":3},{"damage":5,"enemies":"Small Slimes","floor":4,"turns":4},{"damage":2,"enemies":"2 Fungi Beasts","floor":5,"turns":4},{"damage":19,"enemies":"Gremlin Nob","floor":6,"turns":4},{"damage":8,"enemies":"Red Slaver","floor":7,"turns":3},{"damage":2,"enemies":"Looter","floor":10,"turns":2},{"damage":21,"enemies":"3 Sentries","floor":11,"turns":6},{"damage":23,"enemies":"Lagavulin","floor":13,"turns":5}],"seed_played":"6586062517500712502","potions_obtained":[{"floor":4,"key":"FearPotion"},{"floor":5,"key":"Explosive Potion"},{"floor":7,"key":"Ancient Potion"},{"floor":10,"key":"GamblersBrew"}],"is_trial":false,"path_per_floor":["M","?","M","M","M","E","M","R","T","M","E","?","E"],"character_chosen":"THE_SILENT","items_purchased":[],"campfire_rested":0,"item_purchase_floors":[],"current_hp_per_floor":[70,70,70,65,63,44,36,36,36,34,13,13,0],"gold":297,"neow_bonus":"RANDOM_COMMON_RELIC","is_prod":false,"is_daily":false,"chose_seed":false,"campfire_upgraded":0,"win_rate":0,"timestamp":1558919771,"path_taken":["M","?","M","M","M","E","M","R","T","M","E","?","E"],"build_version":"2019-01-23","purchased_purges":0,"victory":false,"max_hp_per_floor":[70,70,70,70,70,70,70,70,70,70,70,70,70],"card_choices":[{"not_picked":["Quick Slash","Prepared"],"picked":"Slice","floor":1},{"not_picked":["Bane","Quick Slash"],"picked":"Deadly Poison","floor":3},{"not_picked":["Heel Hook","Outmaneuver"],"picked":"Noxious Fumes","floor":4},{"not_picked":["Acrobatics","Deflect"],"picked":"Flying Knee","floor":5},{"not_picked":["Flying Knee","Dagger Throw"],"picked":"Choke","floor":6},{"not_picked":["Slice","Outmaneuver"],"picked":"Bouncing Flask","floor":7},{"not_picked":["Outmaneuver","Blur"],"picked":"Crippling Poison","floor":10},{"not_picked":["Phantasmal Killer","Bane"],"picked":"PiercingWail","floor":11}],"player_experience":381701,"relics_obtained":[{"floor":6,"key":"Juzu Bracelet"},{"floor":9,"key":"Art of War"},{"floor":11,"key":"Darkstone Periapt"},{"floor":12,"key":"Blood Vial"}],"event_choices":[{"damage_healed":0,"gold_gain":0,"player_choice":"2 cards matched","damage_taken":0,"max_hp_gain":0,"max_hp_loss":0,"event_name":"Match and Keep!","floor":2,"gold_loss":0,"cards_obtained":["Riddle With Holes","Neutralize"]},{"damage_healed":0,"gold_gain":0,"player_choice":"Relic","damage_taken":0,"max_hp_gain":0,"max_hp_loss":0,"event_name":"Wheel of Change","floor":12,"gold_loss":0}],"is_beta":false,"boss_relics":[],"items_purged_floors":[],"is_endless":false,"potions_floor_spawned":[4,5,7,10],"killed_by":"Lagavulin","ascension_level":1}