{"gold_per_floor":[19,294,306,317,332,332,332,332,632,707,70,35,35,126,126,222,222,262,331,331,331,437,437,437],"floor_reached":24,"playtime":1138,"items_purged":["Regret"],"score":363,"play_id":"5d6346da-c807-4d06-8a06-c6211e11179c","local_time":"20190116060824","is_ascension_mode":true,"campfire_choices":[{"data":"Armaments","floor":6.0,"key":"SMITH"},{"data":"HandOfGreed","floor":13.0,"key":"SMITH"},{"data":"Strike_R","floor":15.0,"key":"PURGE"},{"floor":23.0,"key":"REST"}],"neow_cost":"NO_GOLD","seed_source_timestamp":470379160755880,"circlet_count":0,"master_deck":["AscendersBane","Strike_R","Strike_R","Strike_R","Strike_R+1","Defend_R","Defend_R+1","Defend_R","Defend_R","Bash","Impervious","Armaments+1","Iron Wave","Dual Wield","Rampage","Disarm","HandOfGreed+1","Rampage","Demon Form","Flame Barrier","Ghostly","Ghostly","Ghostly","Ghostly","Ghostly","Intimidate+1"],"special_seed":0,"relics":["Burning Blood","Peace Pipe","Old Coin","Orichalcum","Sling","Eternal Feather","Red Mask"],"potions_floor_usage":[],"damage_taken":[{"damage":10.0,"enemies":"Cultist","floor":1.0,"turns":6.0},{"damage":4.0,"enemies":"Small Slimes","floor":3.0,"turns":5.0},{"damage":3.0,"enemies":"Jaw Worm","floor":4.0,"turns":5.0},{"damage":14.0,"enemies":"Looter","floor":5.0,"turns":3.0},{"damage":11.0,"enemies":"3 Louse","floor":14.0,"turns":8.0},{"damage":26.0,"enemies":"The Guardian","floor":16.0,"turns":14.0},{"damage":18.0,"enemies":"Shell Parasite","floor":18.0,"turns":10.0},{"damage":22.0,"enemies":"3 Byrds","floor":19.0,"turns":7.0},{"damage":23.0,"enemies":"Masked Bandits","floor":22.0,"turns":11.0},{"damage":42,"enemies":"Book of Stabbing","floor":24,"turns":8}],"seed_played":"-4024109460451532092","potions_obtained":[{"floor":3.0,"key":"EssenceOfSteel"},{"floor":16.0,"key":"Ancient Potion"},{"floor":19.0,"key":"SkillPotion"}],"is_trial":false,"path_per_floor":["M","?","M","M","M","R","?","?","T","?","$","?","R","M","R","B",null,"M","M","?","?","?","R","E"],"character_chosen":"IRONCLAD","items_purchased":["Orichalcum","Disarm","HandOfGreed","Sling"],"campfire_rested":1,"item_purchase_floors":[11,11,11,11],"current_hp_per_floor":[64,64,66,69,61,61,46,34,34,23,23,41,41,36,36,16,60,48,32,32,28,11,38,0],"gold":437,"neow_bonus":"THREE_RARE_CARDS","is_prod":false,"is_daily":false,"chose_seed":false,"campfire_upgraded":2,"win_rate":0,"timestamp":1547636904,"path_taken":["M","?","M","?","M","R","?","?","T","?","$","?","R","M","R","BOSS","M","M","?","?","?","R","E"],"build_version":"2019-01-14v2","purchased_purges":1,"victory":false,"max_hp_per_floor":[75,75,75,75,75,75,75,75,75,75,75,75,75,75,75,75,75,75,75,37,42,42,42,42],"card_choices":[{"not_picked":["Bludgeon","Double Tap"],"picked":"Impervious","floor":0.0},{"not_picked":["Perfected Strike","Thunderclap"],"picked":"Armaments","floor":1.0},{"not_picked":["Twin Strike","Thunderclap"],"picked":"Iron Wave","floor":3.0},{"not_picked":["Clothesline","Twin Strike"],"picked":"Dual Wield","floor":4.0},{"not_picked":["Headbutt","True Grit"],"picked":"Rampage","floor":5.0},{"not_picked":["Heavy Blade","Bloodletting"],"picked":"Rampage","floor":14.0},{"not_picked":["Immolate","Brutality"],"picked":"Demon Form","floor":16.0},{"not_picked":["Second Wind","Corruption"],"picked":"Flame Barrier","floor":18.0},{"not_picked":["Combust","Sword Boomerang","Perfected Strike"],"picked":"SKIP","floor":19.0},{"not_picked":["Shrug It Off+1","Warcry"],"picked":"Intimidate+1","floor":22.0}],"player_experience":825244,"relics_obtained":[{"floor":9.0,"key":"Old Coin"},{"floor":22.0,"key":"Red Mask"}],"event_choices":[{"damage_healed":0.0,"max_hp_gain":0.0,"max_hp_loss":0.0,"gold_gain":275.0,"event_name":"Golden Shrine","player_choice":"Desecrate","floor":2.0,"gold_loss":0.0,"damage_taken":0.0,"cards_obtained":["Regret"]},{"damage_healed":0.0,"max_hp_gain":0.0,"max_hp_loss":0.0,"gold_gain":0.0,"event_name":"Shining Light","player_choice":"Entered Light","floor":7.0,"gold_loss":0.0,"damage_taken":15.0,"cards_upgraded":["Strike_R","Defend_R"]},{"damage_healed":0.0,"max_hp_gain":0.0,"max_hp_loss":0.0,"gold_gain":0.0,"event_name":"Scrap Ooze","player_choice":"Success","floor":8.0,"gold_loss":0.0,"damage_taken":12.0,"relics_obtained":["Peace Pipe"]},{"damage_healed":0.0,"max_hp_gain":0.0,"max_hp_loss":0.0,"gold_gain":75.0,"event_name":"World of Goop","player_choice":"Gather Gold","floor":10.0,"gold_loss":0.0,"damage_taken":11.0},{"damage_healed":18.0,"max_hp_gain":0.0,"max_hp_loss":0.0,"gold_gain":0.0,"event_name":"The Cleric","player_choice":"Healed","floor":12.0,"gold_loss":35.0,"damage_taken":0.0},{"damage_healed":0.0,"max_hp_gain":0.0,"max_hp_loss":38.0,"gold_gain":0.0,"event_name":"Ghosts","player_choice":"Became a Ghost","floor":20.0,"gold_loss":0.0,"damage_taken":0.0,"cards_obtained":["Ghostly","Ghostly","Ghostly","Ghostly","Ghostly"]},{"damage_healed":0.0,"max_hp_gain":5.0,"max_hp_loss":0.0,"gold_gain":0.0,"event_name":"Forgotten Altar","player_choice":"Shed Blood","floor":21.0,"gold_loss":0.0,"damage_taken":9.0},{"damage_healed":0.0,"max_hp_gain":0.0,"max_hp_loss":0.0,"gold_gain":0.0,"event_name":"Masked Bandits","player_choice":"Fought Bandits","floor":22.0,"gold_loss":0.0,"damage_taken":0.0}],"is_beta":true,"boss_relics":[{"not_picked":["Coffee Dripper","Calling Bell"],"picked":"Eternal Feather"}],"items_purged_floors":[11],"is_endless":false,"potions_floor_spawned":[3,16,19],"killed_by":"Book of Stabbing","ascension_level":14}