{"gold_per_floor":[113,288,305,323,333,333,333,346,373,395,407,434,446,476,488,571,583,613,540,562,574,586,598,610],"floor_reached":24,"playtime":1342,"items_purged":[],"score":396,"play_id":"f4a76af4-23dc-48c5-8797-f191076cfa11","local_time":"20190106175446","is_ascension_mode":true,"campfire_choices":[{"data":"Glacier","floor":6.0,"key":"SMITH"},{"data":"Zap","floor":11.0,"key":"SMITH"},{"data":"Beam Cell","floor":15.0,"key":"SMITH"},{"data":"Defragment","floor":23,"key":"SMITH"}],"neow_cost":"TEN_PERCENT_HP_LOSS","seed_source_timestamp":538701970134111,"circlet_count":0,"master_deck":["AscendersBane","Strike_B","Strike_B","Strike_B","Defend_B","Defend_B","Defend_B","Defend_B","Zap+1","Dualcast","Reinforced Body","Doubt","Melter","Auto Shields","Glacier+1","Genetic Algorithm","Reprogram","Glacier","Aggregate","Beam Cell+1","Electrodynamics","BootSequence","Blizzard","Defragment+1"],"special_seed":0,"relics":["Cracked Core","Ice Cream","MawBank","Snecko Eye","Happy Flower"],"potions_floor_usage":[16,16,18,24],"damage_taken":[{"damage":8.0,"enemies":"Small Slimes","floor":1.0,"turns":3.0},{"damage":0.0,"enemies":"2 Louse","floor":3.0,"turns":3.0},{"damage":6.0,"enemies":"Cultist","floor":4.0,"turns":3.0},{"damage":0.0,"enemies":"Blue Slaver","floor":5.0,"turns":4.0},{"damage":20.0,"enemies":"Lots of Slimes","floor":8.0,"turns":6.0},{"damage":0.0,"enemies":"Looter","floor":10.0,"turns":4.0},{"damage":0.0,"enemies":"Large Slime","floor":12.0,"turns":9.0},{"damage":10.0,"enemies":"3 Louse","floor":14.0,"turns":4.0},{"damage":0,"enemies":"The Guardian","floor":16,"turns":13},{"damage":13,"enemies":"2 Thieves","floor":18,"turns":4},{"damage":0,"enemies":"Chosen","floor":20,"turns":6},{"damage":38,"enemies":"Book of Stabbing","floor":24,"turns":9}],"seed_played":"2082186032192198513","potions_obtained":[{"floor":4.0,"key":"SteroidPotion"},{"floor":5.0,"key":"PowerPotion"},{"floor":7.0,"key":"PowerPotion"},{"floor":16,"key":"AttackPotion"},{"floor":18,"key":"SpeedPotion"},{"floor":20,"key":"Weak Potion"}],"is_trial":false,"path_per_floor":["M","?","M","M","M","R","?","M","T","M","R","M","?","M","R","B",null,"M","?","M","?","?","R","E"],"character_chosen":"DEFECT","items_purchased":[],"campfire_rested":0,"item_purchase_floors":[],"current_hp_per_floor":[60,60,60,54,54,54,54,34,34,34,34,34,34,24,24,24,57,44,44,44,44,32,32,0],"gold":610,"neow_bonus":"ONE_RARE_RELIC","is_prod":false,"is_daily":false,"chose_seed":false,"campfire_upgraded":4,"win_rate":0,"timestamp":1546815286,"path_taken":["M","?","M","M","M","R","?","?","T","M","R","M","?","?","R","BOSS","M","?","M","?","?","R","E"],"build_version":"2019-01-03v4","purchased_purges":0,"victory":false,"max_hp_per_floor":[68,68,68,68,68,68,68,68,68,68,68,68,68,68,68,68,68,68,68,68,68,73,73,73],"card_choices":[{"not_picked":["Ball Lightning","Beam Cell"],"picked":"Reinforced Body","floor":1.0},{"not_picked":["Turbo","Force Field"],"picked":"Melter","floor":3.0},{"not_picked":["Redo","Leap"],"picked":"Auto Shields","floor":4.0},{"not_picked":["Machine Learning","Rebound"],"picked":"Glacier","floor":5.0},{"not_picked":["Coolheaded","Redo"],"picked":"Genetic Algorithm","floor":8.0},{"not_picked":["Redo","Hologram"],"picked":"Reprogram","floor":10.0},{"not_picked":["Steam","Cold Snap"],"picked":"Glacier","floor":12.0},{"not_picked":["Compile Driver","Hello World"],"picked":"Beam Cell","floor":14.0},{"not_picked":["Seek","Thunder Strike"],"picked":"Electrodynamics","floor":16},{"not_picked":["Go for the Eyes","Sweeping Beam"],"picked":"BootSequence","floor":18},{"not_picked":["Barrage","Turbo"],"picked":"Blizzard","floor":20}],"player_experience":753203,"relics_obtained":[{"floor":9.0,"key":"MawBank"}],"event_choices":[{"damage_healed":0.0,"max_hp_gain":0.0,"max_hp_loss":0.0,"gold_gain":175.0,"event_name":"Liars Game","player_choice":"AGREE","floor":2.0,"gold_loss":0.0,"damage_taken":0.0,"cards_obtained":["Doubt"]},{"damage_healed":0.0,"max_hp_gain":0.0,"max_hp_loss":0.0,"gold_gain":0.0,"event_name":"Lab","player_choice":"Got Potions","floor":7.0,"gold_loss":0.0,"damage_taken":0.0},{"damage_healed":0.0,"max_hp_gain":0.0,"max_hp_loss":0.0,"gold_gain":0.0,"cards_transformed":["Strike_B"],"event_name":"Transmorgrifier","player_choice":"Transformed","floor":13.0,"gold_loss":0.0,"damage_taken":0.0,"cards_obtained":["Aggregate"]},{"damage_healed":0,"gold_gain":0,"player_choice":"Obtained Relic","damage_taken":0,"relics_obtained":["Happy Flower"],"max_hp_gain":0,"max_hp_loss":0,"event_name":"Addict","floor":19,"gold_loss":85},{"damage_healed":0,"gold_gain":0,"player_choice":"Read","damage_taken":0,"max_hp_gain":0,"max_hp_loss":0,"event_name":"The Library","floor":21,"gold_loss":0,"cards_obtained":["Defragment"]},{"damage_healed":0,"gold_gain":0,"player_choice":"Shed Blood","damage_taken":17,"max_hp_gain":5,"max_hp_loss":0,"event_name":"Forgotten Altar","floor":22,"gold_loss":0}],"is_beta":true,"boss_relics":[{"not_picked":["Sozu","Velvet Choker"],"picked":"Snecko Eye"}],"items_purged_floors":[],"is_endless":false,"potions_floor_spawned":[4,5,10,14,16,18,20],"killed_by":"Book of Stabbing","ascension_level":13}