{"gold_per_floor":[115,115,115,131,148,148,165,165,214,269,269,288,288,304,304,400,400,412,160,144,177,51,51,87,145,171,171,171,171,190,90,90,194,194,213,254,254,80,97,97,132,132,156,6,6,48,48,58,58,58],"floor_reached":51,"playtime":3668,"items_purged":["Strike_B","Pain","Strike_B","Dualcast"],"score":634,"play_id":"be8c1b36-95f9-4bb4-85a6-e34127a114d9","local_time":"20181109010437","is_ascension_mode":false,"campfire_choices":[{"data":"Gash","floor":6,"key":"SMITH"},{"data":"Zap","floor":8,"key":"SMITH"},{"data":"Gash","floor":11,"key":"SMITH"},{"data":"Leap","floor":15,"key":"SMITH"},{"data":"HandOfGreed","floor":23,"key":"SMITH"},{"floor":32,"key":"REST"},{"data":"Creative AI","floor":40,"key":"SMITH"},{"data":"Defragment","floor":42,"key":"SMITH"},{"data":"Coolheaded","floor":45,"key":"SMITH"},{"data":"Go for the Eyes","floor":49,"key":"SMITH"}],"neow_cost":"NONE","seed_source_timestamp":113075764512161,"circlet_count":0,"master_deck":["Strike_B+1","Defend_B","Defend_B+1","Defend_B","Defend_B","Zap+1","Gash+1","Undo","Turbo","Leap+1","Gash+1","Reprogram","Creative AI+1","Gash","HandOfGreed+1","Go for the Eyes+1","Chill","All For One","Chill","Fission","Coolheaded+1","Defragment+1","Chill+1"],"relics":["Cracked Core","Ancient Tea Set","Pen Nib","Bronze Scales","GremlinMask","Inserter","Tiny Chest","Ornamental Fan","Orichalcum","Pear","WarpedTongs","White Beast Statue","Kunai"],"potions_floor_usage":[16,16,25,25,33,33,39,48,50,50,50],"damage_taken":[{"damage":0,"enemies":"Small Slimes","floor":1,"turns":3},{"damage":0,"enemies":"Jaw Worm","floor":4,"turns":3},{"damage":0,"enemies":"Cultist","floor":5,"turns":4},{"damage":7,"enemies":"Blue Slaver","floor":7,"turns":3},{"damage":16,"enemies":"3 Sentries","floor":10,"turns":8},{"damage":0,"enemies":"2 Fungi Beasts","floor":12,"turns":3},{"damage":0,"enemies":"Large Slime","floor":14,"turns":5},{"damage":8,"enemies":"Hexaghost","floor":16,"turns":8},{"damage":0,"enemies":"3 Byrds","floor":18,"turns":3},{"damage":24,"enemies":"2 Thieves","floor":20,"turns":4},{"damage":3,"enemies":"Snake Plant","floor":21,"turns":4},{"damage":23,"enemies":"Cultist and Chosen","floor":24,"turns":7},{"damage":32,"enemies":"Slavers","floor":25,"turns":5},{"damage":8,"enemies":"Snecko","floor":30,"turns":5},{"damage":12,"enemies":"Champ","floor":33,"turns":8},{"damage":29,"enemies":"Orb Walker","floor":35,"turns":6},{"damage":0,"enemies":"3 Shapes","floor":36,"turns":5},{"damage":30,"enemies":"Writhing Mass","floor":39,"turns":8},{"damage":0,"enemies":"Maw","floor":41,"turns":8},{"damage":0,"enemies":"4 Shapes","floor":46,"turns":5},{"damage":0,"enemies":"Transient","floor":48,"turns":5},{"damage":40,"enemies":"Time Eater","floor":50,"turns":11}],"seed_played":"-7182682506664588678","potions_obtained":[{"floor":4,"key":"SneckoOil"},{"floor":12,"key":"LiquidBronze"},{"floor":14,"key":"PowerPotion"},{"floor":21,"key":"Fire Potion"},{"floor":24,"key":"AttackPotion"},{"floor":30,"key":"PowerPotion"},{"floor":35,"key":"Swift Potion"},{"floor":36,"key":"Poison Potion"},{"floor":39,"key":"Fire Potion"},{"floor":46,"key":"Swift Potion"},{"floor":48,"key":"Poison Potion"}],"is_trial":false,"path_per_floor":["M","?","?","M","M","R","M","R","T","?","R","M","?","M","R","B",null,"M","$","M","M","$","R","M","E","T","?","?","?","M","$","R","B",null,"M","M","T","$","M","R","M","R","T","$","R","M","?","M","R","B",null],"character_chosen":"DEFECT","items_purchased":["HandOfGreed","Tiny Chest","PowerPotion"],"campfire_rested":1,"item_purchase_floors":[19,22,38],"current_hp_per_floor":[75,60,53,53,53,53,46,46,46,30,30,30,30,37,37,36,75,75,75,58,62,62,62,39,14,14,14,24,24,23,23,48,43,85,63,70,70,70,47,47,54,54,54,54,54,61,61,61,61,21],"gold":58,"neow_bonus":"RANDOM_COMMON_RELIC","is_prod":false,"is_daily":false,"chose_seed":false,"campfire_upgraded":9,"win_rate":0,"timestamp":1541743477,"path_taken":["M","?","?","M","M","R","M","R","T","?","R","?","?","M","R","BOSS","M","?","M","M","$","R","M","E","T","?","?","?","?","?","R","BOSS","M","M","?","?","?","R","M","R","T","$","R","M","?","M","R","BOSS"],"build_version":"2018-11-07","purchased_purges":4,"victory":true,"max_hp_per_floor":[75,75,75,75,75,75,75,75,75,75,75,75,75,75,75,75,75,75,75,75,75,75,75,75,75,75,75,85,85,85,85,85,85,85,85,85,85,85,85,85,85,85,85,85,85,85,85,85,85,85],"card_choices":[{"not_picked":["Go for the Eyes","Ball Lightning"],"picked":"Gash","floor":1},{"not_picked":["Streamline","Cold Snap"],"picked":"Undo","floor":4},{"not_picked":["Stack","Streamline"],"picked":"Turbo","floor":5},{"not_picked":["Turbo","Redo"],"picked":"Leap","floor":7},{"not_picked":["Electrodynamics","Scrape"],"picked":"Gash","floor":10},{"not_picked":["Ball Lightning","Conserve Battery"],"picked":"Self Repair","floor":12},{"not_picked":["Sunder","Turbo"],"picked":"Reprogram","floor":14},{"not_picked":["Thunder Strike","Machine Learning"],"picked":"Creative AI","floor":16},{"not_picked":["Compile Driver","Beam Cell"],"picked":"Gash","floor":18},{"not_picked":["Turbo","Cold Snap","Streamline"],"picked":"SKIP","floor":20},{"not_picked":["Sweeping Beam","Turbo+1"],"picked":"Go for the Eyes","floor":21},{"not_picked":["Turbo+1","Coolheaded+1"],"picked":"Chill","floor":24},{"not_picked":["Recycle+1","Ball Lightning"],"picked":"All For One","floor":25},{"not_picked":["Ball Lightning","Double Energy"],"picked":"Chill","floor":30},{"not_picked":["Machine Learning","Reboot"],"picked":"Fission","floor":33},{"not_picked":["Blizzard+1","Streamline"],"picked":"Coolheaded","floor":35},{"not_picked":["Capacitor+1","Reprogram","Ball Lightning+1"],"picked":"SKIP","floor":36},{"not_picked":["Static Discharge","Beam Cell+1","Leap"],"picked":"SKIP","floor":39},{"not_picked":["Cold Snap","Hologram"],"picked":"Defragment","floor":41},{"not_picked":["Cold Snap+1","Steam Power+1","Coolheaded"],"picked":"SKIP","floor":46},{"not_picked":["Ball Lightning","Capacitor"],"picked":"Chill+1","floor":48}],"player_experience":233257,"relics_obtained":[{"floor":9,"key":"Pen Nib"},{"floor":10,"key":"Bronze Scales"},{"floor":25,"key":"Ornamental Fan"},{"floor":26,"key":"Orichalcum"},{"floor":37,"key":"Kunai"}],"event_choices":[{"damage_healed":0,"gold_gain":0,"player_choice":"Entered Light","damage_taken":15,"max_hp_gain":0,"max_hp_loss":0,"event_name":"Shining Light","floor":2,"gold_loss":0,"cards_upgraded":["Strike_B","Defend_B"]},{"cards_removed":["Strike_B"],"damage_healed":0,"gold_gain":0,"player_choice":"Card Removal","damage_taken":7,"max_hp_gain":0,"max_hp_loss":0,"event_name":"Golden Wing","floor":3,"gold_loss":0},{"damage_healed":0,"gold_gain":30,"player_choice":"Searched \u00272\u0027 times","damage_taken":0,"max_hp_gain":0,"max_hp_loss":0,"event_name":"Dead Adventurer","floor":10,"gold_loss":0},{"damage_healed":0,"gold_gain":0,"player_choice":"Trade","damage_taken":0,"relics_obtained":["GremlinMask"],"max_hp_gain":0,"max_hp_loss":0,"event_name":"FaceTrader","floor":13,"gold_loss":0},{"damage_healed":0,"gold_gain":0,"player_choice":"Ignored","damage_taken":0,"max_hp_gain":0,"max_hp_loss":0,"event_name":"Vampires","floor":27,"gold_loss":0},{"damage_healed":0,"gold_gain":0,"player_choice":"Opened","damage_taken":0,"relics_obtained":["Pear"],"max_hp_gain":0,"max_hp_loss":0,"event_name":"The Mausoleum","floor":28,"gold_loss":0},{"damage_healed":0,"gold_gain":0,"player_choice":"Rummage","damage_taken":0,"relics_obtained":["WarpedTongs"],"max_hp_gain":0,"max_hp_loss":0,"event_name":"Accursed Blacksmith","floor":29,"gold_loss":0,"cards_obtained":["Pain"]},{"cards_removed":["Self Repair"],"damage_healed":0,"gold_gain":0,"player_choice":"Removed Power","damage_taken":0,"max_hp_gain":0,"max_hp_loss":0,"event_name":"Falling","floor":47,"gold_loss":0}],"is_beta":true,"boss_relics":[{"not_picked":["Philosopher\u0027s Stone","Busted Crown"],"picked":"Inserter"},{"not_picked":["Runic Pyramid","Eternal Feather"],"picked":"White Beast Statue"}],"items_purged_floors":[19,31,38,44],"is_endless":false,"potions_floor_spawned":[4,12,14,21,24,30,35,36,39,41,46,48],"ascension_level":0}