{"path_per_floor":["M","?","M","M","?","R","M","M","T","T","?","$","M","$","R","B",null,"M","M","?","?","M"],"character_chosen":"IRONCLAD","items_purchased":["Bag of Preparation"],"gold_per_floor":[113,113,124,142,142,142,159,179,179,179,179,35,45,45,45,150,150,163,183,98,98,116],"floor_reached":23,"campfire_rested":0,"playtime":1351,"current_hp_per_floor":[80,64,70,75,75,75,77,76,76,76,76,76,77,77,77,64,80,66,52,52,52,42],"items_purged":[],"gold":116,"score":183,"play_id":"9c2db6f5-19f7-4cc3-800c-277fb490c880","is_prod":false,"is_daily":false,"is_ascension_mode":false,"campfire_upgraded":2,"path_taken":["M","?","M","M","?","R","M","?","T","?","?","$","M","?","R","BOSS","M","M","?","?","M","E"],"build_version":"2018-02-08-PROD1","purchased_purges":0,"victory":false,"master_deck":["Strike_R","Strike_R+1","Strike_R","Strike_R","Defend_R","Defend_R+1","Defend_R","Defend_R","Bash+1","Shockwave+1","Armaments+1","Whirlwind","Feed","Armaments+1","Body Slam","Writhe"],"max_hp_per_floor":[80,80,80,80,80,80,80,80,80,80,80,80,80,80,80,80,80,80,84,84,84,84],"relics":["Burning Blood","Champion Belt","Thread and Needle","Bag of Preparation","Question Card","Bronze Scales","Juzu Bracelet"],"card_choices":[{"not_picked":["Flex","Havoc"],"picked":"Shockwave"},{"not_picked":["Cleave","Clothesline"],"picked":"Armaments"},{"not_picked":["Offering","Reaper"],"picked":"Feed"},{"not_picked":["Sword Boomerang","Havoc","Burning Pact"],"picked":"Armaments"},{"not_picked":["Anger","Sword Boomerang","Power Through"],"picked":"Body Slam"}],"player_experience":64598,"potions_floor_usage":[16,16,16,18],"damage_taken":[{"damage":4,"enemies":"2 Louse","floor":1,"turns":3},{"damage":0,"enemies":"Cultist","floor":3,"turns":3},{"damage":1,"enemies":"Jaw Worm","floor":4,"turns":4},{"damage":4,"enemies":"Red Slaver","floor":7,"turns":4},{"damage":7,"enemies":"Exordium Wildlife","floor":8,"turns":3},{"damage":5,"enemies":"2 Fungi Beasts","floor":13,"turns":3},{"damage":19,"enemies":"The Guardian","floor":16,"turns":12},{"damage":20,"enemies":"2 Thieves","floor":18,"turns":4},{"damage":24,"enemies":"Chosen","floor":19,"turns":8},{"damage":16,"enemies":"Centurion and Healer","floor":22,"turns":9},{"damage":5,"enemies":"Book of Stabbing","floor":23,"turns":1}],"event_choices":[{"event_name":"Shining Light","player_choice":"Entered Light","floor":2,"damage_taken":0},{"event_name":"Upgrade Shrine","player_choice":"Upgraded","floor":5,"damage_taken":0},{"event_name":"Transmorgrifier","player_choice":"Transform","floor":11,"damage_taken":0},{"event_name":"Addict","player_choice":"Obtained Relic","floor":20,"damage_taken":0},{"event_name":"The Mausoleum","player_choice":"Yes","floor":21,"damage_taken":0}],"boss_relics":[{"not_picked":["Snecko Eye","Runic Cube"],"picked":"Question Card"}],"potions_floor_spawned":[1,8,16,22],"seed_played":"5644562089430566675","killed_by":"Book of Stabbing","ascension_level":0,"is_trial":false}