{"gold_per_floor":[112,39,53,53,53,53,71,71,71,87,87,100,115,131,131,228,228,228],"floor_reached":18,"playtime":1533,"items_purged":[],"score":162,"play_id":"96c8f3c5-ae26-47fa-b4d8-8915a006f7a0","local_time":"20190224195120","is_ascension_mode":true,"campfire_choices":[{"data":"Survivor","floor":6.0,"key":"SMITH"},{"data":"Backflip","floor":8.0,"key":"SMITH"},{"data":"Neutralize","floor":11.0,"key":"SMITH"},{"data":"Backstab","floor":15.0,"key":"SMITH"}],"neow_cost":"NONE","seed_source_timestamp":0,"circlet_count":0,"master_deck":["Defend_G","Defend_G","Defend_G","Defend_G","Defend_G","Strike_G","Strike_G","Strike_G","Strike_G","Strike_G","Survivor+1","Neutralize+1","Escape Plan","Footwork","Dodge and Roll+1","Backflip+1","Slice","Backstab+1","Prepared","Backstab","Unload"],"special_seed":0,"relics":["Coffee Dripper","Bottled Tornado","Philosopher\u0027s Stone"],"potions_floor_usage":[],"damage_taken":[{"damage":3.0,"enemies":"Jaw Worm","floor":1.0,"turns":4.0},{"damage":6.0,"enemies":"Cultist","floor":3.0,"turns":5.0},{"damage":2.0,"enemies":"2 Louse","floor":7.0,"turns":4.0},{"damage":1.0,"enemies":"Exordium Wildlife","floor":10.0,"turns":8.0},{"damage":0.0,"enemies":"Looter","floor":12.0,"turns":4.0},{"damage":13.0,"enemies":"Exordium Thugs","floor":13.0,"turns":7.0},{"damage":0.0,"enemies":"Red Slaver","floor":14.0,"turns":5.0},{"damage":34.0,"enemies":"The Guardian","floor":16.0,"turns":23.0},{"damage":0,"enemies":"3 Byrds","floor":18,"turns":1}],"seed_played":"-6445268338691363166","potions_obtained":[{"floor":3.0,"key":"GamblersBrew"},{"floor":12.0,"key":"Ancient Potion"},{"floor":13.0,"key":"AttackPotion"},{"floor":14.0,"key":"Swift Potion"},{"floor":16.0,"key":"Explosive Potion"}],"is_trial":false,"path_per_floor":["M","$","M","?","$","R","M","R","T","M","R","M","M","M","R","B",null,"M"],"character_chosen":"THE_SILENT","items_purchased":["Footwork"],"campfire_rested":0,"item_purchase_floors":[],"current_hp_per_floor":[67,67,61,61,61,61,59,59,59,58,58,58,45,45,45,11,70,70],"gold":228,"neow_bonus":"BOSS_RELIC","is_prod":false,"is_daily":false,"chose_seed":false,"campfire_upgraded":4,"win_rate":0,"timestamp":1551055880,"path_taken":["M","$","M","?","$","R","M","R","T","?","R","M","M","M","R","BOSS","M"],"build_version":"2019-01-23","purchased_purges":0,"victory":false,"max_hp_per_floor":[70,70,70,70,70,70,70,70,70,70,70,70,70,70,70,70,70,70],"card_choices":[{"not_picked":["Acrobatics","PiercingWail"],"picked":"Escape Plan","floor":1.0},{"not_picked":["Bane","Sucker Punch"],"picked":"Dodge and Roll","floor":3.0},{"not_picked":["Bane","Night Terror"],"picked":"Backflip","floor":7.0},{"not_picked":["Dodge and Roll","PiercingWail"],"picked":"Slice","floor":10.0},{"not_picked":["Footwork","Dodge and Roll"],"picked":"Backstab","floor":12.0},{"not_picked":["Deadly Poison","Deflect"],"picked":"Prepared","floor":13.0},{"not_picked":["Cloak And Dagger","Poisoned Stab"],"picked":"Backstab","floor":14.0},{"not_picked":["Adrenaline","Tactician"],"picked":"Unload","floor":16.0}],"player_experience":418323,"relics_obtained":[{"floor":9.0,"key":"Bottled Tornado"}],"event_choices":[{"event_name":"Accursed Blacksmith","player_choice":"Forge","floor":4.0,"damage_taken":0.0}],"is_beta":false,"boss_relics":[{"not_picked":["Astrolabe","Busted Crown"],"picked":"Philosopher\u0027s Stone"}],"items_purged_floors":[],"is_endless":false,"potions_floor_spawned":[3,12,13,14,16],"killed_by":"3 Byrds","ascension_level":1}