{"path_per_floor":["M","M","?","M","M","R","$","M","T","$","R","?","M","M","R","B",null,"M","?","?","?","$","R","?","R","T","R","M","M","?","M","R","B",null,"M","M","?","?"],"character_chosen":"THE_SILENT","items_purchased":["Juzu Bracelet","Thread and Needle"],"gold_per_floor":[210,222,222,241,258,258,110,130,156,156,156,156,173,184,184,281,281,300,300,300,300,15,15,15,15,15,15,30,43,43,61,61,163,163,183,203,203,203],"floor_reached":39,"campfire_rested":1,"playtime":3555,"current_hp_per_floor":[70,70,56,56,56,56,56,56,56,56,56,56,56,55,55,55,72,60,60,60,60,60,60,60,60,74,74,66,56,56,28,55,47,92,86,87,75,75],"items_purged":[],"gold":203,"score":362,"play_id":"c92ad21e-663b-4193-9714-40e4095f34c9","is_prod":false,"is_daily":false,"is_ascension_mode":true,"campfire_upgraded":6,"path_taken":["M","?","?","?","M","R","$","M","T","?","R","?","M","M","R","BOSS","M","?","?","?","?","R","?","R","T","R","M","M","?","M","R","BOSS","M","M","?","?","?"],"build_version":"2018-02-12-PROD1","purchased_purges":2,"victory":false,"master_deck":["Defend_G","Defend_G","Defend_G","Defend_G","Defend_G","Strike_G+1","Strike_G","Survivor+1","Neutralize+1","Quick Slash+1","Malaise+1","Calculated Gamble","Terror+1","Dodge and Roll+1","Noxious Fumes+1","After Image+1","Calculated Gamble+1","Caltrops+1","Heel Hook+1","Dagger Throw","After Image","Footwork","Madness","Madness"],"max_hp_per_floor":[70,70,70,70,70,70,70,70,70,70,70,70,70,72,72,72,72,72,72,72,72,72,72,72,72,86,86,88,90,90,92,92,92,92,92,94,94,94],"relics":["Ring of the Snake","Juzu Bracelet","Singing Bowl","Astrolabe","Thread and Needle","Mango","Black Star"],"card_choices":[{"not_picked":["Crippling Poison","Riddle With Holes"],"picked":"Quick Slash"},{"not_picked":["Prepared","Slice"],"picked":"Malaise"},{"not_picked":["Cloak And Dagger","Flechettes"],"picked":"Calculated Gamble"},{"not_picked":["Crippling Poison","Endless Agony"],"picked":"Terror"},{"not_picked":["Flying Knee","Slice"],"picked":"Dodge and Roll"},{"not_picked":["Poisoned Stab","Cloak And Dagger"],"picked":"Noxious Fumes"},{"not_picked":["Doppelganger","Adrenaline"],"picked":"After Image"},{"not_picked":["Reflex","Heel Hook"],"picked":"Dagger Throw"},{"not_picked":["Doppelganger","Wraith Form"],"picked":"After Image"},{"not_picked":["Dagger Throw","Distraction"],"picked":"Footwork"}],"player_experience":127999,"potions_floor_usage":[8,16,16,16,31,33,36,39],"damage_taken":[{"damage":0,"enemies":"Blue Slaver","floor":1,"turns":7},{"damage":0,"enemies":"Cultist","floor":2,"turns":3},{"damage":0,"enemies":"Small Slimes","floor":4,"turns":4},{"damage":0,"enemies":"Exordium Wildlife","floor":5,"turns":4},{"damage":0,"enemies":"Gremlin Gang","floor":8,"turns":4},{"damage":0,"enemies":"Red Slaver","floor":13,"turns":3},{"damage":3,"enemies":"Lots of Slimes","floor":14,"turns":4},{"damage":15,"enemies":"Hexaghost","floor":16,"turns":11},{"damage":12,"enemies":"Spheric Guardian","floor":18,"turns":6},{"damage":10,"enemies":"Chosen","floor":28,"turns":5},{"damage":12,"enemies":"Centurion and Healer","floor":29,"turns":8},{"damage":30,"enemies":"Cultist and Chosen","floor":31,"turns":8},{"damage":8,"enemies":"Automaton","floor":33,"turns":12},{"damage":6,"enemies":"3 Darklings","floor":35,"turns":11},{"damage":7,"enemies":"Orb Walker","floor":36,"turns":6},{"damage":75,"enemies":"Mysterious Sphere","floor":39,"turns":7}],"event_choices":[{"event_name":"Shining Light","player_choice":"Entered Light","floor":3,"damage_taken":0},{"event_name":"The Lab","player_choice":"Got Potions","floor":12,"damage_taken":0},{"event_name":"Match and Keep!","player_choice":"0 cards matched","floor":19,"damage_taken":0},{"event_name":"Cursed Tome","player_choice":"Ignored","floor":20,"damage_taken":0},{"event_name":"Upgrade Shrine","player_choice":"Upgraded","floor":21,"damage_taken":0},{"event_name":"Addict","player_choice":"Ignored","floor":24,"damage_taken":0},{"event_name":"Drug Dealer","player_choice":"Ignored","floor":30,"damage_taken":0},{"event_name":"Winding Halls","player_choice":"Embrace Madness","floor":37,"damage_taken":0},{"event_name":"Tomb of Lord Red Mask","player_choice":"Ignored","floor":38,"damage_taken":0},{"event_name":"Mysterious Sphere","player_choice":"Fight","floor":39,"damage_taken":0}],"boss_relics":[{"not_picked":["Calling Bell","Question Card"],"picked":"Astrolabe"},{"not_picked":["Runic Dome","Eternal Feather"],"picked":"Black Star"}],"potions_floor_spawned":[1,2,5,29,31,33,35],"seed_played":"-3837678470510129679","killed_by":"Mysterious Sphere","ascension_level":1,"is_trial":false}