{"path_per_floor":["M","?","M","M","M","E","$","R","T","M","?","M"],"character_chosen":"DEFECT","items_purchased":["Lantern"],"gold_per_floor":[119,119,134,155,171,212,67,67,90,108,136,150,150],"floor_reached":13,"campfire_rested":1,"playtime":1105,"current_hp_per_floor":[71,53,48,46,35,12,12,34,34,26,13,10,0],"items_purged":[],"gold":150,"score":87,"play_id":"35e6a156-ea97-4a58-8c56-f511ad148ec4","local_time":"20180509005854","is_prod":false,"is_daily":false,"chose_seed":false,"is_ascension_mode":false,"campfire_upgraded":0,"timestamp":1525841934,"path_taken":["M","?","M","M","M","E","$","R","T","M","?","M","?"],"build_version":"2018-05-08","seed_source_timestamp":448199139067000,"purchased_purges":1,"victory":false,"master_deck":["Strike_B","Strike_B","Strike_B","Strike_B","Defend_B","Defend_B","Defend_B","Defend_B","Zap","Dualcast","Conserve Battery","Redo","Hello World","Double Energy","Fission","All For One","White Noise","Cold Snap"],"max_hp_per_floor":[75,75,75,75,75,75,75,75,75,75,75,75,75],"relics":["Cracked Core","Ancient Tea Set","Golden Idol","Happy Flower","Lantern","Regal Pillow","Odd Mushroom"],"card_choices":[{"not_picked":["Chill","Rip and Tear"],"picked":"Conserve Battery","floor":1},{"not_picked":["Streamline","Steam"],"picked":"Redo","floor":3},{"not_picked":["Lockon","BootSequence"],"picked":"Hello World","floor":4},{"not_picked":["Barrage","Steam"],"picked":"Double Energy","floor":5},{"not_picked":["White Noise","Sweeping Beam"],"picked":"Fission","floor":6},{"not_picked":["Hologram","Leap"],"picked":"All For One","floor":10},{"not_picked":["Blizzard","Axe Kick"],"picked":"White Noise","floor":11},{"not_picked":["Streamline","Ball Lightning"],"picked":"Cold Snap","floor":12}],"player_experience":6274,"potions_floor_usage":[5,11,12],"damage_taken":[{"damage":4,"enemies":"Small Slimes","floor":1,"turns":4},{"damage":5,"enemies":"Jaw Worm","floor":3,"turns":5},{"damage":2,"enemies":"2 Louse","floor":4,"turns":3},{"damage":11,"enemies":"Large Slime","floor":5,"turns":6},{"damage":23,"enemies":"Lagavulin","floor":6,"turns":7},{"damage":8,"enemies":"Red Slaver","floor":10,"turns":3},{"damage":13,"enemies":"The Mushroom Lair","floor":11,"turns":5},{"damage":3,"enemies":"3 Louse","floor":12,"turns":3},{"damage":13,"enemies":"Lots of Slimes","floor":13,"turns":2}],"event_choices":[{"event_name":"Golden Idol","player_choice":"Take Damage","floor":2,"damage_taken":0},{"event_name":"Mushrooms","player_choice":"Fought Mushrooms","floor":11,"damage_taken":0}],"boss_relics":[],"potions_floor_spawned":[1,4,11,12],"seed_played":"-7257082081319921572","killed_by":"Lots of Slimes","ascension_level":0,"is_trial":false}