{"gold_per_floor":[109,128,142,107,119,153,153,208,208,208,208,223,223,223,223,324,324,340,350,364,384,395,395,471,471,496,514,530,530,550,649,649,751,751,765,779,879,891,901,911,911,27,77,77,77,77,77,87,87,87],"floor_reached":51,"playtime":5023,"items_purged":[],"score":638,"play_id":"7cfa811a-86c8-489a-abd5-7aca5bdf64f9","local_time":"20190428111306","is_ascension_mode":false,"campfire_choices":[{"data":"Inflame","floor":7.0,"key":"SMITH"},{"data":"Entrench","floor":13.0,"key":"SMITH"},{"floor":15.0,"key":"RECALL"},{"data":"Armaments","floor":23.0,"key":"SMITH"},{"floor":25.0,"key":"REST"},{"floor":29.0,"key":"REST"},{"floor":32.0,"key":"REST"},{"floor":45,"key":"REST"},{"floor":49,"key":"REST"}],"neow_cost":"NONE","seed_source_timestamp":0,"circlet_count":0,"master_deck":["Bash","Infernal Blade","Spot Weakness","Pummel","Bludgeon","Wild Strike","Power Through","Seeing Red","Inflame+1","Double Tap","Heavy Blade","Armaments+1","Searing Blow","Heavy Blade","Entrench+1","Shrug It Off","Anger","Demon Form","Shrug It Off","Clash","Flex","Seeing Red+1","Ghostly Armor+1","Iron Wave+1","Pommel Strike+1","Limit Break","Intimidate+1","Flex+1","Disarm+1","Whirlwind+1","Barricade","Dramatic Entrance","Secret Weapon","Havoc+1"],"special_seed":0,"relics":["Pandora\u0027s Box","Torii","Tiny Chest","Centennial Puzzle","Sozu","Ancient Tea Set","Lizard Tail","Nunchaku","Orichalcum","Bird Faced Urn","Strange Spoon","Juzu Bracelet","Pocketwatch"],"potions_floor_usage":[],"damage_taken":[{"damage":7.0,"enemies":"2 Louse","floor":1.0,"turns":2.0},{"damage":10.0,"enemies":"Small Slimes","floor":2.0,"turns":3.0},{"damage":6.0,"enemies":"Cultist","floor":3.0,"turns":3.0},{"damage":14.0,"enemies":"Large Slime","floor":5.0,"turns":5.0},{"damage":9.0,"enemies":"3 Sentries","floor":6.0,"turns":4.0},{"damage":19.0,"enemies":"Lagavulin","floor":8.0,"turns":5.0},{"damage":1.0,"enemies":"Exordium Thugs","floor":12.0,"turns":3.0},{"damage":53.0,"enemies":"The Guardian","floor":16.0,"turns":8.0},{"damage":2.0,"enemies":"Chosen","floor":18.0,"turns":2.0},{"damage":18.0,"enemies":"Shell Parasite","floor":19.0,"turns":3.0},{"damage":16.0,"enemies":"Shelled Parasite and Fungi","floor":20.0,"turns":4.0},{"damage":2.0,"enemies":"Cultist and Chosen","floor":21.0,"turns":5.0},{"damage":13.0,"enemies":"Snake Plant","floor":22.0,"turns":2.0},{"damage":11.0,"enemies":"Sentry and Sphere","floor":27.0,"turns":5.0},{"damage":10.0,"enemies":"Shelled Parasite and Fungi","floor":28.0,"turns":3.0},{"damage":31.0,"enemies":"Centurion and Healer","floor":30.0,"turns":5.0},{"damage":25.0,"enemies":"Champ","floor":33.0,"turns":8.0},{"damage":0.0,"enemies":"Orb Walker","floor":35.0,"turns":3.0},{"damage":8.0,"enemies":"3 Shapes","floor":36.0,"turns":4.0},{"damage":3.0,"enemies":"Mind Bloom Boss Battle","floor":37.0,"turns":5.0},{"damage":1.0,"enemies":"Spire Growth","floor":38.0,"turns":4.0},{"damage":51.0,"enemies":"3 Darklings","floor":39.0,"turns":6.0},{"damage":49,"enemies":"Sphere and 2 Shapes","floor":40,"turns":7},{"damage":0,"enemies":"Transient","floor":48,"turns":5},{"damage":42,"enemies":"Awakened One","floor":50,"turns":8}],"seed_played":"-3113189571797018064","potions_obtained":[{"floor":2.0,"key":"Strength Potion"},{"floor":3.0,"key":"SkillPotion"},{"floor":16.0,"key":"Regen Potion"}],"is_trial":false,"path_per_floor":["M","M","M","?","M","E","R","E","T","?","?","M","R","$","R","B",null,"M","M","M","M","M","R","T","R","T","M","M","R","M","?","R","B",null,"M","M","?","M","M","M","?","$","T","?","R","?","T","M","R","B",null],"character_chosen":"IRONCLAD","items_purchased":["Orichalcum","Bird Faced Urn","Strange Spoon","Secret Weapon","Discovery"],"campfire_rested":5,"item_purchase_floors":[42,42,42,42,42],"current_hp_per_floor":[73,63,57,77,63,54,54,35,35,55,55,54,54,54,54,1,77,75,57,53,51,38,38,38,61,61,50,40,63,32,32,55,30,77,77,69,66,65,14,6,6,6,6,6,29,29,29,31,54,16],"gold":87,"neow_bonus":"BOSS_RELIC","is_prod":false,"is_daily":false,"chose_seed":false,"campfire_upgraded":3,"win_rate":0,"timestamp":1556464386,"path_taken":["M","M","M","?","M","E","R","E","T","?","?","M","R","$","R","BOSS","M","M","M","M","M","R","?","R","T","M","M","R","M","?","R","BOSS","M","M","?","M","M","M","?","$","T","?","R","?","?","M","R","BOSS"],"build_version":"2019-01-23","purchased_purges":0,"victory":true,"max_hp_per_floor":[80,80,80,80,80,80,80,80,80,80,77,77,77,77,77,77,77,77,77,77,77,77,77,77,77,77,77,77,77,77,77,77,77,77,77,77,77,77,77,77,77,77,77,77,77,77,77,77,77,77],"card_choices":[{"not_picked":["Warcry","Perfected Strike"],"picked":"Heavy Blade","floor":1.0},{"not_picked":["Sword Boomerang","Wild Strike"],"picked":"Armaments","floor":2.0},{"not_picked":["Spot Weakness","Shrug It Off"],"picked":"Searing Blow","floor":3.0},{"not_picked":["Reckless Charge","Evolve"],"picked":"Heavy Blade","floor":5.0},{"not_picked":["Headbutt","Cleave"],"picked":"Entrench","floor":6.0},{"not_picked":["Impervious","Sentinel"],"picked":"Shrug It Off","floor":8.0},{"not_picked":["Clash","Cleave"],"picked":"Anger","floor":12.0},{"not_picked":["Berserk","Brutality"],"picked":"Demon Form","floor":16.0},{"not_picked":["Second Wind+1","True Grit+1"],"picked":"Shrug It Off","floor":18.0},{"not_picked":["Uppercut","Heavy Blade"],"picked":"Clash","floor":19.0},{"not_picked":["Feel No Pain","Wild Strike"],"picked":"Flex","floor":20.0},{"not_picked":["Searing Blow","Sword Boomerang"],"picked":"Seeing Red+1","floor":21.0},{"not_picked":["Armaments","Combust+1"],"picked":"Ghostly Armor+1","floor":22.0},{"not_picked":["Iron Wave","Heavy Blade","Wild Strike"],"picked":"SKIP","floor":27.0},{"not_picked":["Dual Wield","Pummel"],"picked":"Iron Wave+1","floor":28.0},{"not_picked":["Juggernaut","True Grit"],"picked":"Pommel Strike+1","floor":30.0},{"not_picked":["Brutality","Fiend Fire"],"picked":"Limit Break","floor":33.0},{"not_picked":["Wild Strike","Twin Strike","Clothesline"],"picked":"SKIP","floor":35.0},{"not_picked":["Blood for Blood","Anger+1"],"picked":"Intimidate+1","floor":36.0},{"not_picked":["Clothesline+1","Body Slam+1"],"picked":"Flex+1","floor":37.0},{"not_picked":["Sword Boomerang+1","Intimidate"],"picked":"Disarm+1","floor":38.0},{"not_picked":["Headbutt","Thunderclap+1"],"picked":"Whirlwind+1","floor":39.0},{"not_picked":["Body Slam+1","Ghostly Armor+1"],"picked":"Barricade","floor":40},{"not_picked":["Magnetism","Purity"],"picked":"Dramatic Entrance","floor":41},{"not_picked":["Carnage+1","Clash+1"],"picked":"Havoc+1","floor":48}],"player_experience":294074,"relics_obtained":[{"floor":6.0,"key":"Torii"},{"floor":8.0,"key":"Tiny Chest"},{"floor":9.0,"key":"Centennial Puzzle"},{"floor":26.0,"key":"Ancient Tea Set"},{"floor":37.0,"key":"Nunchaku"},{"floor":43,"key":"Juzu Bracelet"},{"floor":47,"key":"Pocketwatch"}],"event_choices":[{"damage_healed":20.0,"max_hp_gain":0.0,"max_hp_loss":0.0,"gold_gain":0.0,"event_name":"The Cleric","player_choice":"Healed","floor":4.0,"gold_loss":35.0,"damage_taken":0.0},{"damage_healed":20.0,"max_hp_gain":0.0,"max_hp_loss":0.0,"gold_gain":0.0,"event_name":"Mushrooms","player_choice":"Healed and dodged fight","floor":10.0,"gold_loss":0.0,"damage_taken":0.0,"cards_obtained":["Parasite"]},{"cards_removed":["Parasite"],"damage_healed":0.0,"max_hp_gain":0.0,"max_hp_loss":0.0,"gold_gain":0.0,"event_name":"Purifier","player_choice":"Purged","floor":11.0,"gold_loss":0.0,"damage_taken":0.0},{"damage_healed":0.0,"max_hp_gain":0.0,"max_hp_loss":0.0,"gold_gain":99.0,"event_name":"Nest","player_choice":"Stole From Cult","floor":31.0,"gold_loss":0.0,"damage_taken":0.0},{"damage_healed":0.0,"max_hp_gain":0.0,"max_hp_loss":0.0,"gold_gain":0.0,"event_name":"MindBloom","player_choice":"Fight","floor":37.0,"gold_loss":0.0,"damage_taken":0.0},{"damage_healed":0,"gold_gain":0,"player_choice":"Memory 1","damage_taken":0,"max_hp_gain":0,"max_hp_loss":0,"event_name":"SensoryStone","floor":41,"gold_loss":0},{"cards_removed":["Discovery"],"damage_healed":0,"gold_gain":0,"player_choice":"Removed Skill","damage_taken":0,"max_hp_gain":0,"max_hp_loss":0,"event_name":"Falling","floor":44,"gold_loss":0},{"damage_healed":0,"gold_gain":0,"player_choice":"Ignored","damage_taken":0,"max_hp_gain":0,"max_hp_loss":0,"event_name":"Mysterious Sphere","floor":46,"gold_loss":0}],"is_beta":false,"boss_relics":[{"not_picked":["Black Star","Empty Cage"],"picked":"Sozu"},{"not_picked":["Coffee Dripper","Cursed Key"],"picked":"Lizard Tail"}],"items_purged_floors":[],"is_endless":false,"potions_floor_spawned":[2,3,16,19,22,28,33,35,39,40,48],"ascension_level":0}