{"gold_per_floor":[110,122,122,139,139,164,178,192,263,281,301,301,301,321,321,418,418,418],"floor_reached":18,"playtime":874,"items_purged":[],"score":199,"play_id":"a0fcfb78-36d3-4952-af3e-6d88fca6ab1c","local_time":"20190720155525","is_ascension_mode":true,"campfire_choices":[{"data":"Inflame","floor":15.0,"key":"SMITH"}],"neow_cost":"NONE","seed_source_timestamp":0,"circlet_count":0,"master_deck":["Strike_R","Strike_R","Strike_R","Strike_R","Defend_R","Defend_R","Defend_R","Defend_R","Bash+1","Flex+1","Twin Strike","Twin Strike","Inflame+1","Battle Trance","Offering","Inflame","Parasite"],"special_seed":0,"relics":["Burning Blood","NeowsBlessing","Boot","Runic Cube"],"potions_floor_usage":[],"damage_taken":[{"damage":0.0,"enemies":"2 Louse","floor":1.0,"turns":1.0},{"damage":0.0,"enemies":"Jaw Worm","floor":2.0,"turns":1.0},{"damage":0.0,"enemies":"Cultist","floor":4.0,"turns":1.0},{"damage":40.0,"enemies":"3 Sentries","floor":6.0,"turns":9.0},{"damage":1.0,"enemies":"Exordium Thugs","floor":7.0,"turns":3.0},{"damage":1.0,"enemies":"3 Louse","floor":8.0,"turns":4.0},{"damage":4.0,"enemies":"Red Slaver","floor":10.0,"turns":4.0},{"damage":6.0,"enemies":"2 Fungi Beasts","floor":11.0,"turns":2.0},{"damage":7.0,"enemies":"Looter","floor":14.0,"turns":2.0},{"damage":40.0,"enemies":"Hexaghost","floor":16.0,"turns":6.0},{"damage":0,"enemies":"2 Thieves","floor":18,"turns":1}],"seed_played":"-7289251325793174491","potions_obtained":[{"floor":2.0,"key":"GamblersBrew"},{"floor":6.0,"key":"AttackPotion"},{"floor":11.0,"key":"GamblersBrew"},{"floor":14.0,"key":"Weak Potion"},{"floor":16.0,"key":"SkillPotion"}],"is_trial":false,"path_per_floor":["M","M","?","M","?","E","M","M","T","M","M","?","?","M","R","B",null,"M"],"character_chosen":"IRONCLAD","items_purchased":[],"campfire_rested":0,"item_purchase_floors":[],"current_hp_per_floor":[80,80,73,79,84,50,55,60,60,62,62,83,66,65,65,31,85,85],"gold":418,"neow_bonus":"THREE_ENEMY_KILL","is_prod":false,"is_daily":false,"chose_seed":false,"campfire_upgraded":1,"win_rate":0,"timestamp":1563652525,"path_taken":["M","M","?","M","?","E","?","M","T","M","M","?","?","M","R","BOSS","M"],"build_version":"2019-07-17","purchased_purges":0,"victory":false,"max_hp_per_floor":[80,80,80,80,85,85,85,85,85,85,85,85,85,85,85,85,85,85],"card_choices":[{"not_picked":["Cleave","Clash"],"picked":"Flex","floor":1.0},{"not_picked":["Thunderclap","Pommel Strike"],"picked":"Twin Strike","floor":2.0},{"not_picked":["Entrench","Corruption"],"picked":"Twin Strike","floor":4.0},{"not_picked":["Searing Blow","Warcry"],"picked":"Inflame","floor":6.0},{"not_picked":["Rupture","Rampage"],"picked":"Battle Trance","floor":7.0},{"not_picked":["Sword Boomerang","Twin Strike","Thunderclap"],"picked":"SKIP","floor":8.0},{"not_picked":["Ghostly Armor","Reckless Charge"],"picked":"Offering","floor":10.0},{"not_picked":["Sentinel","Perfected Strike"],"picked":"Inflame","floor":11.0},{"not_picked":["Anger","Perfected Strike","Sever Soul"],"picked":"SKIP","floor":14.0}],"player_experience":781730,"relics_obtained":[{"floor":6.0,"key":"Boot"}],"event_choices":[{"cards_removed":["Strike_R"],"damage_healed":0.0,"max_hp_gain":0.0,"max_hp_loss":0.0,"gold_gain":0.0,"event_name":"Golden Wing","player_choice":"Card Removal","floor":3.0,"gold_loss":0.0,"damage_taken":7.0},{"damage_healed":0.0,"max_hp_gain":5.0,"max_hp_loss":0.0,"gold_gain":0.0,"event_name":"Big Fish","player_choice":"Donut","floor":5.0,"gold_loss":0.0,"damage_taken":0.0},{"damage_healed":21.0,"max_hp_gain":0.0,"max_hp_loss":0.0,"gold_gain":0.0,"event_name":"Mushrooms","player_choice":"Healed and dodged fight","floor":12.0,"gold_loss":0.0,"damage_taken":0.0,"cards_obtained":["Parasite"]},{"damage_healed":0.0,"max_hp_gain":0.0,"max_hp_loss":0.0,"gold_gain":0.0,"event_name":"Shining Light","player_choice":"Entered Light","floor":13.0,"gold_loss":0.0,"damage_taken":17.0,"cards_upgraded":["Flex","Bash"]}],"is_beta":false,"boss_relics":[{"not_picked":["Calling Bell","Orrery"],"picked":"Runic Cube"}],"items_purged_floors":[],"is_endless":false,"potions_floor_spawned":[2,6,11,14,16],"killed_by":"2 Thieves","ascension_level":4}