{"gold_per_floor":[109,284,234,234,309,309,309,309,309,309,326,102,102,114,114,209,209,225,225,260,160,160,177,141,141,210,227,227,227,227,227,227,227],"floor_reached":33,"playtime":1485,"items_purged":["Strike_G","Injury"],"score":227,"play_id":"615b73b2-e7ca-4d0d-bfaa-5f60730ae052","local_time":"20181107193843","is_ascension_mode":false,"campfire_choices":[{"data":"Neutralize","floor":6,"key":"SMITH"},{"data":"PiercingWail","floor":8,"key":"SMITH"},{"data":"Survivor","floor":10,"key":"SMITH"},{"data":"Deadly Poison","floor":13,"key":"SMITH"},{"data":"Corpse Explosion","floor":15,"key":"SMITH"},{"data":"Dodge and Roll","floor":25,"key":"SMITH"},{"data":"Backflip","floor":28,"key":"SMITH"},{"floor":32,"key":"REST"}],"neow_cost":"NONE","seed_source_timestamp":9308544559590,"circlet_count":0,"master_deck":["Defend_G+1","Defend_G","Defend_G","Defend_G","Defend_G","Survivor+1","Neutralize+1","PiercingWail+1","Deadly Poison+1","Corpse Explosion+1","Bullet Time+1","Parasite","Dodge and Roll+1","Cloak And Dagger","All Out Attack+1","Backflip+1","Distraction","Calculated Gamble"],"relics":["Ring of the Snake","Lantern","Anchor","Juzu Bracelet","Calling Bell","Molten Egg 2","Gambling Chip","Red Mask","Letter Opener","Nloth\u0027s Gift","Torii"],"potions_floor_usage":[16,18,33],"damage_taken":[{"damage":0,"enemies":"Small Slimes","floor":1,"turns":3},{"damage":0,"enemies":"2 Louse","floor":11,"turns":4},{"damage":0,"enemies":"Cultist","floor":14,"turns":5},{"damage":59,"enemies":"Slime Boss","floor":16,"turns":15},{"damage":24,"enemies":"Spheric Guardian","floor":18,"turns":6},{"damage":15,"enemies":"Masked Bandits","floor":20,"turns":3},{"damage":0,"enemies":"Chosen","floor":23,"turns":4},{"damage":0,"enemies":"Centurion and Healer","floor":27,"turns":4},{"damage":54,"enemies":"Automaton","floor":33,"turns":10}],"seed_played":"-2016913968010069251","potions_obtained":[{"floor":11,"key":"SpeedPotion"},{"floor":14,"key":"Regen Potion"},{"floor":18,"key":"AttackPotion"}],"is_trial":false,"path_per_floor":["M","?","?","?","?","R","?","R","T","R","M","$","R","M","R","B",null,"M","?","?","$","?","M","$","R","T","M","R","?","?","?","R","B"],"character_chosen":"THE_SILENT","items_purchased":["Juzu Bracelet","Distraction"],"campfire_rested":1,"item_purchase_floors":[12,24],"current_hp_per_floor":[70,70,70,70,59,59,52,52,52,52,52,52,52,52,52,8,70,46,46,31,31,31,31,31,31,31,31,31,31,31,31,52,0],"gold":227,"neow_bonus":"RANDOM_COMMON_RELIC","is_prod":false,"is_daily":false,"chose_seed":false,"campfire_upgraded":7,"win_rate":0,"timestamp":1541637523,"path_taken":["M","?","?","?","?","R","?","R","T","R","M","$","R","M","R","BOSS","M","?","?","$","?","M","$","R","T","M","R","?","?","?","R","BOSS"],"build_version":"2018-11-06","purchased_purges":2,"victory":false,"max_hp_per_floor":[70,70,70,70,70,70,70,70,70,70,70,70,70,70,70,70,70,70,70,70,70,70,70,70,70,70,70,70,70,70,70,70,70],"card_choices":[{"not_picked":["Slice","Poisoned Stab"],"picked":"PiercingWail","floor":1},{"not_picked":["Prepared","Blade Dance"],"picked":"Deadly Poison","floor":11},{"not_picked":["Flying Knee","Cloak And Dagger"],"picked":"Corpse Explosion","floor":14},{"not_picked":["Die Die Die","Storm of Steel"],"picked":"Bullet Time","floor":16},{"not_picked":["Outmaneuver","Poisoned Stab+1"],"picked":"Dodge and Roll","floor":18},{"not_picked":["Sucker Punch+1","Glass Knife+1"],"picked":"Backflip","floor":23},{"not_picked":["Dodge and Roll","Escape Plan"],"picked":"Calculated Gamble","floor":27}],"player_experience":192513,"relics_obtained":[{"floor":9,"key":"Anchor"},{"floor":17,"key":"War Paint"},{"floor":17,"key":"Molten Egg 2"},{"floor":17,"key":"Gambling Chip"},{"floor":20,"key":"Red Mask"},{"floor":26,"key":"Letter Opener"}],"event_choices":[{"damage_healed":0,"gold_gain":175,"player_choice":"AGREE","damage_taken":0,"max_hp_gain":0,"max_hp_loss":0,"event_name":"Liars Game","floor":2,"gold_loss":0,"cards_obtained":["Doubt"]},{"cards_removed":["Doubt"],"damage_healed":0,"gold_gain":0,"player_choice":"Card Removal","damage_taken":0,"max_hp_gain":0,"max_hp_loss":0,"event_name":"The Cleric","floor":3,"gold_loss":50},{"cards_removed":["Strike_G"],"damage_healed":0,"gold_gain":0,"player_choice":"Forget","damage_taken":0,"max_hp_gain":0,"max_hp_loss":0,"event_name":"Living Wall","floor":4,"gold_loss":0},{"damage_healed":0,"gold_gain":75,"player_choice":"Gather Gold","damage_taken":11,"max_hp_gain":0,"max_hp_loss":0,"event_name":"World of Goop","floor":5,"gold_loss":0},{"cards_removed":["Strike_G"],"damage_healed":0,"gold_gain":0,"player_choice":"Card Removal","damage_taken":7,"max_hp_gain":0,"max_hp_loss":0,"event_name":"Golden Wing","floor":7,"gold_loss":0},{"cards_removed":["Normality"],"damage_healed":0,"gold_gain":0,"player_choice":"Elegance","damage_taken":0,"max_hp_gain":0,"max_hp_loss":0,"event_name":"Back to Basics","floor":19,"gold_loss":0},{"damage_healed":0,"gold_gain":0,"player_choice":"Fought Bandits","damage_taken":0,"max_hp_gain":0,"max_hp_loss":0,"event_name":"Masked Bandits","floor":20,"gold_loss":0},{"damage_healed":0,"gold_gain":0,"cards_transformed":["Strike_G","Strike_G"],"player_choice":"Became Test Subject","damage_taken":0,"max_hp_gain":0,"max_hp_loss":0,"event_name":"Drug Dealer","floor":22,"gold_loss":0,"cards_obtained":["Cloak And Dagger","All Out Attack"]},{"damage_healed":0,"gold_gain":0,"player_choice":"Traded Relic","damage_taken":0,"relics_obtained":["Nloth\u0027s Gift"],"max_hp_gain":0,"max_hp_loss":0,"event_name":"N\u0027loth","floor":29,"relics_lost":["War Paint"],"gold_loss":0},{"damage_healed":0,"gold_gain":0,"player_choice":"Ignored","damage_taken":0,"max_hp_gain":0,"max_hp_loss":0,"event_name":"Vampires","floor":30,"gold_loss":0},{"damage_healed":0,"gold_gain":0,"player_choice":"Opened","damage_taken":0,"relics_obtained":["Torii"],"max_hp_gain":0,"max_hp_loss":0,"event_name":"The Mausoleum","floor":31,"gold_loss":0}],"is_beta":true,"boss_relics":[{"not_picked":["HoveringKite","Orrery"],"picked":"Calling Bell"}],"items_purged_floors":[12,21],"is_endless":false,"potions_floor_spawned":[11,14,18],"killed_by":"Automaton","ascension_level":0}