{"gold_per_floor":[115,128,147,159,159,193,203,203,203,203,203,203,229,246,246,341,341,356,376,2,2],"floor_reached":21,"playtime":1002,"items_purged":[],"score":220,"play_id":"48db72dd-e384-49ff-8484-ee305ca870b0","local_time":"20190715183845","is_ascension_mode":true,"campfire_choices":[{"floor":8,"key":"REST"},{"floor":11,"key":"RECALL"},{"floor":15,"key":"REST"}],"neow_cost":"NONE","seed_source_timestamp":202099193777600,"circlet_count":0,"master_deck":["Strike_B","Strike_B","Strike_B","Strike_B","Defend_B","Defend_B","Defend_B","Defend_B","Zap","Dualcast","Storm","Ball Lightning","Ball Lightning","Redo","Machine Learning","Dramatic Entrance","Genetic Algorithm","BootSequence","Leap","Rebound","Electrodynamics","Loop+1","Melter","Apotheosis","Sunder","Capacitor","Doom and Gloom"],"relics":["Cracked Core","Bag of Preparation","PreservedInsect","Eternal Feather"],"potions_floor_usage":[6,7,16],"damage_taken":[{"damage":1,"enemies":"Cultist","floor":1,"turns":4},{"damage":2,"enemies":"2 Louse","floor":2,"turns":2},{"damage":0,"enemies":"Small Slimes","floor":3,"turns":2},{"damage":12,"enemies":"3 Louse","floor":4,"turns":3},{"damage":30,"enemies":"3 Sentries","floor":6,"turns":5},{"damage":20,"enemies":"Large Slime","floor":7,"turns":4},{"damage":25,"enemies":"Lagavulin","floor":13,"turns":6},{"damage":2,"enemies":"Lots of Slimes","floor":14,"turns":2},{"damage":55,"enemies":"Hexaghost","floor":16,"turns":11},{"damage":38,"enemies":"3 Byrds","floor":18,"turns":4},{"damage":23,"enemies":"Shell Parasite","floor":19,"turns":7},{"damage":21,"enemies":"Centurion and Healer","floor":21,"turns":2}],"seed_played":"6696691203431070560","potions_obtained":[{"floor":1,"key":"Energy Potion"},{"floor":4,"key":"Energy Potion"},{"floor":7,"key":"Swift Potion"}],"is_trial":false,"path_per_floor":["M","M","M","M","?","E","M","R","T","?","R","$","E","M","R","B",null,"M","M","$","M"],"character_chosen":"DEFECT","items_purchased":["Apotheosis","Sunder","Capacitor","Doom and Gloom"],"campfire_rested":2,"item_purchase_floors":[20,20,20,20],"current_hp_per_floor":[81,79,79,67,67,37,17,41,41,68,68,68,43,41,65,10,82,44,21,21,0],"gold":2,"neow_bonus":"TEN_PERCENT_HP_BONUS","is_prod":false,"is_daily":false,"chose_seed":false,"campfire_upgraded":0,"win_rate":0,"timestamp":1563230325,"path_taken":["M","M","?","M","?","E","?","R","T","?","R","$","E","M","R","BOSS","M","M","$","M"],"build_version":"2019-07-05","purchased_purges":0,"victory":false,"max_hp_per_floor":[82,82,82,82,82,82,82,82,82,82,82,82,82,82,82,82,82,82,82,82,82],"card_choices":[{"not_picked":["Hologram","Gash"],"picked":"Storm","floor":1},{"not_picked":["Reprogram","Redo"],"picked":"Ball Lightning","floor":2},{"not_picked":["Redo","Stack"],"picked":"Ball Lightning","floor":3},{"not_picked":["Chaos","Rebound"],"picked":"Redo","floor":4},{"not_picked":["Barrage","Steam"],"picked":"Genetic Algorithm","floor":6},{"not_picked":["Gash","Creative AI"],"picked":"BootSequence","floor":7},{"not_picked":["Coolheaded","Rebound"],"picked":"Leap","floor":13},{"not_picked":["Hologram","Force Field"],"picked":"Rebound","floor":14},{"not_picked":["Meteor Strike","Rainbow"],"picked":"Electrodynamics","floor":16},{"not_picked":["Redo","Genetic Algorithm"],"picked":"Loop+1","floor":18},{"not_picked":["Rebound","Storm+1"],"picked":"Melter","floor":19}],"player_experience":551636,"relics_obtained":[{"floor":6,"key":"Bag of Preparation"},{"floor":13,"key":"PreservedInsect"}],"event_choices":[{"damage_healed":0,"gold_gain":0,"player_choice":"2 cards matched","damage_taken":0,"max_hp_gain":0,"max_hp_loss":0,"event_name":"Match and Keep!","floor":5,"gold_loss":0,"cards_obtained":["Machine Learning","Dramatic Entrance"]},{"damage_healed":27,"gold_gain":0,"player_choice":"Banana","damage_taken":0,"max_hp_gain":0,"max_hp_loss":0,"event_name":"Big Fish","floor":10,"gold_loss":0}],"is_beta":false,"boss_relics":[{"not_picked":["Coffee Dripper","Snecko Eye"],"picked":"Eternal Feather"}],"items_purged_floors":[],"is_endless":false,"potions_floor_spawned":[1,4,7],"killed_by":"Centurion and Healer","ascension_level":3}