{"gold_per_floor":[111,126,138,152,169,198,198,212,257,288,71,71,71,82,82,82],"floor_reached":16,"playtime":665,"items_purged":[],"score":177,"play_id":"28525826-ee36-47ea-b385-430b523e46fd","local_time":"20181231223503","is_ascension_mode":true,"campfire_choices":[{"data":"Perfected Strike","floor":7,"key":"SMITH"},{"floor":13,"key":"REST"},{"data":"Armaments","floor":15,"key":"SMITH"}],"neow_cost":"NONE","seed_source_timestamp":37812009351916,"circlet_count":0,"master_deck":["AscendersBane","Strike_R","Strike_R","Strike_R","Strike_R","Strike_R","Defend_R","Defend_R","Defend_R","Defend_R","Bash","Perfected Strike+1","Flex","Thunderclap","Pommel Strike","Twin Strike","Flame Barrier","Perfected Strike","Shrug It Off","Heavy Blade","Armaments+1"],"relics":["Burning Blood","Blue Candle","Anchor","Frozen Egg 2"],"potions_floor_usage":[10,10,16],"damage_taken":[{"damage":18,"enemies":"Jaw Worm","floor":1,"turns":5},{"damage":1,"enemies":"Cultist","floor":2,"turns":4},{"damage":8,"enemies":"Small Slimes","floor":3,"turns":3},{"damage":18,"enemies":"3 Louse","floor":4,"turns":3},{"damage":16,"enemies":"Blue Slaver","floor":5,"turns":4},{"damage":24,"enemies":"Gremlin Nob","floor":6,"turns":4},{"damage":9,"enemies":"2 Fungi Beasts","floor":8,"turns":2},{"damage":30,"enemies":"Lagavulin","floor":10,"turns":5},{"damage":15,"enemies":"Gremlin Gang","floor":14,"turns":5},{"damage":33,"enemies":"The Guardian","floor":16,"turns":9}],"seed_played":"-1468694068671315427","potions_obtained":[{"floor":4,"key":"Regen Potion"},{"floor":6,"key":"AttackPotion"}],"is_trial":false,"path_per_floor":["M","M","M","M","M","E","R","M","T","E","$","?","R","M","R","B"],"character_chosen":"IRONCLAD","items_purchased":["Flame Barrier","Perfected Strike","Shrug It Off","PowerPotion"],"campfire_rested":1,"item_purchase_floors":[11,11,11,11],"current_hp_per_floor":[68,73,71,59,49,31,31,28,28,16,16,16,42,33,33,0],"gold":82,"neow_bonus":"TEN_PERCENT_HP_BONUS","is_prod":false,"is_daily":false,"chose_seed":false,"campfire_upgraded":2,"win_rate":0,"timestamp":1546313703,"path_taken":["M","M","M","M","M","E","R","M","T","E","$","?","R","M","R","BOSS"],"build_version":"2018-12-25","purchased_purges":0,"victory":false,"max_hp_per_floor":[88,88,88,88,88,88,88,88,88,88,88,88,88,88,88,88],"card_choices":[{"not_picked":["Anger","True Grit"],"picked":"Perfected Strike","floor":1},{"not_picked":["Anger","Bloodletting"],"picked":"Cleave","floor":2},{"not_picked":["True Grit","Thunderclap"],"picked":"Flex","floor":3},{"not_picked":["Sword Boomerang","Pummel"],"picked":"Thunderclap","floor":4},{"not_picked":["Twin Strike","Thunderclap"],"picked":"Pommel Strike","floor":5},{"not_picked":["Bludgeon","Bloodletting","Havoc"],"picked":"SKIP","floor":6},{"not_picked":["Reckless Charge","Clash"],"picked":"Twin Strike","floor":8},{"not_picked":["Fiend Fire","Blood for Blood","Body Slam"],"picked":"SKIP","floor":10},{"not_picked":["True Grit","Feel No Pain+1"],"picked":"Armaments","floor":14}],"player_experience":718930,"relics_obtained":[{"floor":6,"key":"Blue Candle"},{"floor":9,"key":"Anchor"},{"floor":10,"key":"Frozen Egg 2"}],"event_choices":[{"damage_healed":0,"gold_gain":0,"cards_transformed":["Cleave"],"player_choice":"Transformed","damage_taken":0,"max_hp_gain":0,"max_hp_loss":0,"event_name":"Transmorgrifier","floor":12,"gold_loss":0,"cards_obtained":["Heavy Blade"]}],"is_beta":true,"boss_relics":[],"items_purged_floors":[],"is_endless":false,"potions_floor_spawned":[4,6,8],"killed_by":"The Guardian","ascension_level":11}