{"gold_per_floor":[114,127,142,66,81,106,106,133,184,194,194],"floor_reached":11,"playtime":1014,"items_purged":[],"score":85,"play_id":"a4ac25bc-c71d-4062-bd84-b9538bef7716","local_time":"20190418180556","is_ascension_mode":false,"campfire_choices":[{"data":"Doppelganger","floor":7.0,"key":"SMITH"}],"neow_cost":"NONE","seed_source_timestamp":0,"circlet_count":0,"master_deck":["Defend_G","Defend_G","Defend_G","Defend_G","Defend_G","Strike_G","Strike_G","Strike_G","Strike_G","Survivor","Neutralize","Doppelganger+1","Deflect","Blade Dance","Infinite Blades","Accuracy","Dodge and Roll","Footwork","Setup","Outmaneuver"],"special_seed":0,"relics":["Ring of the Snake","Matryoshka","Ornamental Fan","PreservedInsect"],"potions_floor_usage":[],"damage_taken":[{"damage":0.0,"enemies":"2 Louse","floor":1.0,"turns":3.0},{"damage":4.0,"enemies":"Jaw Worm","floor":2.0,"turns":6.0},{"damage":2.0,"enemies":"Small Slimes","floor":3.0,"turns":4.0},{"damage":2.0,"enemies":"Blue Slaver","floor":5.0,"turns":4.0},{"damage":27.0,"enemies":"Gremlin Nob","floor":6.0,"turns":5.0},{"damage":4.0,"enemies":"3 Sentries","floor":8.0,"turns":10.0},{"damage":6.0,"enemies":"Looter","floor":10.0,"turns":5.0},{"damage":6,"enemies":"Gremlin Gang","floor":11,"turns":3}],"seed_played":"1256365339332173301","potions_obtained":[{"floor":5.0,"key":"SpeedPotion"},{"floor":6.0,"key":"SteroidPotion"}],"is_trial":false,"path_per_floor":["M","M","M","$","M","E","R","E","T","M","M"],"character_chosen":"THE_SILENT","items_purchased":["Accuracy"],"campfire_rested":0,"item_purchase_floors":[4],"current_hp_per_floor":[70,66,64,64,62,35,35,31,31,25,19],"gold":194,"neow_bonus":"TRANSFORM_CARD","is_prod":false,"is_daily":false,"chose_seed":false,"campfire_upgraded":1,"win_rate":0,"timestamp":1555625156,"path_taken":["M","M","M","$","M","E","R","E","T","M","M"],"build_version":"2019-01-23","purchased_purges":0,"victory":false,"max_hp_per_floor":[70,70,70,70,70,70,70,70,70,70,70],"card_choices":[{"not_picked":["Acrobatics","Escape Plan"],"picked":"Deflect","floor":1.0},{"not_picked":["Acrobatics","Deflect"],"picked":"Blade Dance","floor":2.0},{"not_picked":["Prepared","Storm of Steel"],"picked":"Infinite Blades","floor":3.0},{"not_picked":["Prepared","Flechettes"],"picked":"Dodge and Roll","floor":5.0},{"not_picked":["Backflip","Envenom"],"picked":"Footwork","floor":6.0},{"not_picked":["Deadly Poison","Bane"],"picked":"Setup","floor":8.0},{"not_picked":["PiercingWail","Acrobatics"],"picked":"Outmaneuver","floor":10.0}],"player_experience":274202,"relics_obtained":[{"floor":6.0,"key":"Matryoshka"},{"floor":8.0,"key":"Ornamental Fan"},{"floor":9.0,"key":"PreservedInsect"}],"event_choices":[],"is_beta":false,"boss_relics":[],"items_purged_floors":[],"is_endless":false,"potions_floor_spawned":[5,6],"killed_by":"Gremlin Gang","ascension_level":0}