{"gold_per_floor":[110,110,110,133,90,160,178,178,203,52,75,75,99,117,117,236,236,236,161,161,161,161,161,161,161,161,161,161,161,161,161,161,161,161,161,161,121,121,121,121,121,121],"floor_reached":42,"playtime":5035,"items_purged":["Regret"],"score":429,"play_id":"a1208718-3ebe-40c6-ad73-6d6701544cdf","local_time":"20190421110827","is_ascension_mode":false,"campfire_choices":[{"floor":12.0,"key":"RECALL"},{"floor":15.0,"key":"REST"},{"floor":23.0,"key":"REST"},{"floor":30,"key":"REST"},{"data":"Finisher","floor":32,"key":"SMITH"},{"floor":40,"key":"REST"}],"neow_cost":"NONE","seed_source_timestamp":0,"circlet_count":0,"master_deck":["Defend_G+1","Defend_G","Defend_G+1","Defend_G","Defend_G","Strike_G","Strike_G","Strike_G","Strike_G","Strike_G","Survivor+1","Neutralize","Well Laid Plans","Backflip","Die Die Die","Dagger Spray","Skewer","Poisoned Stab+1","Infinite Blades+1","Malaise","Distraction","Infinite Blades+1","Finisher+1","Deflect","Blade Dance","Dagger Spray+1","Dash+1","Cloak And Dagger","Backstab","Poisoned Stab","Flechettes","Backstab"],"special_seed":0,"relics":["Ring of the Snake","NeowsBlessing","Omamori","Golden Idol","Tiny Chest","Pen Nib","Lantern","Ectoplasm","Ninja Scroll","Tiny House"],"potions_floor_usage":[29,33,39,41,41,42],"damage_taken":[{"damage":0.0,"enemies":"2 Louse","floor":1.0,"turns":1.0},{"damage":0.0,"enemies":"Jaw Worm","floor":4.0,"turns":1.0},{"damage":0.0,"enemies":"3 Sentries","floor":6.0,"turns":1.0},{"damage":0.0,"enemies":"Cultist","floor":7.0,"turns":3.0},{"damage":4.0,"enemies":"Red Slaver","floor":11.0,"turns":5.0},{"damage":0.0,"enemies":"Blue Slaver","floor":14.0,"turns":3.0},{"damage":27.0,"enemies":"Slime Boss","floor":16.0,"turns":12.0},{"damage":7.0,"enemies":"Shell Parasite","floor":18.0,"turns":5.0},{"damage":12.0,"enemies":"2 Thieves","floor":19.0,"turns":4.0},{"damage":13.0,"enemies":"Shelled Parasite and Fungi","floor":20.0,"turns":7.0},{"damage":19.0,"enemies":"Centurion and Healer","floor":22.0,"turns":5.0},{"damage":20.0,"enemies":"Snecko","floor":24.0,"turns":4.0},{"damage":12.0,"enemies":"Snake Plant","floor":27.0,"turns":6.0},{"damage":18,"enemies":"Shelled Parasite and Fungi","floor":29,"turns":3},{"damage":5,"enemies":"Cultist and Chosen","floor":31,"turns":6},{"damage":17,"enemies":"Champ","floor":33,"turns":11},{"damage":1,"enemies":"3 Shapes","floor":35,"turns":2},{"damage":17,"enemies":"3 Darklings","floor":38,"turns":5},{"damage":27,"enemies":"Sphere and 2 Shapes","floor":39,"turns":5},{"damage":31,"enemies":"Maw","floor":41,"turns":8},{"damage":56,"enemies":"Giant Head","floor":42,"turns":7}],"seed_played":"-8202362565143456487","potions_obtained":[{"floor":6.0,"key":"Poison Potion"},{"floor":7.0,"key":"SkillPotion"},{"floor":11.0,"key":"LiquidBronze"},{"floor":22.0,"key":"AttackPotion"},{"floor":24.0,"key":"Dexterity Potion"},{"floor":27.0,"key":"PowerPotion"},{"floor":33,"key":"Energy Potion"},{"floor":34,"key":"Dexterity Potion"},{"floor":39,"key":"EssenceOfSteel"},{"floor":41,"key":"Regen Potion"}],"is_trial":false,"path_per_floor":["M","?","?","M","?","E","M","?","T","$","M","R","T","M","R","B",null,"M","M","M","?","M","R","M","?","T","M","$","M","R","M","R","B",null,"M","?","?","M","M","R","M","E"],"character_chosen":"THE_SILENT","items_purchased":["Skewer"],"campfire_rested":4,"item_purchase_floors":[10],"current_hp_per_floor":[70,70,70,70,70,70,70,56,56,56,52,52,52,52,70,43,70,63,51,38,38,19,40,20,43,43,31,31,13,34,29,29,12,75,74,74,74,57,30,52,21,0],"gold":121,"neow_bonus":"THREE_ENEMY_KILL","is_prod":false,"is_daily":false,"chose_seed":false,"campfire_upgraded":1,"win_rate":0,"timestamp":1555859307,"path_taken":["M","?","?","M","?","E","?","?","T","?","M","R","?","M","R","BOSS","M","M","M","?","M","R","M","?","T","M","?","M","R","?","R","BOSS","M","?","?","?","M","R","M","E"],"build_version":"2019-01-23","purchased_purges":1,"victory":false,"max_hp_per_floor":[70,70,70,70,70,70,70,70,70,70,70,70,70,70,70,70,70,70,70,70,70,70,70,70,70,70,70,70,70,70,70,70,70,75,75,75,75,75,75,75,75,75],"card_choices":[{"not_picked":["Flying Knee","Calculated Gamble"],"picked":"Well Laid Plans","floor":1.0},{"not_picked":["Tactician","Choke"],"picked":"Backflip","floor":4.0},{"not_picked":["Dagger Spray","Backflip"],"picked":"Die Die Die","floor":6.0},{"not_picked":["Endless Agony","Underhanded Strike"],"picked":"Dagger Spray","floor":7.0},{"not_picked":["Expertise","Reflex"],"picked":"Poisoned Stab","floor":11.0},{"not_picked":["Bane","Caltrops"],"picked":"Infinite Blades","floor":14.0},{"not_picked":["After Image","Unload"],"picked":"Malaise","floor":16.0},{"not_picked":["Outmaneuver","Sucker Punch+1"],"picked":"Distraction","floor":18.0},{"not_picked":["Deadly Poison+1","Prepared"],"picked":"Infinite Blades+1","floor":19.0},{"not_picked":["Bane","Prepared"],"picked":"Finisher","floor":20.0},{"not_picked":["Sucker Punch+1","Quick Slash"],"picked":"Deflect","floor":22.0},{"not_picked":["Blur","Dagger Spray+1"],"picked":"Blade Dance","floor":24.0},{"not_picked":["Prepared","Reflex"],"picked":"Dagger Spray+1","floor":27.0},{"not_picked":["Blur+1","Eviscerate"],"picked":"Dash+1","floor":29},{"not_picked":["Dagger Throw","Deadly Poison"],"picked":"Cloak And Dagger","floor":31},{"not_picked":["Malaise","Storm of Steel"],"picked":"Adrenaline","floor":33},{"not_picked":["Outmaneuver","Dagger Spray+1"],"picked":"Backstab","floor":35},{"not_picked":["Acrobatics","Underhanded Strike+1"],"picked":"Poisoned Stab","floor":38},{"not_picked":["Dodge and Roll","Underhanded Strike"],"picked":"Flechettes","floor":39},{"not_picked":["Backflip+1","Eviscerate"],"picked":"Backstab","floor":41}],"player_experience":275687,"relics_obtained":[{"floor":6.0,"key":"Tiny Chest"},{"floor":9.0,"key":"Pen Nib"},{"floor":13.0,"key":"Lantern"},{"floor":26.0,"key":"Ninja Scroll"}],"event_choices":[{"damage_healed":0.0,"max_hp_gain":0.0,"max_hp_loss":0.0,"gold_gain":0.0,"event_name":"Big Fish","player_choice":"Box","floor":2.0,"gold_loss":0.0,"damage_taken":0.0,"relics_obtained":["Omamori"],"cards_obtained":["Regret"]},{"damage_healed":0.0,"max_hp_gain":0.0,"max_hp_loss":0.0,"gold_gain":0.0,"event_name":"Golden Idol","player_choice":"Take Wound","floor":3.0,"gold_loss":0.0,"damage_taken":0.0,"relics_obtained":["Golden Idol"],"cards_obtained":["Injury"]},{"damage_healed":0.0,"max_hp_gain":0.0,"max_hp_loss":0.0,"gold_gain":0.0,"event_name":"World of Goop","player_choice":"Left Gold","floor":5.0,"gold_loss":43.0,"damage_taken":0.0},{"damage_healed":0.0,"max_hp_gain":0.0,"max_hp_loss":0.0,"gold_gain":0.0,"event_name":"Shining Light","player_choice":"Entered Light","floor":8.0,"gold_loss":0.0,"damage_taken":14.0,"cards_upgraded":["Survivor","Defend_G"]},{"damage_healed":0.0,"max_hp_gain":0.0,"max_hp_loss":0.0,"gold_gain":99.0,"event_name":"Nest","player_choice":"Stole From Cult","floor":21.0,"gold_loss":0.0,"damage_taken":0.0},{"damage_healed":23.0,"max_hp_gain":0.0,"max_hp_loss":0.0,"gold_gain":0.0,"event_name":"The Library","player_choice":"Heal","floor":25.0,"gold_loss":0.0,"damage_taken":0.0},{"cards_removed":["Adrenaline"],"damage_healed":0,"gold_gain":0,"player_choice":"Removed Skill","damage_taken":0,"max_hp_gain":0,"max_hp_loss":0,"event_name":"Falling","floor":36,"gold_loss":0},{"damage_healed":0,"gold_gain":0,"player_choice":"Upgraded Two","damage_taken":0,"max_hp_gain":0,"max_hp_loss":0,"event_name":"Designer","floor":37,"gold_loss":40,"cards_upgraded":["Defend_G","Infinite Blades"]}],"is_beta":false,"boss_relics":[{"not_picked":["Lizard Tail","Orrery"],"picked":"Ectoplasm"},{"not_picked":["Empty Cage","Astrolabe"],"picked":"Tiny House"}],"items_purged_floors":[10],"is_endless":false,"potions_floor_spawned":[6,7,11,22,24,27,33,39,41],"killed_by":"Giant Head","ascension_level":0}