{"gold_per_floor":[119,138,156,174,274,274,307,317,342,358,378,378,404,404,404,504,504,516,516],"floor_reached":19,"playtime":1184,"items_purged":[],"score":181,"play_id":"70f68f38-391b-4aae-9f71-a7bf532ea35a","local_time":"20190516080217","is_ascension_mode":false,"campfire_choices":[{"floor":6.0,"key":"RECALL"},{"data":"Poisoned Stab","floor":12.0,"key":"SMITH"},{"data":"Noxious Fumes","floor":15.0,"key":"SMITH"}],"neow_cost":"NONE","seed_source_timestamp":0,"circlet_count":0,"master_deck":["Defend_G","Defend_G","Defend_G","Defend_G","Defend_G","Strike_G","Strike_G","Strike_G","Strike_G","Strike_G","Survivor","Neutralize","Poisoned Stab+1","PiercingWail","Deadly Poison","Dodge and Roll","Bane","Deadly Poison","Blade Dance","Bane","Noxious Fumes+1","Parasite","Burst","Terror"],"special_seed":0,"relics":["Coffee Dripper","Snake Skull","Blood Vial","Eternal Feather"],"potions_floor_usage":[19,19],"damage_taken":[{"damage":1.0,"enemies":"Jaw Worm","floor":1.0,"turns":4.0},{"damage":5.0,"enemies":"Cultist","floor":2.0,"turns":4.0},{"damage":0.0,"enemies":"2 Louse","floor":3.0,"turns":3.0},{"damage":2.0,"enemies":"Blue Slaver","floor":4.0,"turns":4.0},{"damage":9.0,"enemies":"Lagavulin","floor":7.0,"turns":7.0},{"damage":0.0,"enemies":"Large Slime","floor":8.0,"turns":5.0},{"damage":0.0,"enemies":"3 Louse","floor":10.0,"turns":3.0},{"damage":0.0,"enemies":"Looter","floor":11.0,"turns":3.0},{"damage":32.0,"enemies":"3 Sentries","floor":13.0,"turns":9.0},{"damage":20.0,"enemies":"Hexaghost","floor":16.0,"turns":8.0},{"damage":28,"enemies":"2 Thieves","floor":18,"turns":4},{"damage":5,"enemies":"Colosseum Slavers","floor":19,"turns":5},{"damage":42,"enemies":"Colosseum Nobs","floor":19,"turns":4}],"seed_played":"-8565996153618140018","potions_obtained":[{"floor":7.0,"key":"SteroidPotion"},{"floor":8.0,"key":"Swift Potion"},{"floor":10.0,"key":"AttackPotion"},{"floor":13.0,"key":"FearPotion"}],"is_trial":false,"path_per_floor":["M","M","M","M","?","R","E","M","T","M","M","R","E","?","R","B",null,"M","?"],"character_chosen":"THE_SILENT","items_purchased":[],"campfire_rested":0,"item_purchase_floors":[],"current_hp_per_floor":[69,64,64,62,62,62,53,53,53,53,53,53,21,38,38,20,70,42,0],"gold":516,"neow_bonus":"BOSS_RELIC","is_prod":false,"is_daily":false,"chose_seed":false,"campfire_upgraded":2,"win_rate":0,"timestamp":1558008137,"path_taken":["M","M","M","M","?","R","E","?","T","M","M","R","E","?","R","BOSS","M","?"],"build_version":"2019-01-23","purchased_purges":0,"victory":false,"max_hp_per_floor":[70,70,70,70,70,70,70,70,70,70,70,70,70,70,70,70,70,70,70],"card_choices":[{"not_picked":["Deadly Poison","Skewer"],"picked":"Poisoned Stab","floor":1.0},{"not_picked":["Underhanded Strike","Heel Hook"],"picked":"PiercingWail","floor":2.0},{"not_picked":["Acrobatics","Quick Slash"],"picked":"Deadly Poison","floor":3.0},{"not_picked":["Flying Knee","Acrobatics"],"picked":"Dodge and Roll","floor":4.0},{"not_picked":["Dagger Throw","Well Laid Plans"],"picked":"Bane","floor":7.0},{"not_picked":["Bouncing Flask","Dagger Spray"],"picked":"Deadly Poison","floor":8.0},{"not_picked":["Deadly Poison","Dodge and Roll"],"picked":"Blade Dance","floor":10.0},{"not_picked":["Acrobatics","Deflect"],"picked":"Bane","floor":11.0},{"not_picked":["Dagger Spray","Storm of Steel"],"picked":"Noxious Fumes","floor":13.0},{"not_picked":["Tools of the Trade","Night Terror"],"picked":"Burst","floor":16.0},{"not_picked":["Skewer","Bouncing Flask"],"picked":"Terror","floor":18}],"player_experience":341523,"relics_obtained":[{"floor":7.0,"key":"Snake Skull"},{"floor":13.0,"key":"Blood Vial"}],"event_choices":[{"damage_healed":0.0,"max_hp_gain":0.0,"max_hp_loss":0.0,"gold_gain":100.0,"event_name":"Golden Shrine","player_choice":"Pray","floor":5.0,"gold_loss":0.0,"damage_taken":0.0},{"damage_healed":17.0,"max_hp_gain":0.0,"max_hp_loss":0.0,"gold_gain":0.0,"event_name":"Mushrooms","player_choice":"Healed and dodged fight","floor":14.0,"gold_loss":0.0,"damage_taken":0.0,"cards_obtained":["Parasite"]},{"damage_healed":0,"gold_gain":0,"player_choice":"Fight","damage_taken":0,"max_hp_gain":0,"max_hp_loss":0,"event_name":"Colosseum","floor":19,"gold_loss":0},{"damage_healed":0,"gold_gain":0,"player_choice":"Fought Nobs","damage_taken":0,"max_hp_gain":0,"max_hp_loss":0,"event_name":"Colosseum","floor":19,"gold_loss":0}],"is_beta":false,"boss_relics":[{"not_picked":["White Beast Statue","Astrolabe"],"picked":"Eternal Feather"}],"items_purged_floors":[],"is_endless":false,"potions_floor_spawned":[7,8,10,13,19],"killed_by":"Colosseum Nobs","ascension_level":0}