{"path_per_floor":["M","$","?","M","M","?","$","?","T","M","R","?","M","M","R","B",null,"M","?","M","?","M","?","M","M","T","?","R","M","R","T","R"],"character_chosen":"IRONCLAD","items_purchased":["Ghostly Armor"],"gold_per_floor":[112,79,79,93,112,112,112,112,112,125,125,199,219,242,242,372,372,387,387,401,401,420,420,435,454,454,454,454,466,466,466,466,466],"floor_reached":33,"campfire_rested":0,"playtime":4312,"current_hp_per_floor":[88,88,66,72,72,77,77,58,58,64,64,39,39,35,35,27,93,81,81,80,80,60,60,39,50,50,34,34,36,36,36,36,0],"items_purged":[],"gold":466,"score":239,"play_id":"eb6035f4-9bad-4917-b914-9486f92cb1b1","local_time":"20180506001223","is_prod":false,"is_daily":false,"chose_seed":false,"is_ascension_mode":false,"campfire_upgraded":5,"timestamp":1525579943,"path_taken":["M","$","?","?","M","?","?","?","T","M","R","?","M","M","R","BOSS","M","?","M","?","M","?","M","?","T","?","R","M","R","?","R","BOSS"],"build_version":"2018-05-03","seed_source_timestamp":183005492505869,"purchased_purges":1,"victory":false,"master_deck":["Bash","Iron Wave+1","Ghostly Armor","Headbutt","Thunderclap","Intimidate","Flame Barrier+1","Pommel Strike","Disarm","Dropkick","Fire Breathing","Sword Boomerang","Pommel Strike","Headbutt","Heavy Blade","Shockwave","Clothesline+1","Armaments+1","Shrug It Off+1","Battle Trance+1","Necronomicurse","Metallicize+1","Flame Barrier"],"max_hp_per_floor":[88,88,88,88,88,93,93,93,93,93,93,93,93,93,93,93,93,93,93,93,93,93,93,93,93,93,93,93,93,93,93,93,93],"relics":["Burning Blood","Bloody Idol","Self Forming Clay","Dream Catcher","Pandora\u0027s Box","Prayer Wheel","Pen Nib","Necronomicon","Mercury Hourglass"],"card_choices":[{"not_picked":["Warcry","Blood for Blood"],"picked":"Iron Wave","floor":1},{"not_picked":["Clothesline","Rupture"],"picked":"Headbutt","floor":4},{"not_picked":["Burning Pact","Wild Strike"],"picked":"Thunderclap","floor":10},{"not_picked":["True Grit","Uppercut"],"picked":"Intimidate","floor":12},{"not_picked":["Combust","Body Slam"],"picked":"Flame Barrier","floor":13},{"not_picked":["Carnage","Havoc"],"picked":"Pommel Strike","floor":14},{"not_picked":["Thunderclap","Wild Strike"],"picked":"Clothesline","floor":18},{"not_picked":["Reckless Charge","Whirlwind"],"picked":"Armaments","floor":20},{"not_picked":["Wild Strike","Combust"],"picked":"Shrug It Off","floor":24},{"not_picked":["Pummel","Flex"],"picked":"Battle Trance","floor":26},{"not_picked":["Armaments","Rupture"],"picked":"Metallicize","floor":29},{"not_picked":["Headbutt","Wild Strike"],"picked":"Flame Barrier","floor":31}],"player_experience":175742,"potions_floor_usage":[16,33,33,33],"damage_taken":[{"damage":5,"enemies":"2 Louse","floor":1,"turns":3},{"damage":0,"enemies":"Cultist","floor":4,"turns":3},{"damage":6,"enemies":"Jaw Worm","floor":5,"turns":5},{"damage":0,"enemies":"Looter","floor":10,"turns":4},{"damage":31,"enemies":"Lagavulin Event","floor":12,"turns":7},{"damage":6,"enemies":"Exordium Wildlife","floor":13,"turns":5},{"damage":10,"enemies":"Exordium Thugs","floor":14,"turns":6},{"damage":14,"enemies":"Slime Boss","floor":16,"turns":9},{"damage":18,"enemies":"Chosen","floor":18,"turns":6},{"damage":12,"enemies":"Shell Parasite","floor":20,"turns":10},{"damage":31,"enemies":"Chosen and Byrds","floor":22,"turns":9},{"damage":32,"enemies":"Centurion and Healer","floor":24,"turns":9},{"damage":0,"enemies":"Snake Plant","floor":25,"turns":6},{"damage":9,"enemies":"Snecko","floor":29,"turns":5},{"damage":37,"enemies":"Champ","floor":33,"turns":11}],"event_choices":[{"event_name":"Golden Idol","player_choice":"Take Damage","floor":3,"damage_taken":0},{"event_name":"Big Fish","player_choice":"Donut","floor":6,"damage_taken":0},{"event_name":"Shining Light","player_choice":"Entered Light","floor":8,"damage_taken":0},{"event_name":"Dead Adventurer","player_choice":"Searched \u00273\u0027 times","floor":12,"damage_taken":0},{"event_name":"Forgotten Altar","player_choice":"Gave Idol","floor":19,"damage_taken":0},{"event_name":"Back to Basics","player_choice":"Elegance","floor":21,"damage_taken":0},{"event_name":"The Mausoleum","player_choice":"Yes","floor":23,"damage_taken":0},{"event_name":"Cursed Tome","player_choice":"Obtained Book","floor":27,"damage_taken":0}],"boss_relics":[{"not_picked":["White Beast Statue","Ectoplasm"],"picked":"Pandora\u0027s Box"}],"potions_floor_spawned":[5,13,16,24,25,29],"seed_played":"-1931583366506507197","killed_by":"Champ","ascension_level":0,"is_trial":false}