{"gold_per_floor":[209,229,243,254,254,254,267,267,267,296,310,6,6,20,20,118,118,134,134,134,149,164,193,193,211,211,211,227,227,84,98,98,201,201,217,217,12,22,42,42,42,53,77,99,131,159,182,242,254,266],"floor_reached":50,"playtime":3486,"items_purged":[],"score":651,"play_id":"672660c9-dfda-48a3-bfb3-c9b4ff6de3b2","local_time":"20181129213007","is_ascension_mode":true,"campfire_choices":[{"data":"Rage","floor":6,"key":"SMITH"},{"data":"Spot Weakness","floor":8,"key":"SMITH"},{"data":"Armaments","floor":15,"key":"SMITH"},{"data":"Body Slam","floor":29,"key":"SMITH"},{"data":"Ghostly","floor":32,"key":"SMITH"},{"data":"Shockwave","floor":40,"key":"SMITH"},{"data":"Flame Barrier","floor":49,"key":"SMITH"}],"neow_cost":"NONE","seed_source_timestamp":107478871990052,"circlet_count":0,"master_deck":["Defend_R","Defend_R+1","Defend_R","Defend_R","Bash","Spot Weakness+1","Rage+1","Iron Wave","Armaments+1","Battle Trance","Ghostly","Ghostly","Ghostly","Ghostly","Ghostly+1","Shockwave+1","Disarm+1","Seeing Red+1","Bite","Bite","Bite","Bite","Bite","Body Slam+1","Madness","Madness","Ghostly Armor+1","Parasite","Flame Barrier+1"],"relics":["Burning Blood","Ginger","Odd Mushroom","Centennial Puzzle","Art of War","Runic Cube","Calipers","Ornamental Fan","Bag of Marbles","Ancient Tea Set","Cursed Key","Membership Card","CultistMask","MawBank","Prayer Wheel"],"potions_floor_usage":[14,16,21,22,31,33,33,44,45,48,50],"damage_taken":[{"damage":1,"enemies":"Cultist","floor":1,"turns":4},{"damage":0,"enemies":"Small Slimes","floor":2,"turns":3},{"damage":7,"enemies":"2 Louse","floor":3,"turns":3},{"damage":13,"enemies":"Blue Slaver","floor":4,"turns":4},{"damage":0,"enemies":"Large Slime","floor":7,"turns":5},{"damage":9,"enemies":"The Mushroom Lair","floor":10,"turns":4},{"damage":9,"enemies":"2 Fungi Beasts","floor":11,"turns":4},{"damage":13,"enemies":"Lots of Slimes","floor":14,"turns":4},{"damage":39,"enemies":"The Guardian","floor":16,"turns":10},{"damage":23,"enemies":"Spheric Guardian","floor":18,"turns":6},{"damage":17,"enemies":"2 Thieves","floor":21,"turns":4},{"damage":0,"enemies":"Centurion and Healer","floor":22,"turns":8},{"damage":3,"enemies":"Gremlin Leader","floor":23,"turns":9},{"damage":10,"enemies":"Snake Plant","floor":25,"turns":6},{"damage":0,"enemies":"Shelled Parasite and Fungi","floor":28,"turns":8},{"damage":10,"enemies":"Snecko","floor":31,"turns":8},{"damage":37,"enemies":"Champ","floor":33,"turns":15},{"damage":3,"enemies":"3 Darklings","floor":35,"turns":14},{"damage":3,"enemies":"3 Shapes","floor":38,"turns":8},{"damage":11,"enemies":"Sphere and 2 Shapes","floor":39,"turns":9},{"damage":1,"enemies":"Maw","floor":42,"turns":7},{"damage":12,"enemies":"Jaw Worm Horde","floor":44,"turns":7},{"damage":0,"enemies":"Spire Growth","floor":45,"turns":7},{"damage":11,"enemies":"4 Shapes","floor":46,"turns":12},{"damage":2,"enemies":"Sphere and 2 Shapes","floor":47,"turns":7},{"damage":31,"enemies":"2 Orb Walkers","floor":48,"turns":7},{"damage":31,"enemies":"Time Eater","floor":50,"turns":4}],"seed_played":"-2478116790833577509","potions_obtained":[{"floor":4,"key":"SteroidPotion"},{"floor":10,"key":"Weak Potion"},{"floor":11,"key":"SpeedPotion"},{"floor":16,"key":"SteroidPotion"},{"floor":18,"key":"AttackPotion"},{"floor":21,"key":"FearPotion"},{"floor":28,"key":"EssenceOfSteel"},{"floor":33,"key":"FearPotion"},{"floor":39,"key":"GamblersBrew"},{"floor":42,"key":"Weak Potion"},{"floor":44,"key":"Dexterity Potion"},{"floor":47,"key":"SkillPotion"},{"floor":48,"key":"Ancient Potion"}],"is_trial":false,"path_per_floor":["M","M","M","M","?","R","M","R","T","?","M","$","?","M","R","B",null,"M","?","?","M","M","E","T","M","T","?","M","R","$","M","R","B",null,"M","?","$","M","M","R","?","M","T","M","M","M","M","?","R","B"],"character_chosen":"IRONCLAD","items_purchased":["Centennial Puzzle","Art of War","Ancient Tea Set","Membership Card"],"campfire_rested":0,"item_purchase_floors":[12,12,30,37],"current_hp_per_floor":[77,80,79,72,56,56,62,62,62,59,56,56,61,54,54,21,69,52,42,52,41,47,50,50,46,46,36,36,36,36,35,35,36,36,36,31,31,36,36,36,36,36,36,36,36,36,36,23,23,0],"gold":266,"neow_bonus":"HUNDRED_GOLD","is_prod":false,"is_daily":false,"chose_seed":false,"campfire_upgraded":7,"win_rate":0,"timestamp":1543545007,"path_taken":["M","M","M","?","?","R","M","R","T","?","M","$","?","M","R","BOSS","M","?","?","M","?","E","?","?","T","?","M","R","$","M","R","BOSS","M","?","$","M","M","R","?","M","T","M","M","?","M","?","R","BOSS"],"build_version":"2018-11-15","purchased_purges":0,"victory":false,"max_hp_per_floor":[80,80,80,80,80,80,80,80,80,80,80,80,85,85,85,85,85,85,42,52,52,52,52,52,52,52,36,36,36,36,36,36,36,36,36,36,36,36,36,36,36,36,36,36,36,36,36,36,36,36],"card_choices":[{"not_picked":["Havoc","Heavy Blade"],"picked":"Spot Weakness","floor":1},{"not_picked":["True Grit","Burning Pact","Flex"],"picked":"SKIP","floor":2},{"not_picked":["Fire Breathing","Cleave"],"picked":"Rage","floor":3},{"not_picked":["Reckless Charge","Havoc","Searing Blow"],"picked":"SKIP","floor":4},{"not_picked":["Wild Strike","Sever Soul"],"picked":"Iron Wave","floor":7},{"not_picked":["Anger","Pommel Strike","True Grit"],"picked":"SKIP","floor":11},{"not_picked":["Fire Breathing","Bludgeon"],"picked":"Armaments","floor":14},{"not_picked":["Bludgeon","Dark Embrace"],"picked":"Double Tap","floor":16},{"not_picked":["Clothesline","Perfected Strike"],"picked":"Battle Trance","floor":18},{"not_picked":["Fire Breathing","Bloodletting+1"],"picked":"Shockwave","floor":21},{"not_picked":["Heavy Blade+1","Iron Wave+1"],"picked":"Disarm+1","floor":22},{"not_picked":["Cleave","Disarm"],"picked":"Seeing Red+1","floor":23},{"not_picked":["Pummel","Sword Boomerang","Sever Soul+1"],"picked":"SKIP","floor":25},{"not_picked":["Warcry","Power Through"],"picked":"Body Slam","floor":28},{"not_picked":["Heavy Blade","Armaments","Reckless Charge"],"picked":"SKIP","floor":31},{"not_picked":["Clash+1","Warcry+1","Havoc+1"],"picked":"SKIP","floor":35},{"not_picked":["Bloodletting","Reckless Charge+1"],"picked":"Ghostly Armor+1","floor":38},{"not_picked":["Sword Boomerang","Blood for Blood","Clash"],"picked":"SKIP","floor":39},{"not_picked":["Burning Pact","Thunderclap","Flex"],"picked":"SKIP","floor":42},{"not_picked":["Headbutt","Thunderclap","Anger"],"picked":"SKIP","floor":44},{"not_picked":["Cleave","Wild Strike+1","Twin Strike"],"picked":"SKIP","floor":45},{"not_picked":["Pummel","Intimidate+1","Immolate"],"picked":"SKIP","floor":46},{"not_picked":["Rage+1","Combust","Perfected Strike"],"picked":"SKIP","floor":47},{"not_picked":["Inflame","Wild Strike"],"picked":"Flame Barrier","floor":48}],"player_experience":538777,"relics_obtained":[{"floor":9,"key":"Ginger"},{"floor":10,"key":"Odd Mushroom"},{"floor":23,"key":"Calipers"},{"floor":24,"key":"Ornamental Fan"},{"floor":26,"key":"Bag of Marbles"},{"floor":43,"key":"MawBank"},{"floor":48,"key":"Prayer Wheel"}],"event_choices":[{"damage_healed":0,"gold_gain":0,"player_choice":"Entered Light","damage_taken":16,"max_hp_gain":0,"max_hp_loss":0,"event_name":"Shining Light","floor":5,"gold_loss":0,"cards_upgraded":["Strike_R","Defend_R"]},{"damage_healed":0,"gold_gain":0,"player_choice":"Fought Mushrooms","damage_taken":0,"max_hp_gain":0,"max_hp_loss":0,"event_name":"Mushrooms","floor":10,"gold_loss":0},{"damage_healed":0,"gold_gain":0,"player_choice":"Donut","damage_taken":0,"max_hp_gain":5,"max_hp_loss":0,"event_name":"Big Fish","floor":13,"gold_loss":0},{"damage_healed":0,"gold_gain":0,"player_choice":"Became a Ghost","damage_taken":0,"max_hp_gain":0,"max_hp_loss":43,"event_name":"Ghosts","floor":19,"gold_loss":0,"cards_obtained":["Ghostly","Ghostly","Ghostly","Ghostly","Ghostly"]},{"cards_removed":["Double Tap"],"damage_healed":0,"gold_gain":0,"player_choice":"Offered Rare","damage_taken":0,"max_hp_gain":10,"max_hp_loss":0,"event_name":"Bonfire Elementals","floor":20,"gold_loss":0},{"damage_healed":0,"gold_gain":0,"player_choice":"Became a vampire","damage_taken":0,"max_hp_gain":0,"max_hp_loss":16,"event_name":"Vampires","floor":27,"gold_loss":0,"cards_obtained":["Bite","Bite","Bite","Bite","Bite"]},{"damage_healed":0,"gold_gain":0,"player_choice":"Embrace Madness","damage_taken":5,"max_hp_gain":0,"max_hp_loss":0,"event_name":"Winding Halls","floor":36,"gold_loss":0,"cards_obtained":["Madness","Madness"]},{"damage_healed":0,"gold_gain":0,"player_choice":"Trade","damage_taken":0,"relics_obtained":["CultistMask"],"max_hp_gain":0,"max_hp_loss":0,"event_name":"FaceTrader","floor":41,"gold_loss":0},{"damage_healed":0,"gold_gain":0,"player_choice":"Fight","damage_taken":0,"max_hp_gain":0,"max_hp_loss":0,"event_name":"Mysterious Sphere","floor":48,"gold_loss":0}],"is_beta":true,"boss_relics":[{"not_picked":["Mark of Pain","Black Blood"],"picked":"Runic Cube"},{"not_picked":["Sozu","Empty Cage"],"picked":"Cursed Key"}],"items_purged_floors":[],"is_endless":false,"potions_floor_spawned":[4,10,11,16,18,21,28,33,39,42,44,47,48],"killed_by":"Time Eater","ascension_level":6}