{"gold_per_floor":[113,130,141,153,103,103,121,148,172,172,172,189,206,206,206,335,335,351,291,291,363,57,57,81,81,127,150,173,196,229,249,249,379,379,398,398,413,117,117,117,151,151],"floor_reached":42,"playtime":2739,"items_purged":["Injury"],"score":500,"play_id":"919ab183-6db8-45ca-824b-bc5c1c677e07","local_time":"20181215065906","is_ascension_mode":false,"campfire_choices":[{"data":"Loop","floor":11,"key":"SMITH"},{"data":"Thunder Strike","floor":15,"key":"SMITH"},{"data":"Double Energy","floor":23,"key":"SMITH"},{"floor":32,"key":"REST"},{"data":"Thunder Strike","floor":40,"key":"SMITH"}],"neow_cost":"CURSE","seed_source_timestamp":266013685176503,"circlet_count":0,"master_deck":["Zap","Dualcast","Scrape","Loop+1","Cold Snap","Leap","Double Energy+1","Thunder Strike+1","Go for the Eyes","Core Surge+1","Echo Form","Aggregate","Chaos","Fission","Consume","Meteor Strike","Thunder Strike+1","Meteor Strike+1","Recycle+1","Tempest","Glacier","Defragment","Hologram","Ball Lightning+1","Redo+1","Conserve Battery+1","Reboot","FTL","Double Energy","Hologram+1","Glacier","Cold Snap","BootSequence","Madness","Madness","Redo+1","Storm","Seek","Capacitor+1"],"relics":["Cracked Core","Cables","Smiling Mask","Golden Idol","Pandora\u0027s Box","Pear","Pen Nib","Bag of Preparation","Bronze Scales","Orrery","Happy Flower","Whetstone"],"potions_floor_usage":[8,13,13,19,24,33,33,41],"damage_taken":[{"damage":7,"enemies":"Small Slimes","floor":1,"turns":4},{"damage":9,"enemies":"2 Louse","floor":2,"turns":3},{"damage":3,"enemies":"Cultist","floor":3,"turns":3},{"damage":10,"enemies":"2 Fungi Beasts","floor":4,"turns":4},{"damage":1,"enemies":"Exordium Wildlife","floor":7,"turns":3},{"damage":24,"enemies":"Gremlin Nob","floor":8,"turns":4},{"damage":5,"enemies":"Looter","floor":12,"turns":3},{"damage":0,"enemies":"Exordium Thugs","floor":13,"turns":2},{"damage":10,"enemies":"Hexaghost","floor":16,"turns":11},{"damage":25,"enemies":"Shell Parasite","floor":18,"turns":4},{"damage":13,"enemies":"2 Thieves","floor":19,"turns":4},{"damage":31,"enemies":"Centurion and Healer","floor":24,"turns":5},{"damage":0,"enemies":"Snecko","floor":27,"turns":2},{"damage":10,"enemies":"Cultist and Chosen","floor":28,"turns":2},{"damage":48,"enemies":"3 Cultists","floor":29,"turns":5},{"damage":13,"enemies":"Book of Stabbing","floor":30,"turns":5},{"damage":15,"enemies":"Snecko","floor":31,"turns":3},{"damage":37,"enemies":"Collector","floor":33,"turns":8},{"damage":0,"enemies":"3 Shapes","floor":35,"turns":3},{"damage":11,"enemies":"3 Darklings","floor":37,"turns":3},{"damage":64,"enemies":"Reptomancer","floor":41,"turns":5},{"damage":42,"enemies":"Spire Growth","floor":42,"turns":5}],"seed_played":"7976283776917383678","potions_obtained":[{"floor":1,"key":"AttackPotion"},{"floor":3,"key":"SteroidPotion"},{"floor":8,"key":"Fire Potion"},{"floor":13,"key":"GamblersBrew"},{"floor":16,"key":"Swift Potion"},{"floor":24,"key":"SpeedPotion"},{"floor":29,"key":"Swift Potion"},{"floor":30,"key":"FairyPotion"},{"floor":33,"key":"AttackPotion"},{"floor":41,"key":"SteroidPotion"}],"is_trial":false,"path_per_floor":["M","M","M","M","?","?","M","E","T","?","R","M","M","?","R","B",null,"M","M","?","T","$","R","M","?","T","M","M","M","E","M","R","B",null,"M","?","M","$","?","R","E","M"],"character_chosen":"DEFECT","items_purchased":["Pen Nib","Defragment","Hologram","Storm","Seek","Happy Flower"],"campfire_rested":1,"item_purchase_floors":[22,22,22,38,38,38],"current_hp_per_floor":[82,73,70,60,60,42,41,17,17,17,17,12,12,12,12,2,89,64,51,51,61,61,61,30,99,99,99,89,41,28,13,42,5,99,99,87,76,76,76,76,12,0],"gold":151,"neow_bonus":"TWENTY_PERCENT_HP_BONUS","is_prod":false,"is_daily":false,"chose_seed":false,"campfire_upgraded":4,"win_rate":0,"timestamp":1544875146,"path_taken":["M","M","M","M","?","?","M","E","T","?","R","M","?","?","R","BOSS","M","M","?","?","$","R","M","?","T","M","M","?","E","M","R","BOSS","M","?","M","$","?","R","E","M"],"build_version":"2018-12-13","purchased_purges":1,"victory":false,"max_hp_per_floor":[89,89,89,89,89,89,89,89,89,89,89,89,89,89,89,89,89,89,89,89,99,99,99,99,99,99,99,99,99,99,99,99,99,99,99,99,99,99,99,99,99,99],"card_choices":[{"not_picked":["Turbo","Streamline"],"picked":"Scrape","floor":1},{"not_picked":["Steam","Streamline"],"picked":"Loop","floor":2},{"not_picked":["Hologram","Tempest"],"picked":"Cold Snap","floor":3},{"not_picked":["Barrage","Streamline"],"picked":"Leap","floor":4},{"not_picked":["Barrage","Lockon"],"picked":"Double Energy","floor":7},{"not_picked":["Beam Cell","Redo"],"picked":"Thunder Strike","floor":8},{"not_picked":["Lockon","Darkness"],"picked":"Go for the Eyes","floor":12},{"not_picked":["Redo","Hologram"],"picked":"Core Surge","floor":13},{"not_picked":["Meteor Strike","Electrodynamics"],"picked":"Echo Form","floor":16},{"not_picked":["Streamline","Barrage"],"picked":"Recycle+1","floor":18},{"not_picked":["Beam Cell+1","Sweeping Beam"],"picked":"Tempest","floor":19},{"not_picked":["Coolheaded","Chill"],"picked":"Ball Lightning+1","floor":24},{"not_picked":["Glacier","Streamline"],"picked":"Redo+1","floor":27},{"not_picked":["Scrape","Melter","Rebound"],"picked":"SKIP","floor":28},{"not_picked":["Loop","Cold Snap"],"picked":"Conserve Battery+1","floor":29},{"not_picked":["Blizzard","Melter+1","Steam"],"picked":"SKIP","floor":30},{"not_picked":["Steam","Steam Power","Compile Driver"],"picked":"SKIP","floor":31},{"not_picked":["Amplify","Hyperbeam"],"picked":"Reboot","floor":33},{"not_picked":["Streamline+1","Skim"],"picked":"FTL","floor":34},{"not_picked":["Fusion+1","Hello World"],"picked":"Double Energy","floor":34},{"not_picked":["Rebound","Barrage"],"picked":"Hologram+1","floor":34},{"not_picked":["Leap+1","Melter"],"picked":"Glacier","floor":34},{"not_picked":["Rebound","Skim"],"picked":"Cold Snap","floor":34},{"not_picked":["Genetic Algorithm+1","Loop"],"picked":"BootSequence","floor":35},{"not_picked":["Ball Lightning","Doom and Gloom"],"picked":"Redo+1","floor":37},{"not_picked":["Go for the Eyes+1","Blizzard"],"picked":"Capacitor+1","floor":41}],"player_experience":664558,"relics_obtained":[{"floor":8,"key":"Cables"},{"floor":9,"key":"Smiling Mask"},{"floor":21,"key":"Pear"},{"floor":26,"key":"Bag of Preparation"},{"floor":30,"key":"Bronze Scales"},{"floor":41,"key":"Whetstone"}],"event_choices":[{"cards_removed":["Regret"],"damage_healed":0,"gold_gain":0,"player_choice":"Card Removal","damage_taken":0,"max_hp_gain":0,"max_hp_loss":0,"event_name":"The Cleric","floor":5,"gold_loss":50},{"damage_healed":0,"gold_gain":0,"player_choice":"Entered Light","damage_taken":18,"max_hp_gain":0,"max_hp_loss":0,"event_name":"Shining Light","floor":6,"gold_loss":0,"cards_upgraded":["Strike_B","Strike_B"]},{"cards_removed":["Strike_B"],"damage_healed":0,"gold_gain":0,"player_choice":"Purged","damage_taken":0,"max_hp_gain":0,"max_hp_loss":0,"event_name":"Purifier","floor":10,"gold_loss":0},{"damage_healed":0,"gold_gain":0,"player_choice":"Take Wound","damage_taken":0,"relics_obtained":["Golden Idol"],"max_hp_gain":0,"max_hp_loss":0,"event_name":"Golden Idol","floor":14,"gold_loss":0,"cards_obtained":["Injury"]},{"damage_healed":0,"gold_gain":0,"player_choice":"Read","damage_taken":0,"max_hp_gain":0,"max_hp_loss":0,"event_name":"The Library","floor":20,"gold_loss":0,"cards_obtained":["Glacier"]},{"damage_healed":69,"gold_gain":0,"player_choice":"Full Heal","damage_taken":0,"max_hp_gain":0,"max_hp_loss":0,"event_name":"Wheel of Change","floor":25,"gold_loss":0},{"damage_healed":0,"gold_gain":0,"player_choice":"Embrace Madness","damage_taken":12,"max_hp_gain":0,"max_hp_loss":0,"event_name":"Winding Halls","floor":36,"gold_loss":0,"cards_obtained":["Madness","Madness"]},{"damage_healed":0,"gold_gain":0,"player_choice":"Ignored","damage_taken":0,"max_hp_gain":0,"max_hp_loss":0,"event_name":"Mysterious Sphere","floor":39,"gold_loss":0}],"is_beta":true,"boss_relics":[{"not_picked":["Ectoplasm","Velvet Choker"],"picked":"Pandora\u0027s Box"},{"not_picked":["Philosopher\u0027s Stone","Calling Bell"],"picked":"Orrery"}],"items_purged_floors":[22],"is_endless":false,"potions_floor_spawned":[1,3,8,13,16,24,29,30,33,41],"killed_by":"Spire Growth","ascension_level":0}