{"gold_per_floor":[14,33,33,45,220,250,250,279,279,279,292,260,294,294,294,294],"floor_reached":16,"playtime":853,"items_purged":[],"score":130,"play_id":"c412fb05-0040-45fe-ae2e-1eccae7e1008","local_time":"20190528190538","is_ascension_mode":true,"campfire_choices":[{"data":"Searing Blow","floor":7,"key":"SMITH"},{"data":"Searing Blow+1","floor":10,"key":"SMITH"},{"floor":15,"key":"REST"}],"neow_cost":"NO_GOLD","seed_source_timestamp":4475042102912,"circlet_count":0,"master_deck":["Strike_R","Strike_R","Defend_R","Defend_R","Defend_R","Defend_R","Bash","Metallicize","Twin Strike","Intimidate","Dual Wield","Searing Blow+2","Inflame","Doubt","Clash","Bloodletting","Clothesline","Shrug It Off"],"relics":["Burning Blood","Bottled Flame","Smiling Mask","Bag of Preparation"],"potions_floor_usage":[13,13,13,16],"damage_taken":[{"damage":0,"enemies":"Small Slimes","floor":1,"turns":5},{"damage":1,"enemies":"Cultist","floor":2,"turns":5},{"damage":7,"enemies":"Jaw Worm","floor":4,"turns":4},{"damage":30,"enemies":"Gremlin Nob","floor":6,"turns":5},{"damage":33,"enemies":"Lagavulin","floor":8,"turns":8},{"damage":9,"enemies":"Looter","floor":11,"turns":3},{"damage":19,"enemies":"3 Sentries","floor":13,"turns":10},{"damage":36,"enemies":"Hexaghost","floor":16,"turns":11}],"seed_played":"2327527036712448709","potions_obtained":[{"floor":2,"key":"Swift Potion"},{"floor":6,"key":"SpeedPotion"},{"floor":8,"key":"Dexterity Potion"},{"floor":13,"key":"Strength Potion"}],"is_trial":false,"path_per_floor":["M","M","?","M","?","E","R","E","T","R","M","?","E","?","R","B"],"character_chosen":"IRONCLAD","items_purchased":[],"campfire_rested":1,"item_purchase_floors":[],"current_hp_per_floor":[80,80,80,79,79,55,55,28,28,28,25,25,12,12,36,0],"gold":294,"neow_bonus":"TRANSFORM_TWO_CARDS","is_prod":false,"is_daily":false,"chose_seed":false,"campfire_upgraded":2,"win_rate":0,"timestamp":1559084738,"path_taken":["M","M","?","?","?","E","R","E","T","R","M","?","E","?","R","BOSS"],"build_version":"2019-01-23","purchased_purges":0,"victory":false,"max_hp_per_floor":[80,80,80,80,80,80,80,80,80,80,80,80,80,80,80,80],"card_choices":[{"not_picked":["Headbutt","Perfected Strike"],"picked":"Intimidate","floor":1},{"not_picked":["Hemokinesis","Reckless Charge"],"picked":"Dual Wield","floor":2},{"not_picked":["Feel No Pain","Clash"],"picked":"Inflame","floor":4},{"not_picked":["Battle Trance","Headbutt"],"picked":"Clash","floor":6},{"not_picked":["Brutality","Pommel Strike"],"picked":"Bloodletting","floor":8},{"not_picked":["Searing Blow","Infernal Blade"],"picked":"Clothesline","floor":11},{"not_picked":["True Grit","Pommel Strike"],"picked":"Shrug It Off","floor":13}],"player_experience":398017,"relics_obtained":[{"floor":6,"key":"Bottled Flame"},{"floor":8,"key":"Smiling Mask"},{"floor":13,"key":"Bag of Preparation"}],"event_choices":[{"damage_healed":0,"gold_gain":0,"cards_transformed":["Strike_R"],"player_choice":"Transformed","damage_taken":0,"max_hp_gain":0,"max_hp_loss":0,"event_name":"Transmorgrifier","floor":3,"gold_loss":0,"cards_obtained":["Searing Blow"]},{"damage_healed":0,"gold_gain":175,"player_choice":"AGREE","damage_taken":0,"max_hp_gain":0,"max_hp_loss":0,"event_name":"Liars Game","floor":5,"gold_loss":0,"cards_obtained":["Doubt"]},{"damage_healed":0,"gold_gain":0,"player_choice":"Left Gold","damage_taken":0,"max_hp_gain":0,"max_hp_loss":0,"event_name":"World of Goop","floor":12,"gold_loss":32},{"damage_healed":0,"gold_gain":0,"player_choice":"Searched \u00270\u0027 times","damage_taken":0,"max_hp_gain":0,"max_hp_loss":0,"event_name":"Dead Adventurer","floor":14,"gold_loss":0}],"is_beta":false,"boss_relics":[],"items_purged_floors":[],"is_endless":false,"potions_floor_spawned":[2,6,8,13],"killed_by":"Hexaghost","ascension_level":2}