{"gold_per_floor":[109,127,402,38,58,92,92,109,109,119,139,171,188,188,188,259,259,279,279,291,35,50,50,63,63,63,95,120,135,45,76,76,154,154,170,170,170,187,187,187,206,241,292,306,318,65,65],"floor_reached":47,"playtime":1551,"items_purged":["Regret","Strike_R"],"score":964,"play_id":"7c545680-0d63-425d-83d6-95581a3a5805","local_time":"20190716210532","is_ascension_mode":true,"campfire_choices":[{"data":"Whirlwind","floor":7.0,"key":"SMITH"},{"data":"Whirlwind","floor":15.0,"key":"SMITH"},{"data":"Offering","floor":23.0,"key":"SMITH"},{"data":"Thunderclap","floor":25.0,"key":"SMITH"},{"data":"Inflame","floor":32.0,"key":"SMITH"},{"data":"Exhume","floor":40.0,"key":"SMITH"}],"neow_cost":"NONE","seed_source_timestamp":0,"circlet_count":0,"master_deck":["AscendersBane","Strike_R","Strike_R+1","Strike_R","Defend_R","Defend_R","Defend_R+1","Defend_R","Bash","Headbutt","Whirlwind+1","Battle Trance+1","Whirlwind+1","Whirlwind+1","Offering+1","Feed","Thunderclap+1","Anger+1","Disarm+1","Inflame+1","Intimidate","Exhume+1","Clash+1","True Grit+1","Dual Wield+1","Parasite","Power Through"],"special_seed":0,"relics":["Burning Blood","NeowsBlessing","Chemical X","Matryoshka","Regal Pillow","Letter Opener","Self Forming Clay","Velvet Choker","War Paint","Potion Belt","Lantern","Question Card","Bronze Scales","Anchor","Shuriken","Runic Pyramid","Pen Nib","Ancient Tea Set","Gremlin Horn"],"potions_floor_usage":[47],"damage_taken":[{"damage":0.0,"enemies":"Small Slimes","floor":1.0,"turns":1.0},{"damage":0.0,"enemies":"Cultist","floor":2.0,"turns":1.0},{"damage":0.0,"enemies":"Jaw Worm","floor":5.0,"turns":1.0},{"damage":15.0,"enemies":"3 Sentries","floor":6.0,"turns":3.0},{"damage":14.0,"enemies":"Exordium Thugs","floor":8.0,"turns":2.0},{"damage":0.0,"enemies":"2 Fungi Beasts","floor":10.0,"turns":1.0},{"damage":0.0,"enemies":"3 Louse","floor":11.0,"turns":1.0},{"damage":16.0,"enemies":"Gremlin Nob","floor":12.0,"turns":3.0},{"damage":15.0,"enemies":"Red Slaver","floor":13.0,"turns":3.0},{"damage":6.0,"enemies":"Slime Boss","floor":16.0,"turns":3.0},{"damage":0.0,"enemies":"3 Byrds","floor":18.0,"turns":2.0},{"damage":0.0,"enemies":"Spheric Guardian","floor":20.0,"turns":2.0},{"damage":6.0,"enemies":"Cultist and Chosen","floor":22.0,"turns":3.0},{"damage":0.0,"enemies":"3 Cultists","floor":24.0,"turns":1.0},{"damage":8.0,"enemies":"Book of Stabbing","floor":27.0,"turns":3.0},{"damage":6.0,"enemies":"Snecko","floor":29.0,"turns":3.0},{"damage":6.0,"enemies":"Gremlin Leader","floor":31.0,"turns":3.0},{"damage":15.0,"enemies":"Automaton","floor":33.0,"turns":4.0},{"damage":6.0,"enemies":"Orb Walker","floor":35.0,"turns":1.0},{"damage":36.0,"enemies":"3 Shapes","floor":38.0,"turns":2.0},{"damage":10.0,"enemies":"Sphere and 2 Shapes","floor":41.0,"turns":2.0},{"damage":14.0,"enemies":"Nemesis","floor":42.0,"turns":3.0},{"damage":3.0,"enemies":"Writhing Mass","floor":44.0,"turns":3.0},{"damage":19.0,"enemies":"3 Darklings","floor":45.0,"turns":4.0},{"damage":57,"enemies":"Transient","floor":47,"turns":4}],"seed_played":"2520864294341242406","potions_obtained":[{"floor":1.0,"key":"Swift Potion"},{"floor":6.0,"key":"Poison Potion"},{"floor":8.0,"key":"SteroidPotion"},{"floor":13.0,"key":"Block Potion"},{"floor":16.0,"key":"Ancient Potion"},{"floor":22.0,"key":"SpeedPotion"},{"floor":24.0,"key":"Energy Potion"},{"floor":27.0,"key":"Ancient Potion"},{"floor":38.0,"key":"BloodPotion"},{"floor":44.0,"key":"FearPotion"}],"is_trial":false,"path_per_floor":["M","M","?","$","M","E","R","M","T","M","M","E","M","?","R","B",null,"M","?","M","$","M","R","M","R","T","E","T","M","?","E","R","B",null,"M","?","?","M","?","R","M","E","T","M","M","$","M"],"character_chosen":"IRONCLAD","items_purchased":["Chemical X","Carnage","Fire Potion","Potion Belt","Gremlin Horn"],"campfire_rested":0,"item_purchase_floors":[4,4,4,21,46],"current_hp_per_floor":[78,80,80,80,80,71,71,63,63,69,75,65,56,56,56,56,74,83,83,83,83,83,83,83,83,83,81,81,81,81,81,81,72,80,80,80,80,50,50,50,46,38,38,41,28,28,0],"gold":65,"neow_bonus":"THREE_ENEMY_KILL","is_prod":false,"is_daily":false,"chose_seed":false,"campfire_upgraded":6,"win_rate":0,"timestamp":1563325532,"path_taken":["M","M","?","$","M","E","R","M","T","M","?","E","M","?","R","BOSS","M","?","M","$","M","R","M","R","T","E","?","M","?","E","R","BOSS","M","?","?","M","?","R","M","E","T","M","M","$","M"],"build_version":"2019-07-05","purchased_purges":2,"victory":false,"max_hp_per_floor":[80,80,80,80,80,80,80,80,80,80,80,80,80,80,80,80,80,83,83,83,83,83,83,83,83,83,83,83,83,83,83,83,83,83,83,83,83,83,83,83,83,83,83,83,83,83,83],"card_choices":[{"not_picked":["Second Wind","Headbutt","Warcry"],"picked":"SKIP","floor":1.0},{"not_picked":["Second Wind","Warcry"],"picked":"Headbutt","floor":1.0},{"not_picked":["Armaments","True Grit"],"picked":"Whirlwind","floor":2.0},{"not_picked":["Iron Wave","True Grit"],"picked":"Battle Trance","floor":5.0},{"not_picked":["Second Wind","Havoc","Reckless Charge"],"picked":"SKIP","floor":6.0},{"not_picked":["Wild Strike","Body Slam","Sword Boomerang"],"picked":"SKIP","floor":8.0},{"not_picked":["Shrug It Off","True Grit"],"picked":"Whirlwind","floor":10.0},{"not_picked":["Ghostly Armor","Wild Strike"],"picked":"Whirlwind","floor":11.0},{"not_picked":["Headbutt","Havoc"],"picked":"Offering","floor":12.0},{"not_picked":["Infernal Blade","Cleave","Clash"],"picked":"SKIP","floor":13.0},{"not_picked":["Offering","Immolate"],"picked":"Feed","floor":16.0},{"not_picked":["Body Slam","Ghostly Armor"],"picked":"Thunderclap","floor":18.0},{"not_picked":["Twin Strike","Flame Barrier"],"picked":"Anger+1","floor":20.0},{"not_picked":["Body Slam+1","Heavy Blade"],"picked":"Disarm+1","floor":22.0},{"not_picked":["Iron Wave","Armaments","Cleave"],"picked":"SKIP","floor":24.0},{"not_picked":["Juggernaut","Armaments","Iron Wave","Wild Strike"],"picked":"SKIP","floor":27.0},{"not_picked":["Pommel Strike","Seeing Red","Armaments"],"picked":"Inflame","floor":29.0},{"not_picked":["Searing Blow","Infernal Blade","Battle Trance"],"picked":"Intimidate","floor":31.0},{"not_picked":["Bludgeon","Feed","Fiend Fire"],"picked":"Exhume","floor":33.0},{"not_picked":["Iron Wave","Infernal Blade","Armaments","Carnage"],"picked":"SKIP","floor":35.0},{"not_picked":["Combust","Rampage","Iron Wave"],"picked":"Clash+1","floor":38.0},{"not_picked":["Cleave","Warcry+1","Clash"],"picked":"True Grit+1","floor":41.0},{"not_picked":["Armaments","Feel No Pain+1","Exhume"],"picked":"Dual Wield+1","floor":42.0},{"not_picked":["Fire Breathing","Warcry+1","Havoc+1","Armaments"],"picked":"SKIP","floor":44.0},{"not_picked":["Iron Wave","Perfected Strike+1","Clash"],"picked":"Power Through","floor":45.0}],"player_experience":649844,"relics_obtained":[{"floor":6.0,"key":"Matryoshka"},{"floor":9.0,"key":"Regal Pillow"},{"floor":9.0,"key":"Letter Opener"},{"floor":12.0,"key":"Self Forming Clay"},{"floor":26.0,"key":"Lantern"},{"floor":26.0,"key":"Question Card"},{"floor":27.0,"key":"Bronze Scales"},{"floor":28.0,"key":"Anchor"},{"floor":31.0,"key":"Shuriken"},{"floor":42.0,"key":"Pen Nib"},{"floor":43.0,"key":"Ancient Tea Set"}],"event_choices":[{"damage_healed":0.0,"max_hp_gain":0.0,"max_hp_loss":0.0,"gold_gain":275.0,"event_name":"Golden Shrine","player_choice":"Desecrate","floor":3.0,"gold_loss":0.0,"damage_taken":0.0,"cards_obtained":["Regret"]},{"damage_healed":0.0,"max_hp_gain":0.0,"max_hp_loss":0.0,"gold_gain":0.0,"event_name":"Living Wall","player_choice":"Grow","floor":14.0,"gold_loss":0.0,"damage_taken":0.0,"cards_upgraded":["Whirlwind"]},{"damage_healed":0.0,"max_hp_gain":0.0,"max_hp_loss":0.0,"gold_gain":0.0,"event_name":"The Mausoleum","player_choice":"Opened","floor":19.0,"gold_loss":0.0,"damage_taken":0.0,"relics_obtained":["War Paint"]},{"cards_removed":["Strike_R"],"damage_healed":0.0,"max_hp_gain":0.0,"max_hp_loss":0.0,"gold_gain":0.0,"event_name":"Designer","player_choice":"Upgrade and Remove","floor":30.0,"gold_loss":90.0,"damage_taken":0.0,"cards_upgraded":["Strike_R"]},{"cards_removed":["Carnage"],"damage_healed":0.0,"max_hp_gain":0.0,"max_hp_loss":0.0,"gold_gain":0.0,"event_name":"Falling","player_choice":"Removed Attack","floor":36.0,"gold_loss":0.0,"damage_taken":0.0},{"damage_healed":0.0,"max_hp_gain":0.0,"max_hp_loss":0.0,"gold_gain":0.0,"event_name":"Tomb of Lord Red Mask","player_choice":"Ignored","floor":37.0,"gold_loss":0.0,"damage_taken":0.0},{"damage_healed":0.0,"max_hp_gain":0.0,"max_hp_loss":0.0,"gold_gain":0.0,"event_name":"The Woman in Blue","player_choice":"Bought 0 Potions","floor":39.0,"gold_loss":0.0,"damage_taken":0.0}],"is_beta":false,"boss_relics":[{"not_picked":["Ectoplasm","Coffee Dripper"],"picked":"Velvet Choker"},{"not_picked":["Runic Cube","Runic Dome"],"picked":"Runic Pyramid"}],"items_purged_floors":[4,21],"is_endless":false,"potions_floor_spawned":[1,6,8,13,16,22,24,27,29,38,41,44],"killed_by":"Transient","ascension_level":13}