{"gold_per_floor":[117,136,147,147,158,178,178,190,215,390,402,477,49,61,61,157,207,220,233,148,148,4,16,46,58,70,82,94,121,153,180,192,301,313,342,370,382,405,431,462,474,486,522,534,546,558],"floor_reached":46,"playtime":3532,"items_purged":["Doubt"],"score":468,"play_id":"21c0a1f8-f6eb-4fa6-980c-16faf4175aa8","local_time":"20181106032923","is_ascension_mode":false,"campfire_choices":[{"data":"Armaments","floor":15.0,"key":"SMITH"},{"data":"Pommel Strike","floor":23.0,"key":"SMITH"},{"data":"Demon Form","floor":25.0,"key":"SMITH"},{"data":"Armaments","floor":27.0,"key":"SMITH"},{"floor":32.0,"key":"REST"},{"floor":41.0,"key":"REST"},{"data":"Battle Trance","floor":45.0,"key":"SMITH"}],"neow_cost":"TEN_PERCENT_HP_LOSS","seed_source_timestamp":0,"circlet_count":0,"master_deck":["Strike_R","Strike_R","Strike_R","Defend_R","Defend_R","Defend_R+1","Defend_R","Bash","Iron Wave","Armaments+1","Offering","Anger","Whirlwind","Thunderclap","Clothesline","Heavy Blade","Armaments+1","Demon Form+1","Searing Blow","Pommel Strike+1","Battle Trance+1","Heavy Blade+1","Fire Breathing+1","Flex","Feed","Armaments+1","Inflame+1","Heavy Blade+1","Spot Weakness","Disarm","Doubt","Madness","Madness"],"special_seed":0,"relics":["Burning Blood","Ginger","Ancient Tea Set","Chemical X","Oddly Smooth Stone","Tiny House","Pear","Vajra","MawBank","Unceasing Top","Nilry\u0027s Codex","Empty Cage","Potion Belt"],"potions_floor_usage":[],"damage_taken":[{"damage":10.0,"enemies":"Cultist","floor":1.0,"turns":4.0},{"damage":2.0,"enemies":"2 Louse","floor":2.0,"turns":3.0},{"damage":0.0,"enemies":"Small Slimes","floor":3.0,"turns":3.0},{"damage":6.0,"enemies":"2 Fungi Beasts","floor":5.0,"turns":3.0},{"damage":2.0,"enemies":"Blue Slaver","floor":6.0,"turns":4.0},{"damage":8.0,"enemies":"Red Slaver","floor":8.0,"turns":5.0},{"damage":23.0,"enemies":"Exordium Wildlife","floor":11.0,"turns":5.0},{"damage":6.0,"enemies":"3 Louse","floor":14.0,"turns":3.0},{"damage":17.0,"enemies":"The Guardian","floor":16.0,"turns":14.0},{"damage":0.0,"enemies":"3 Byrds","floor":18.0,"turns":5.0},{"damage":13.0,"enemies":"Chosen","floor":19.0,"turns":4.0},{"damage":0.0,"enemies":"Centurion and Healer","floor":24.0,"turns":8.0},{"damage":35.0,"enemies":"Shelled Parasite and Fungi","floor":29.0,"turns":5.0},{"damage":18.0,"enemies":"Snecko","floor":30.0,"turns":4.0},{"damage":17.0,"enemies":"Snake Plant","floor":31.0,"turns":3.0},{"damage":40.0,"enemies":"Collector","floor":33.0,"turns":10.0},{"damage":19.0,"enemies":"3 Darklings","floor":35.0,"turns":3.0},{"damage":7.0,"enemies":"3 Shapes","floor":36.0,"turns":6.0},{"damage":45.0,"enemies":"Spire Growth","floor":38.0,"turns":4.0},{"damage":18.0,"enemies":"Sphere and 2 Shapes","floor":39.0,"turns":4.0},{"damage":14.0,"enemies":"Transient","floor":40.0,"turns":5.0},{"damage":86,"enemies":"Maw","floor":46,"turns":9}],"seed_played":"2697541522210784500","potions_obtained":[{"floor":2.0,"key":"SpeedPotion"},{"floor":5.0,"key":"LiquidBronze"},{"floor":8.0,"key":"LiquidBronze"},{"floor":11.0,"key":"Dexterity Potion"},{"floor":17.0,"key":"Poison Potion"},{"floor":29.0,"key":"Block Potion"},{"floor":30.0,"key":"Energy Potion"},{"floor":39.0,"key":"SkillPotion"},{"floor":40.0,"key":"Weak Potion"}],"is_trial":false,"path_per_floor":["M","M","M","$","M","M","?","M","T","?","M","?","$","M","R","B",null,"M","M","?","?","$","R","M","R","T","R","?","M","M","M","R","B",null,"M","M","?","M","M","M","R","?","T","?","R","M"],"character_chosen":"IRONCLAD","items_purchased":["Chemical X","Oddly Smooth Stone","MawBank"],"campfire_rested":2,"item_purchase_floors":[13,13,22],"current_hp_per_floor":[68,72,72,72,72,72,72,70,70,70,53,42,42,42,42,31,77,77,70,80,80,80,80,86,86,86,86,70,41,29,18,44,10,87,74,73,73,34,22,14,40,87,87,76,76,0],"gold":558,"neow_bonus":"ONE_RARE_RELIC","is_prod":false,"is_daily":false,"chose_seed":false,"campfire_upgraded":5,"win_rate":0.0,"timestamp":1541492963,"path_taken":["M","?","?","$","M","M","?","?","T","?","M","?","?","M","R","BOSS","M","M","?","?","?","R","M","R","T","R","?","M","M","?","R","BOSS","M","?","?","M","?","M","R","?","T","?","R","M"],"build_version":"2018-11-02","purchased_purges":1,"victory":false,"max_hp_per_floor":[72,72,72,72,72,72,72,72,72,72,72,72,72,72,72,72,77,77,77,87,87,87,87,87,87,87,87,87,87,87,87,87,87,87,87,87,87,87,87,87,87,87,87,87,87,87],"card_choices":[{"not_picked":["Cleave","Combust"],"picked":"Iron Wave","floor":1.0},{"not_picked":["Warcry","Iron Wave"],"picked":"Armaments","floor":2.0},{"not_picked":["Headbutt","Pommel Strike"],"picked":"Offering","floor":3.0},{"not_picked":["Body Slam","Burning Pact"],"picked":"Anger","floor":5.0},{"not_picked":["Carnage","Seeing Red"],"picked":"Whirlwind","floor":6.0},{"not_picked":["Warcry","Twin Strike"],"picked":"Clothesline","floor":8.0},{"not_picked":["Power Through","Headbutt"],"picked":"Heavy Blade","floor":11.0},{"not_picked":["Dropkick","Sword Boomerang"],"picked":"Armaments","floor":14.0},{"not_picked":["Impervious","Barricade"],"picked":"Demon Form","floor":16.0},{"not_picked":["Rupture","Whirlwind"],"picked":"Searing Blow","floor":17.0},{"not_picked":["Clash","Body Slam"],"picked":"Pommel Strike","floor":18.0},{"not_picked":["Clash","Searing Blow"],"picked":"Battle Trance","floor":19.0},{"not_picked":["Thunderclap","Pommel Strike+1"],"picked":"Heavy Blade+1","floor":24.0},{"not_picked":["Body Slam","Shockwave+1"],"picked":"Fire Breathing+1","floor":29.0},{"not_picked":["Brutality","Perfected Strike"],"picked":"Flex","floor":30.0},{"not_picked":["Twin Strike","Bloodletting","Thunderclap+1"],"picked":"SKIP","floor":31.0},{"not_picked":["Impervious","Demon Form"],"picked":"Feed","floor":33.0},{"not_picked":["Body Slam+1","Sword Boomerang"],"picked":"Armaments+1","floor":35.0},{"not_picked":["Heavy Blade","Intimidate"],"picked":"Inflame+1","floor":36.0},{"not_picked":["Thunderclap","Iron Wave"],"picked":"Heavy Blade+1","floor":38.0},{"not_picked":["Warcry","Clash"],"picked":"Spot Weakness","floor":39.0},{"not_picked":["Flame Barrier","Second Wind+1"],"picked":"Disarm","floor":40.0}],"player_experience":135369,"relics_obtained":[{"floor":9.0,"key":"Ancient Tea Set"},{"floor":26.0,"key":"Unceasing Top"},{"floor":28.0,"key":"Nilry\u0027s Codex"},{"floor":43.0,"key":"Potion Belt"}],"event_choices":[{"damage_healed":0.0,"max_hp_gain":0.0,"max_hp_loss":0.0,"gold_gain":0.0,"cards_transformed":["Strike_R"],"event_name":"Transmorgrifier","player_choice":"Transformed","floor":7.0,"gold_loss":0.0,"damage_taken":0.0,"cards_obtained":["Thunderclap"]},{"damage_healed":0.0,"max_hp_gain":0.0,"max_hp_loss":0.0,"gold_gain":175.0,"event_name":"Liars Game","player_choice":"AGREE","floor":10.0,"gold_loss":0.0,"damage_taken":0.0,"cards_obtained":["Doubt"]},{"damage_healed":0.0,"max_hp_gain":0.0,"max_hp_loss":0.0,"gold_gain":75.0,"event_name":"World of Goop","player_choice":"Gather Gold","floor":12.0,"gold_loss":0.0,"damage_taken":11.0},{"damage_healed":0.0,"max_hp_gain":0.0,"max_hp_loss":0.0,"gold_gain":0.0,"event_name":"Addict","player_choice":"Obtained Relic","floor":20.0,"gold_loss":85.0,"damage_taken":0.0,"relics_obtained":["Pear"]},{"damage_healed":0.0,"max_hp_gain":0.0,"max_hp_loss":0.0,"gold_gain":0.0,"event_name":"The Mausoleum","player_choice":"Opened","floor":21.0,"gold_loss":0.0,"damage_taken":0.0,"relics_obtained":["Vajra"],"cards_obtained":["Writhe"]},{"damage_healed":0.0,"max_hp_gain":0.0,"max_hp_loss":0.0,"gold_gain":0.0,"event_name":"Cursed Tome","player_choice":"Obtained Book","floor":28.0,"gold_loss":0.0,"damage_taken":16.0},{"damage_healed":0.0,"max_hp_gain":0.0,"max_hp_loss":0.0,"gold_gain":0.0,"event_name":"NoteForYourself","player_choice":"Ignored","floor":37.0,"gold_loss":0.0,"damage_taken":0.0},{"damage_healed":47.0,"max_hp_gain":0.0,"max_hp_loss":0.0,"gold_gain":0.0,"event_name":"MindBloom","player_choice":"Heal","floor":42.0,"gold_loss":0.0,"damage_taken":0.0,"cards_obtained":["Doubt"]},{"damage_healed":0.0,"max_hp_gain":0.0,"max_hp_loss":0.0,"gold_gain":0.0,"event_name":"Winding Halls","player_choice":"Embrace Madness","floor":44.0,"gold_loss":0.0,"damage_taken":11.0,"cards_obtained":["Madness","Madness"]}],"is_beta":true,"boss_relics":[{"not_picked":["Lizard Tail","Runic Pyramid"],"picked":"Tiny House"},{"not_picked":["White Beast Statue","Philosopher\u0027s Stone"],"picked":"Empty Cage"}],"items_purged_floors":[13],"is_endless":false,"potions_floor_spawned":[2,5,8,11,19,29,30,39,40],"killed_by":"Maw","ascension_level":0}