{"path_per_floor":["M","M","?","M","M","R","E","R","T","$","?","M","M","?","R","B",null,"M","?","M","?","M"],"character_chosen":"IRONCLAD","items_purchased":[],"gold_per_floor":[116,136,106,126,138,138,166,166,212,212,212,231,244,244,244,343,343,362,287,300,333,344,344],"floor_reached":23,"campfire_rested":0,"playtime":3726,"item_purchase_floors":[],"current_hp_per_floor":[80,80,80,79,80,80,69,69,69,69,69,74,79,79,79,30,80,76,76,68,28,27,0],"items_purged":[],"gold":344,"score":193,"play_id":"7ef10a7f-9c8d-45bf-8af0-ae26112b2a2d","local_time":"20180531215900","is_prod":false,"is_daily":false,"chose_seed":false,"is_ascension_mode":false,"campfire_upgraded":3,"win_rate":0.0,"timestamp":1527818340,"campfire_choices":[{"data":"Rampage","floor":6,"key":"SMITH"},{"data":"Bash","floor":8,"key":"SMITH"},{"data":"Carnage","floor":15,"key":"SMITH"}],"path_taken":["M","M","?","M","M","R","E","R","T","$","?","?","?","?","R","BOSS","M","?","M","?","M","E"],"build_version":"2018-05-31","seed_source_timestamp":528174125512577,"purchased_purges":0,"victory":false,"master_deck":["Strike_R","Strike_R","Strike_R","Strike_R","Strike_R","Defend_R","Defend_R","Defend_R","Defend_R","Bash+1","Rampage+1","Shrug It Off","Clash","Reaper","Feed","Carnage+1","True Grit","Berserk","Injury","Decay","Twin Strike","Power Through+1","Perfected Strike","Cleave"],"max_hp_per_floor":[80,80,80,80,80,80,80,80,80,80,80,80,80,80,80,80,80,80,80,80,80,83,83],"relics":["Burning Blood","Mercury Hourglass","Pen Nib","Calling Bell","Gambling Chip","Pantograph","Happy Flower","Red Mask"],"card_choices":[{"not_picked":["Uppercut","Battle Trance"],"picked":"Rampage","floor":1},{"not_picked":["Battle Trance","Clothesline"],"picked":"Shrug It Off","floor":2},{"not_picked":["Body Slam","True Grit"],"picked":"Clash","floor":4},{"not_picked":["Perfected Strike","True Grit"],"picked":"Reaper","floor":5},{"not_picked":["Entrench","Intimidate"],"picked":"Feed","floor":7},{"not_picked":["Thunderclap","Seeing Red"],"picked":"Carnage","floor":12},{"not_picked":["Flex","Offering"],"picked":"True Grit","floor":13},{"not_picked":["Double Tap","Offering"],"picked":"Berserk","floor":16},{"not_picked":["Sword Boomerang","Feel No Pain"],"picked":"Twin Strike","floor":18},{"not_picked":["Warcry+1","Anger"],"picked":"Power Through+1","floor":20},{"not_picked":["Warcry","Anger"],"picked":"Perfected Strike","floor":21},{"not_picked":["Brutality","Clash"],"picked":"Cleave","floor":22}],"player_experience":0,"potions_floor_usage":[13,13,16,16,21],"damage_taken":[{"damage":6,"enemies":"Jaw Worm","floor":1,"turns":3},{"damage":6,"enemies":"Cultist","floor":2,"turns":3},{"damage":7,"enemies":"2 Louse","floor":4,"turns":3},{"damage":3,"enemies":"Red Slaver","floor":5,"turns":3},{"damage":25,"enemies":"3 Sentries","floor":7,"turns":9},{"damage":7,"enemies":"Exordium Thugs","floor":12,"turns":4},{"damage":7,"enemies":"3 Louse","floor":13,"turns":3},{"damage":55,"enemies":"The Guardian","floor":16,"turns":12},{"damage":10,"enemies":"Spheric Guardian","floor":18,"turns":3},{"damage":14,"enemies":"Shell Parasite","floor":20,"turns":4},{"damage":61,"enemies":"Masked Bandits","floor":21,"turns":5},{"damage":22,"enemies":"3 Cultists","floor":22,"turns":4},{"damage":29,"enemies":"Gremlin Leader","floor":23,"turns":2}],"relics_obtained":[{"floor":7,"key":"Mercury Hourglass"},{"floor":9,"key":"Pen Nib"},{"floor":17,"key":"Gambling Chip"},{"floor":17,"key":"Pantograph"},{"floor":17,"key":"Happy Flower"},{"floor":21,"key":"Red Mask"}],"event_choices":[{"event_name":"The Woman in Blue","player_choice":"Bought 2 Potions","floor":3,"damage_taken":0},{"event_name":"The Cleric","player_choice":"Leave","floor":11,"damage_taken":0},{"event_name":"Golden Wing","player_choice":"Ignored","floor":14,"damage_taken":0},{"event_name":"Beggar","player_choice":"Gave Gold","floor":19,"damage_taken":0},{"event_name":"Masked Bandits","player_choice":"Fought over 300 gold","floor":21,"damage_taken":0}],"boss_relics":[{"not_picked":["Runic Dome","Sozu"],"picked":"Calling Bell"}],"items_purged_floors":[],"potions_floor_spawned":[1,4,12,13,16,20,21,22],"seed_played":"-2851795400145452623","killed_by":"Gremlin Leader","ascension_level":0,"potions_obtained":[{"floor":1,"key":"AttackPotion"},{"floor":3,"key":"Ancient Potion"},{"floor":3,"key":"EssenceOfSteel"},{"floor":4,"key":"LiquidBronze"},{"floor":12,"key":"FearPotion"},{"floor":13,"key":"SpeedPotion"},{"floor":16,"key":"GamblersBrew"},{"floor":20,"key":"Regen Potion"},{"floor":21,"key":"Poison Potion"},{"floor":22,"key":"Energy Potion"}],"is_trial":false}