{"path_per_floor":["M","?","M","?","M","R","M","R","T","M","M","M","M","M","R","B",null,"M","M","T","M","M"],"character_chosen":"THE_SILENT","items_purchased":[],"gold_per_floor":[144,144,160,160,179,179,195,195,266,277,297,308,320,335,335,430,460,474,443,466,477,494,494],"floor_reached":23,"campfire_rested":0,"playtime":2676,"current_hp_per_floor":[70,70,70,70,70,70,70,70,70,70,70,67,40,25,25,7,75,56,55,62,76,48,0],"items_purged":[],"gold":494,"score":200,"play_id":"c34deb28-4ff4-492c-96c5-606df82d7e3c","local_time":"20180508004859","is_prod":false,"is_daily":false,"chose_seed":false,"is_ascension_mode":true,"campfire_upgraded":3,"timestamp":1525754939,"path_taken":["M","?","M","?","M","R","?","R","T","?","M","?","?","M","R","BOSS","M","M","?","M","?","E"],"build_version":"2018-05-03","seed_source_timestamp":359644838299996,"purchased_purges":0,"victory":false,"master_deck":["Defend_G","Defend_G","Defend_G","Defend_G","Defend_G","Strike_G","Strike_G+1","Strike_G","Strike_G","Strike_G","Survivor","Neutralize","Footwork+1","Backflip","Dodge and Roll+1","Outmaneuver","Backflip","A Thousand Cuts+1","Bouncing Flask","Crippling Poison","Venomology","Backflip","Tools of the Trade","Prepared","Prepared+1"],"max_hp_per_floor":[70,70,70,70,70,70,70,70,70,70,70,70,70,70,70,70,75,75,75,82,82,82,82],"relics":["Ring of the Snake","Tiny Chest","Spirit Poop","Tough Bandages","Tiny House","Strawberry"],"card_choices":[{"not_picked":["Endless Agony","Underhanded Strike"],"picked":"Footwork","floor":1},{"not_picked":["Calculated Gamble","Bane"],"picked":"Backflip","floor":3},{"not_picked":["Distraction","Skewer"],"picked":"Dodge and Roll","floor":5},{"not_picked":["Sucker Punch","Quick Slash"],"picked":"Outmaneuver","floor":7},{"not_picked":["Underhanded Strike","Poisoned Stab"],"picked":"Backflip","floor":10},{"not_picked":["Cloak And Dagger","Well Laid Plans"],"picked":"A Thousand Cuts","floor":11},{"not_picked":["Outmaneuver","Distraction"],"picked":"Bouncing Flask","floor":12},{"not_picked":["Dagger Throw","Dash"],"picked":"Crippling Poison","floor":13},{"not_picked":["Corpse Explosion","Unload"],"picked":"Venomology","floor":16},{"not_picked":["PiercingWail","Sucker Punch"],"picked":"Backflip","floor":17},{"not_picked":["Endless Agony","Eviscerate"],"picked":"Tools of the Trade","floor":19},{"not_picked":["Backflip","Setup"],"picked":"Prepared","floor":21},{"not_picked":["Expertise","Acrobatics"],"picked":"Prepared","floor":22}],"player_experience":206696,"potions_floor_usage":[12,16,16,16,19,19,19,21,21,22,23,23],"damage_taken":[{"damage":0,"enemies":"Small Slimes","floor":1,"turns":3},{"damage":0,"enemies":"Cultist","floor":3,"turns":5},{"damage":0,"enemies":"2 Louse","floor":5,"turns":4},{"damage":0,"enemies":"Gremlin Gang","floor":7,"turns":9},{"damage":0,"enemies":"3 Louse","floor":10,"turns":5},{"damage":0,"enemies":"Red Slaver","floor":11,"turns":8},{"damage":3,"enemies":"Exordium Thugs","floor":12,"turns":6},{"damage":27,"enemies":"Gremlin Gang","floor":13,"turns":6},{"damage":15,"enemies":"Lots of Slimes","floor":14,"turns":3},{"damage":18,"enemies":"Slime Boss","floor":16,"turns":8},{"damage":19,"enemies":"Chosen","floor":18,"turns":9},{"damage":16,"enemies":"2 Thieves","floor":19,"turns":5},{"damage":1,"enemies":"Centurion and Healer","floor":21,"turns":12},{"damage":28,"enemies":"Chosen and Byrds","floor":22,"turns":12},{"damage":50,"enemies":"Slavers","floor":23,"turns":12}],"event_choices":[{"event_name":"Wheel of Change","player_choice":"Curse","floor":2,"damage_taken":0},{"event_name":"Bonfire Elementals","player_choice":"CURSE","floor":4,"damage_taken":0}],"boss_relics":[{"not_picked":["White Beast Statue","Runic Pyramid"],"picked":"Tiny House"}],"potions_floor_spawned":[1,3,10,12,18,19],"seed_played":"5674831006347550120","killed_by":"Slavers","ascension_level":1,"is_trial":false}