{"gold_per_floor":[119,139,159,239,239,256,256,274,300,450,450,450,482,482,482,559,559,573,104,139,139,152,152],"floor_reached":23,"playtime":952,"items_purged":["Doubt"],"score":359,"play_id":"0f6ff3b5-8215-4fe9-a4b2-21584728b74b","local_time":"20190207151407","is_ascension_mode":true,"campfire_choices":[{"data":"Doom and Gloom","floor":7.0,"key":"SMITH"},{"data":"Go for the Eyes","floor":12.0,"key":"SMITH"},{"floor":15.0,"key":"REST"}],"neow_cost":"NONE","seed_source_timestamp":782030366364568,"circlet_count":0,"master_deck":["AscendersBane","Strike_B","Strike_B","Strike_B","Defend_B+1","Defend_B","Defend_B","Defend_B","Zap","Dualcast","Chill","Doom and Gloom+1","Go for the Eyes+1","Melter","Undo+1","BootSequence","Seek","Reboot","Fusion+1","FTL","Loop","Coolheaded","Writhe","Self Repair"],"special_seed":0,"relics":["Cracked Core","Blood Vial","War Paint","Orichalcum","Lizard Tail","Runic Capacitor","Red Mask","Anchor"],"potions_floor_usage":[],"damage_taken":[{"damage":9.0,"enemies":"Jaw Worm","floor":1.0,"turns":5.0},{"damage":0.0,"enemies":"Cultist","floor":2.0,"turns":4.0},{"damage":0.0,"enemies":"2 Louse","floor":3.0,"turns":2.0},{"damage":1.0,"enemies":"2 Fungi Beasts","floor":6.0,"turns":3.0},{"damage":7.0,"enemies":"Exordium Wildlife","floor":8.0,"turns":4.0},{"damage":52.0,"enemies":"Gremlin Nob","floor":13.0,"turns":5.0},{"damage":7.0,"enemies":"The Guardian","floor":16.0,"turns":12.0},{"damage":32.0,"enemies":"Chosen","floor":18.0,"turns":7.0},{"damage":6.0,"enemies":"Masked Bandits","floor":20.0,"turns":4.0},{"damage":22.0,"enemies":"3 Byrds","floor":22.0,"turns":7.0},{"damage":47,"enemies":"Book of Stabbing","floor":23,"turns":7}],"seed_played":"-8047535016286684579","potions_obtained":[{"floor":3.0,"key":"SmokeBomb"},{"floor":6.0,"key":"Weak Potion"},{"floor":8.0,"key":"EssenceOfSteel"},{"floor":16.0,"key":"Dexterity Potion"}],"is_trial":false,"path_per_floor":["M","M","M","?","?","M","R","M","T","?","?","R","E","?","R","B",null,"M","$","?","?","M","E"],"character_chosen":"DEFECT","items_purchased":["Runic Capacitor","FTL","Loop"],"campfire_rested":1,"item_purchase_floors":[19,19,19],"current_hp_per_floor":[57,59,61,61,61,62,62,57,57,57,57,57,7,7,28,23,59,29,29,25,25,5,0],"gold":152,"neow_bonus":"RANDOM_COMMON_RELIC","is_prod":false,"is_daily":false,"chose_seed":false,"campfire_upgraded":2,"win_rate":0,"timestamp":1549570447,"path_taken":["M","M","M","?","?","?","R","M","T","?","?","R","E","?","R","BOSS","M","$","?","?","M","E"],"build_version":"2019-02-06","purchased_purges":1,"victory":false,"max_hp_per_floor":[71,71,71,71,71,71,71,71,71,71,71,71,71,71,71,71,71,71,71,71,71,71,71],"card_choices":[{"not_picked":["Sweeping Beam","Ball Lightning"],"picked":"Chill","floor":1.0},{"not_picked":["Hologram","Sweeping Beam"],"picked":"Doom and Gloom","floor":2.0},{"not_picked":["Rebound","Tempest"],"picked":"Go for the Eyes","floor":3.0},{"not_picked":["Recycle","Streamline"],"picked":"Undo","floor":6.0},{"not_picked":["Barrage","Sweeping Beam"],"picked":"BootSequence","floor":8.0},{"not_picked":["Gash","Steam"],"picked":"Seek","floor":13.0},{"not_picked":["Rainbow","Multi-Cast"],"picked":"Reboot","floor":16.0},{"not_picked":["Aggregate","Streamline"],"picked":"Fusion+1","floor":18.0},{"not_picked":["Barrage","Beam Cell"],"picked":"Coolheaded","floor":20.0},{"not_picked":["Beam Cell","Compile Driver"],"picked":"Self Repair","floor":22.0}],"player_experience":929300,"relics_obtained":[{"floor":9.0,"key":"War Paint"},{"floor":13.0,"key":"Orichalcum"},{"floor":20.0,"key":"Red Mask"}],"event_choices":[{"damage_healed":0.0,"max_hp_gain":0.0,"max_hp_loss":0.0,"gold_gain":80.0,"event_name":"Golden Wing","player_choice":"Gained Gold","floor":4.0,"gold_loss":0.0,"damage_taken":0.0},{"damage_healed":0.0,"max_hp_gain":0.0,"max_hp_loss":0.0,"gold_gain":0.0,"cards_transformed":["Strike_B"],"event_name":"Transmorgrifier","player_choice":"Transformed","floor":5.0,"gold_loss":0.0,"damage_taken":0.0,"cards_obtained":["Melter"]},{"damage_healed":0.0,"max_hp_gain":0.0,"max_hp_loss":0.0,"gold_gain":150.0,"event_name":"Liars Game","player_choice":"AGREE","floor":10.0,"gold_loss":0.0,"damage_taken":0.0,"cards_obtained":["Doubt"]},{"damage_healed":0.0,"max_hp_gain":0.0,"max_hp_loss":0.0,"gold_gain":0.0,"event_name":"Dead Adventurer","player_choice":"Searched \u00270\u0027 times","floor":11.0,"gold_loss":0.0,"damage_taken":0.0},{"damage_healed":0.0,"max_hp_gain":0.0,"max_hp_loss":0.0,"gold_gain":0.0,"event_name":"Shining Light","player_choice":"Ignored","floor":14.0,"gold_loss":0.0,"damage_taken":0.0},{"damage_healed":0.0,"max_hp_gain":0.0,"max_hp_loss":0.0,"gold_gain":0.0,"event_name":"Masked Bandits","player_choice":"Fought Bandits","floor":20.0,"gold_loss":0.0,"damage_taken":0.0},{"damage_healed":0.0,"max_hp_gain":0.0,"max_hp_loss":0.0,"gold_gain":0.0,"event_name":"The Mausoleum","player_choice":"Opened","floor":21.0,"gold_loss":0.0,"damage_taken":0.0,"relics_obtained":["Anchor"],"cards_obtained":["Writhe"]}],"is_beta":true,"boss_relics":[{"not_picked":["Pandora\u0027s Box","Cursed Key"],"picked":"Lizard Tail"}],"items_purged_floors":[19],"is_endless":false,"potions_floor_spawned":[3,6,8,16],"killed_by":"Book of Stabbing","ascension_level":18}