{"gold_per_floor":[119,131,206,156,156,156,181,201,269,298,318,335,32,67,67,141,141,151,151,151,96,115,115,150,150,150,34,34,34,48,73,73,73],"floor_reached":33,"playtime":1280,"items_purged":["Pain"],"score":604,"play_id":"6b9f19f5-dbd5-4830-92e2-56ceea0a553c","local_time":"20190720195131","is_ascension_mode":true,"campfire_choices":[{"data":"Bash","floor":6,"key":"SMITH"},{"floor":15,"key":"REST"},{"data":"Limit Break","floor":23,"key":"SMITH"},{"data":"Panacea","floor":25,"key":"SMITH"},{"floor":29,"key":"REST"},{"data":"Spot Weakness","floor":32,"key":"SMITH"}],"neow_cost":"NONE","seed_source_timestamp":160025381148400,"circlet_count":0,"master_deck":["AscendersBane","Strike_R+1","Strike_R+1","Strike_R+1","Strike_R+1","Defend_R+1","Defend_R+1","Defend_R+1","Defend_R+1","Bash+1","Anger","Feed","Headbutt","Disarm","Shockwave","Intimidate","Panacea+1","Pummel","Feed","Limit Break+1","Iron Wave","Sword Boomerang","Spot Weakness+1","Carnage","Good Instincts","PanicButton","Cleave","Anger"],"relics":["Burning Blood","NeowsBlessing","Kunai","Sundial","Question Card","Ginger","Vajra","Lantern","Cursed Key","Tiny Chest","Mummified Hand","Pear","Juzu Bracelet"],"potions_floor_usage":[14,14,16,30,31,33],"damage_taken":[{"damage":0,"enemies":"2 Louse","floor":1,"turns":1},{"damage":0,"enemies":"Jaw Worm","floor":2,"turns":1},{"damage":0,"enemies":"Lagavulin","floor":7,"turns":1},{"damage":6,"enemies":"Cultist","floor":8,"turns":3},{"damage":32,"enemies":"Gremlin Nob","floor":10,"turns":4},{"damage":12,"enemies":"Looter","floor":11,"turns":3},{"damage":28,"enemies":"Exordium Thugs","floor":12,"turns":4},{"damage":17,"enemies":"3 Sentries","floor":14,"turns":7},{"damage":29,"enemies":"Hexaghost","floor":16,"turns":10},{"damage":11,"enemies":"Chosen","floor":18,"turns":4},{"damage":11,"enemies":"Spheric Guardian","floor":22,"turns":3},{"damage":26,"enemies":"Book of Stabbing","floor":24,"turns":5},{"damage":18,"enemies":"Centurion and Healer","floor":30,"turns":5},{"damage":31,"enemies":"Slavers","floor":31,"turns":5},{"damage":81,"enemies":"Automaton","floor":33,"turns":6}],"seed_played":"2151349742114511444","potions_obtained":[{"floor":10,"key":"FearPotion"},{"floor":11,"key":"SkillPotion"},{"floor":14,"key":"PowerPotion"},{"floor":18,"key":"Regen Potion"},{"floor":22,"key":"PowerPotion"},{"floor":31,"key":"Fire Potion"}],"is_trial":false,"path_per_floor":["M","M","?","?","T","R","E","M","T","E","M","M","$","E","R","B",null,"M","?","T","?","M","R","E","R","T","$","?","R","M","E","R","B"],"character_chosen":"IRONCLAD","items_purchased":["Panacea","Vajra","Pummel","Carnage"],"campfire_rested":2,"item_purchase_floors":[13,13,13,27],"current_hp_per_floor":[74,75,64,64,64,64,73,76,76,50,44,25,25,17,43,23,73,71,71,71,71,69,69,49,49,59,59,29,60,63,41,41,0],"gold":73,"neow_bonus":"THREE_ENEMY_KILL","is_prod":false,"is_daily":false,"chose_seed":false,"campfire_upgraded":4,"win_rate":0,"timestamp":1563666691,"path_taken":["M","M","?","?","?","R","E","?","T","E","M","M","$","E","R","BOSS","M","?","?","?","M","R","E","R","T","$","?","R","M","E","R","BOSS"],"build_version":"2019-07-17","purchased_purges":1,"victory":false,"max_hp_per_floor":[75,75,75,75,75,75,78,81,81,81,81,84,84,87,87,90,90,93,93,93,93,96,96,96,96,106,106,106,106,109,112,112,112],"card_choices":[{"not_picked":["Perfected Strike","Armaments"],"picked":"Anger","floor":1},{"not_picked":["Body Slam","Sword Boomerang"],"picked":"Feed","floor":2},{"not_picked":["Havoc","Sentinel"],"picked":"Headbutt","floor":7},{"not_picked":["Body Slam","Warcry","Flex"],"picked":"SKIP","floor":8},{"not_picked":["Body Slam","Second Wind","Rampage"],"picked":"Disarm","floor":10},{"not_picked":["Flex","Hemokinesis","Armaments"],"picked":"Shockwave","floor":11},{"not_picked":["Dual Wield","Thunderclap","Clash"],"picked":"Intimidate","floor":12},{"not_picked":["Seeing Red","Headbutt","Sword Boomerang"],"picked":"Feed","floor":14},{"not_picked":["Reaper","Feed","Juggernaut"],"picked":"Limit Break","floor":16},{"not_picked":["Intimidate","Power Through","Clash"],"picked":"Iron Wave","floor":18},{"not_picked":["Bloodletting","Twin Strike","Havoc"],"picked":"Sword Boomerang","floor":22},{"not_picked":["Whirlwind","Clothesline","Reaper"],"picked":"Spot Weakness","floor":24},{"not_picked":["Whirlwind","Headbutt","Heavy Blade"],"picked":"Cleave","floor":30},{"not_picked":["Shockwave","Feel No Pain","Reckless Charge"],"picked":"Anger","floor":31}],"player_experience":670224,"relics_obtained":[{"floor":5,"key":"Kunai"},{"floor":7,"key":"Sundial"},{"floor":9,"key":"Question Card"},{"floor":10,"key":"Ginger"},{"floor":14,"key":"Lantern"},{"floor":24,"key":"Mummified Hand"},{"floor":26,"key":"Pear"},{"floor":31,"key":"Juzu Bracelet"}],"event_choices":[{"damage_healed":0,"gold_gain":75,"player_choice":"Gather Gold","damage_taken":11,"max_hp_gain":0,"max_hp_loss":0,"event_name":"World of Goop","floor":3,"gold_loss":0},{"cards_removed":["Strike_R"],"damage_healed":0,"gold_gain":0,"player_choice":"Card Removal","damage_taken":0,"max_hp_gain":0,"max_hp_loss":0,"event_name":"The Cleric","floor":4,"gold_loss":50},{"damage_healed":0,"gold_gain":0,"player_choice":"Simplicity","damage_taken":0,"max_hp_gain":0,"max_hp_loss":0,"event_name":"Back to Basics","floor":19,"gold_loss":0,"cards_upgraded":["Strike_R","Strike_R","Strike_R","Strike_R","Defend_R","Defend_R","Defend_R","Defend_R"]},{"damage_healed":0,"gold_gain":0,"player_choice":"Obtained Relic","damage_taken":0,"relics_obtained":["Tiny Chest"],"max_hp_gain":0,"max_hp_loss":0,"event_name":"Addict","floor":21,"gold_loss":85},{"damage_healed":0,"gold_gain":0,"player_choice":"CARD CARD ","damage_taken":30,"max_hp_gain":0,"max_hp_loss":0,"event_name":"Knowing Skull","floor":28,"potions_obtained":[],"gold_loss":0,"cards_obtained":["Good Instincts","PanicButton"]}],"is_beta":false,"boss_relics":[{"not_picked":["Empty Cage","Mark of Pain"],"picked":"Cursed Key"}],"items_purged_floors":[27],"is_endless":false,"potions_floor_spawned":[10,11,14,18,22,31],"killed_by":"Automaton","ascension_level":14}