{"path_per_floor":["M","M","?","M","M","E","M","M","T","M","M","M","$","M","R","B",null,"M","?","M","M","T","R","M","M","T","M","M"],"character_chosen":"DEFECT","items_purchased":["Thinking Ahead"],"gold_per_floor":[115,134,84,94,107,139,157,177,177,193,208,226,18,31,31,133,133,151,151,166,184,209,209,227,246,273,285,295,295],"floor_reached":29,"campfire_rested":2,"playtime":1858,"item_purchase_floors":[13],"current_hp_per_floor":[72,71,71,64,62,39,31,20,20,19,19,12,12,11,33,33,75,67,67,58,49,49,71,57,54,54,32,18,0],"items_purged":[],"gold":295,"score":289,"play_id":"a2a21624-384f-4f96-9f1f-606110245f77","local_time":"20180613201026","is_prod":false,"is_daily":false,"chose_seed":false,"is_ascension_mode":false,"campfire_upgraded":0,"win_rate":0.0,"timestamp":1528935026,"campfire_choices":[{"floor":15,"key":"REST"},{"floor":23,"key":"REST"}],"path_taken":["M","M","?","M","M","E","M","M","T","M","M","M","$","?","R","BOSS","M","?","M","M","?","R","M","M","T","M","M","E"],"build_version":"2018-06-07v3","seed_source_timestamp":0,"purchased_purges":0,"victory":false,"master_deck":["Strike_B","Strike_B","Strike_B","Strike_B","Defend_B","Defend_B","Defend_B","Defend_B","Zap","Dualcast","Chill","Aggregate","Darkness","Hello World","Gash","Rebound","Go for the Eyes","Doom and Gloom","All For One","Ball Lightning","Thinking Ahead","Scrape","Rainbow","Glacier","FTL","Conserve Battery","Normality","Undo","Sweeping Beam","Normality","All For One","Redo+1"],"max_hp_per_floor":[75,75,75,75,75,75,75,75,75,75,75,75,75,75,75,75,75,75,75,75,75,75,75,75,75,75,75,75,75],"relics":["Cracked Core","Torii","Happy Flower","Cursed Key","Bronze Scales","Vajra"],"card_choices":[{"not_picked":["Stack","Genetic Algorithm"],"picked":"Chill","floor":1.0},{"not_picked":["Cold Snap","Rip and Tear"],"picked":"Aggregate","floor":2.0},{"not_picked":["Undo","Beam Cell"],"picked":"Darkness","floor":4.0},{"not_picked":["Rebound","Leap"],"picked":"Hello World","floor":5.0},{"not_picked":["Defragment","Storm"],"picked":"Gash","floor":6.0},{"not_picked":["Loop","Coolheaded"],"picked":"Rebound","floor":7},{"not_picked":["Rebound","Reprogram"],"picked":"Go for the Eyes","floor":8},{"not_picked":["Beam Cell","Redo"],"picked":"Doom and Gloom","floor":10},{"not_picked":["Barrage","Ball Lightning"],"picked":"All For One","floor":11},{"not_picked":["Stack","Leap"],"picked":"Ball Lightning","floor":12},{"not_picked":["White Noise","Sweeping Beam"],"picked":"Scrape","floor":14},{"not_picked":["Echo Form","Biased Cognition"],"picked":"Rainbow","floor":16},{"not_picked":["Consume","Capacitor"],"picked":"Glacier","floor":18},{"not_picked":["Conserve Battery","Streamline"],"picked":"FTL","floor":20},{"not_picked":["Heatsinks","Leap"],"picked":"Conserve Battery","floor":21},{"not_picked":["Scrape","Cold Snap"],"picked":"Undo","floor":24},{"not_picked":["Coolheaded+1","Hologram+1"],"picked":"Sweeping Beam","floor":25},{"not_picked":["Rebound","Streamline"],"picked":"All For One","floor":27},{"not_picked":["Cold Snap","Auto Shields"],"picked":"Redo+1","floor":28}],"player_experience":32685,"potions_floor_usage":[8,10,16,16,21,27,28,28,29],"damage_taken":[{"damage":3.0,"enemies":"Small Slimes","floor":1.0,"turns":3.0},{"damage":1.0,"enemies":"Cultist","floor":2.0,"turns":3.0},{"damage":7.0,"enemies":"2 Louse","floor":4.0,"turns":2.0},{"damage":2.0,"enemies":"2 Fungi Beasts","floor":5.0,"turns":5.0},{"damage":23.0,"enemies":"3 Sentries","floor":6.0,"turns":10.0},{"damage":8,"enemies":"3 Louse","floor":7,"turns":4},{"damage":11,"enemies":"Exordium Thugs","floor":8,"turns":4},{"damage":1,"enemies":"Lots of Slimes","floor":10,"turns":4},{"damage":0,"enemies":"3 Louse","floor":11,"turns":2},{"damage":7,"enemies":"Red Slaver","floor":12,"turns":3},{"damage":1,"enemies":"Exordium Wildlife","floor":14,"turns":2},{"damage":0,"enemies":"Slime Boss","floor":16,"turns":6},{"damage":8,"enemies":"Shell Parasite","floor":18,"turns":4},{"damage":9,"enemies":"Chosen","floor":20,"turns":4},{"damage":9,"enemies":"Centurion and Healer","floor":21,"turns":5},{"damage":14,"enemies":"Cultist and Chosen","floor":24,"turns":5},{"damage":3,"enemies":"Snake Plant","floor":25,"turns":4},{"damage":22,"enemies":"Centurion and Healer","floor":27,"turns":4},{"damage":29,"enemies":"Cultist and Chosen","floor":28,"turns":7},{"damage":21,"enemies":"Slavers","floor":29,"turns":1}],"relics_obtained":[{"floor":6.0,"key":"Torii"},{"floor":9,"key":"Happy Flower"},{"floor":22,"key":"Bronze Scales"},{"floor":26,"key":"Vajra"}],"event_choices":[{"event_name":"World of Goop","player_choice":"Left","floor":3.0,"damage_taken":0.0},{"event_name":"Vampires","player_choice":"Ignored","floor":19,"damage_taken":0}],"boss_relics":[{"not_picked":["Velvet Choker","Runic Dome"],"picked":"Cursed Key"}],"items_purged_floors":[],"potions_floor_spawned":[2,4,5,10,12,16,18,25,27,28],"seed_played":"7316522856613828443","killed_by":"Slavers","ascension_level":0,"potions_obtained":[{"floor":2.0,"key":"Swift Potion"},{"floor":4.0,"key":"GamblersBrew"},{"floor":5.0,"key":"Poison Potion"},{"floor":10,"key":"Poison Potion"},{"floor":12,"key":"PowerPotion"},{"floor":16,"key":"AttackPotion"},{"floor":18,"key":"Regen Potion"},{"floor":25,"key":"Strength Potion"},{"floor":27,"key":"Poison Potion"},{"floor":28,"key":"Explosive Potion"}],"is_trial":false}