{"gold_per_floor":[110,124,124,142,159,189,364,364,364,364],"floor_reached":10,"playtime":369,"items_purged":[],"score":75,"play_id":"52d55399-821c-4cd2-9260-7d06652de9c4","local_time":"20190617224123","is_ascension_mode":true,"campfire_choices":[{"floor":8,"key":"REST"}],"neow_cost":"NONE","seed_source_timestamp":180285932354900,"circlet_count":0,"master_deck":["Strike_B","Strike_B","Strike_B","Strike_B","Defend_B","Defend_B","Defend_B","Defend_B","Zap","Dualcast","Double Energy","Go for the Eyes","Defragment","Go for the Eyes","Beam Cell","Doubt"],"relics":["Cracked Core","NeowsBlessing","Question Card","Ginger"],"potions_floor_usage":[10],"damage_taken":[{"damage":0,"enemies":"Small Slimes","floor":1,"turns":1},{"damage":0,"enemies":"Jaw Worm","floor":2,"turns":1},{"damage":0,"enemies":"Cultist","floor":4,"turns":1},{"damage":12,"enemies":"Exordium Wildlife","floor":5,"turns":4},{"damage":34,"enemies":"Lagavulin","floor":6,"turns":7},{"damage":59,"enemies":"Gremlin Nob","floor":10,"turns":5}],"seed_played":"2261976139829852510","potions_obtained":[{"floor":1,"key":"Energy Potion"},{"floor":6,"key":"Swift Potion"}],"is_trial":false,"path_per_floor":["M","M","?","M","M","E","?","R","T","E"],"character_chosen":"DEFECT","items_purchased":[],"campfire_rested":1,"item_purchase_floors":[],"current_hp_per_floor":[75,75,75,75,63,29,29,51,51,0],"gold":364,"neow_bonus":"THREE_ENEMY_KILL","is_prod":false,"is_daily":false,"chose_seed":false,"campfire_upgraded":0,"win_rate":0,"timestamp":1560825683,"path_taken":["M","M","?","M","M","E","?","R","T","E"],"build_version":"2019-01-23","purchased_purges":0,"victory":false,"max_hp_per_floor":[75,75,75,75,75,75,75,75,75,75],"card_choices":[{"not_picked":["Reprogram","Ball Lightning"],"picked":"Double Energy","floor":1},{"not_picked":["Glacier","Leap"],"picked":"Go for the Eyes","floor":2},{"not_picked":["Auto Shields","Skim"],"picked":"Defragment","floor":4},{"not_picked":["Heatsinks","Sweeping Beam"],"picked":"Go for the Eyes","floor":5},{"not_picked":["Heatsinks","Go for the Eyes"],"picked":"Beam Cell","floor":6}],"player_experience":487790,"relics_obtained":[{"floor":6,"key":"Question Card"},{"floor":9,"key":"Ginger"}],"event_choices":[{"damage_healed":0,"gold_gain":0,"player_choice":"Leave","damage_taken":0,"max_hp_gain":0,"max_hp_loss":0,"event_name":"The Cleric","floor":3,"gold_loss":0},{"damage_healed":0,"gold_gain":175,"player_choice":"AGREE","damage_taken":0,"max_hp_gain":0,"max_hp_loss":0,"event_name":"Liars Game","floor":7,"gold_loss":0,"cards_obtained":["Doubt"]}],"is_beta":false,"boss_relics":[],"items_purged_floors":[],"is_endless":false,"potions_floor_spawned":[1,6],"killed_by":"Gremlin Nob","ascension_level":2}