{"gold_per_floor":[17,192,212,212,229,229,229,229,283,297,312,325,325,335,335,435,435,451,651,670,682,155,155,155,155,182,216,227,259,289,300,300,397,397,415,433,227,238,92,104,104,129,178,56,91,313,313,327,327,327],"floor_reached":51,"playtime":4721,"items_purged":["Doubt"],"score":804,"play_id":"8f2785fb-4df8-4950-9ce7-904cc54e3894","local_time":"20181113065029","is_ascension_mode":true,"campfire_choices":[{"data":"Armaments","floor":6,"key":"SMITH"},{"floor":8,"key":"DIG"},{"floor":13,"key":"DIG"},{"floor":15,"key":"DIG"},{"floor":23,"key":"DIG"},{"floor":25,"key":"DIG"},{"floor":30,"key":"DIG"},{"floor":32,"key":"DIG"},{"floor":41,"key":"DIG"},{"floor":49,"key":"DIG"}],"neow_cost":"NO_GOLD","seed_source_timestamp":122457899986280,"circlet_count":0,"master_deck":["Defend_R","Defend_R","Defend_R","Defend_R+1","Bash","Headbutt","Armaments+1","Iron Wave","Ghostly Armor+1","Shrug It Off","Metallicize","Metallicize","Flame Barrier","Reaper","True Grit","Finesse","Inflame","Iron Wave+1","Body Slam","Spot Weakness+1","Double Tap+1","Battle Trance+1","Reaper+1","Heavy Blade+1","Iron Wave+1","Offering","Madness","Madness"],"relics":["Burning Blood","Shovel","Bottled Lightning","Bag of Marbles","WingedGreaves","Mummified Hand","Busted Crown","Pantograph","Ancient Tea Set","Matryoshka","Blood Vial","Self Forming Clay","Red Mask","Bottled Flame","Tiny Chest","Strawberry","Astrolabe","TheAbacus","War Paint","Incense Burner","Anchor","Oddly Smooth Stone","Potion Belt","PreservedInsect","Toxic Egg 2"],"potions_floor_usage":[16,27,29,33,38,45,50,50,50,50,50,50,50,50,50,50],"damage_taken":[{"damage":5,"enemies":"Small Slimes","floor":1,"turns":4},{"damage":0,"enemies":"Jaw Worm","floor":3,"turns":5},{"damage":1,"enemies":"2 Louse","floor":5,"turns":2},{"damage":4,"enemies":"Exordium Thugs","floor":10,"turns":7},{"damage":0,"enemies":"3 Louse","floor":11,"turns":4},{"damage":0,"enemies":"Looter","floor":12,"turns":4},{"damage":3,"enemies":"Large Slime","floor":14,"turns":10},{"damage":24,"enemies":"The Guardian","floor":16,"turns":21},{"damage":15,"enemies":"3 Byrds","floor":18,"turns":4},{"damage":12,"enemies":"Chosen","floor":20,"turns":9},{"damage":8,"enemies":"Snake Plant","floor":21,"turns":7},{"damage":20,"enemies":"Colosseum Slavers","floor":24,"turns":5},{"damage":29,"enemies":"Masked Bandits","floor":27,"turns":8},{"damage":30,"enemies":"Shelled Parasite and Fungi","floor":28,"turns":8},{"damage":1,"enemies":"Book of Stabbing","floor":29,"turns":7},{"damage":0,"enemies":"Snecko","floor":31,"turns":7},{"damage":59,"enemies":"Champ","floor":33,"turns":21},{"damage":3,"enemies":"Orb Walker","floor":35,"turns":3},{"damage":11,"enemies":"3 Darklings","floor":36,"turns":8},{"damage":65,"enemies":"Transient","floor":38,"turns":5},{"damage":7,"enemies":"4 Shapes","floor":40,"turns":11},{"damage":1,"enemies":"Nemesis","floor":42,"turns":11},{"damage":36,"enemies":"Reptomancer","floor":45,"turns":5},{"damage":6,"enemies":"3 Darklings","floor":48,"turns":7},{"damage":38,"enemies":"Awakened One","floor":50,"turns":9}],"seed_played":"-1849171577473737079","potions_obtained":[{"floor":1,"key":"BloodPotion"},{"floor":3,"key":"EntropicBrew"},{"floor":10,"key":"SpeedPotion"},{"floor":11,"key":"Energy Potion"},{"floor":16,"key":"Strength Potion"},{"floor":20,"key":"Regen Potion"},{"floor":28,"key":"GamblersBrew"},{"floor":31,"key":"EssenceOfSteel"},{"floor":33,"key":"Fire Potion"},{"floor":36,"key":"SpeedPotion"},{"floor":38,"key":"Weak Potion"},{"floor":40,"key":"SteroidPotion"},{"floor":45,"key":"BloodPotion"}],"is_trial":false,"path_per_floor":["M","?","M","?","M","R","?","R","T","M","M","M","R","M","R","B",null,"M","?","M","M","$","R","?","R","T","?","M","E","R","M","R","B",null,"M","M","$","M","$","M","R","E","T","$","E","?","?","M","R","B",null],"character_chosen":"IRONCLAD","items_purchased":["True Grit","Pantograph","Finesse","Inflame","TheAbacus","War Paint","Block Potion","Ancient Potion"],"campfire_rested":0,"item_purchase_floors":[22,22,22,22,37,39,44,44],"current_hp_per_floor":[80,80,80,85,85,85,82,82,82,84,85,85,85,85,85,67,85,76,76,74,75,75,75,71,71,71,71,58,65,65,80,87,39,92,92,92,92,64,64,92,92,92,92,92,62,62,50,92,92,75],"gold":327,"neow_bonus":"TRANSFORM_TWO_CARDS","is_prod":false,"is_daily":false,"chose_seed":false,"campfire_upgraded":1,"win_rate":0,"timestamp":1542109829,"path_taken":["M","?","M","?","M","R","?","R","T","M","M","M","R","M","R","BOSS","M","?","M","M","?","R","?","R","T","?","M","E","R","M","R","BOSS","M","M","$","M","$","M","R","E","T","$","E","?","?","M","R","BOSS"],"build_version":"2018-11-12","purchased_purges":1,"victory":true,"max_hp_per_floor":[80,80,80,85,85,85,85,85,85,85,85,85,85,85,85,85,85,85,85,85,85,85,85,85,85,85,85,85,85,85,85,92,92,92,92,92,92,92,92,92,92,92,92,92,92,92,92,92,92,92],"card_choices":[{"not_picked":["Wild Strike","Sever Soul"],"picked":"Iron Wave","floor":1},{"not_picked":["Sever Soul","Warcry","Rupture"],"picked":"SKIP","floor":3},{"not_picked":["Flex","Intimidate"],"picked":"Ghostly Armor","floor":5},{"not_picked":["Flex","Power Through"],"picked":"Shrug It Off","floor":10},{"not_picked":["Perfected Strike","Anger"],"picked":"Metallicize","floor":11},{"not_picked":["Combust","Armaments"],"picked":"Metallicize","floor":12},{"not_picked":["Perfected Strike","True Grit"],"picked":"Flame Barrier","floor":14},{"not_picked":["Fiend Fire","Demon Form"],"picked":"Reaper","floor":16},{"not_picked":["Bloodletting+1"],"picked":"SKIP","floor":18},{"not_picked":["Heavy Blade"],"picked":"SKIP","floor":20},{"not_picked":["Sever Soul+1"],"picked":"SKIP","floor":21},{"not_picked":[],"picked":"Iron Wave+1","floor":28},{"not_picked":[],"picked":"Body Slam","floor":29},{"not_picked":[],"picked":"Spot Weakness+1","floor":31},{"not_picked":["Cleave"],"picked":"SKIP","floor":35},{"not_picked":["Flex+1"],"picked":"SKIP","floor":36},{"not_picked":[],"picked":"Heavy Blade+1","floor":38},{"not_picked":[],"picked":"Iron Wave+1","floor":40},{"not_picked":["Cleave"],"picked":"SKIP","floor":42},{"not_picked":[],"picked":"Offering","floor":45},{"not_picked":["Havoc+1"],"picked":"SKIP","floor":48}],"player_experience":416803,"relics_obtained":[{"floor":8,"key":"Bottled Lightning"},{"floor":9,"key":"Bag of Marbles"},{"floor":13,"key":"WingedGreaves"},{"floor":15,"key":"Mummified Hand"},{"floor":23,"key":"Ancient Tea Set"},{"floor":25,"key":"Matryoshka"},{"floor":26,"key":"Blood Vial"},{"floor":26,"key":"Self Forming Clay"},{"floor":27,"key":"Red Mask"},{"floor":29,"key":"Bottled Flame"},{"floor":30,"key":"Tiny Chest"},{"floor":32,"key":"Strawberry"},{"floor":41,"key":"Incense Burner"},{"floor":42,"key":"Anchor"},{"floor":43,"key":"Oddly Smooth Stone"},{"floor":43,"key":"Potion Belt"},{"floor":45,"key":"PreservedInsect"},{"floor":49,"key":"Toxic Egg 2"}],"event_choices":[{"damage_healed":0,"gold_gain":175,"player_choice":"AGREE","damage_taken":0,"max_hp_gain":0,"max_hp_loss":0,"event_name":"Liars Game","floor":2,"gold_loss":0,"cards_obtained":["Doubt"]},{"damage_healed":0,"gold_gain":0,"player_choice":"Donut","damage_taken":0,"max_hp_gain":5,"max_hp_loss":0,"event_name":"Big Fish","floor":4,"gold_loss":0},{"damage_healed":0,"gold_gain":0,"player_choice":"Success","damage_taken":3,"relics_obtained":["Shovel"],"max_hp_gain":0,"max_hp_loss":0,"event_name":"Scrap Ooze","floor":7,"gold_loss":0},{"damage_healed":0,"gold_gain":250,"player_choice":"Bet on Owner","damage_taken":0,"max_hp_gain":0,"max_hp_loss":0,"event_name":"The Joust","floor":19,"gold_loss":50},{"damage_healed":0,"gold_gain":0,"player_choice":"Fight","damage_taken":0,"max_hp_gain":0,"max_hp_loss":0,"event_name":"Colosseum","floor":24,"gold_loss":0},{"damage_healed":0,"gold_gain":0,"player_choice":"Fled From Nobs","damage_taken":0,"max_hp_gain":0,"max_hp_loss":0,"event_name":"Colosseum","floor":24,"gold_loss":0},{"damage_healed":0,"gold_gain":0,"player_choice":"Fought Bandits","damage_taken":0,"max_hp_gain":0,"max_hp_loss":0,"event_name":"Masked Bandits","floor":27,"gold_loss":0},{"damage_healed":0,"gold_gain":222,"player_choice":"Wore Mask","damage_taken":0,"max_hp_gain":0,"max_hp_loss":0,"event_name":"Tomb of Lord Red Mask","floor":46,"gold_loss":0},{"damage_healed":0,"gold_gain":0,"player_choice":"Embrace Madness","damage_taken":12,"max_hp_gain":0,"max_hp_loss":0,"event_name":"Winding Halls","floor":47,"gold_loss":0,"cards_obtained":["Madness","Madness"]}],"is_beta":true,"boss_relics":[{"not_picked":["Runic Pyramid","Cursed Key"],"picked":"Busted Crown"},{"not_picked":["Snecko Eye","Black Blood"],"picked":"Astrolabe"}],"items_purged_floors":[22],"is_endless":false,"potions_floor_spawned":[1,3,10,11,16,20,21,28,31,33,36,38,40,45,48],"ascension_level":1}