{"gold_per_floor":[116,116,116,116,291,308,308,342,342,361,372,420,420,152,152,252,252,266,266,266,266,35,35,49,49,49,59,78,2,27,44,44,44],"floor_reached":33,"playtime":1513,"items_purged":["Doubt"],"score":341,"play_id":"e763a1c5-82aa-4654-94c0-66a6aa6dfdfa","local_time":"20190726202543","is_ascension_mode":true,"campfire_choices":[{"data":"Anger","floor":15.0,"key":"SMITH"},{"floor":23.0,"key":"RECALL"},{"floor":25.0,"key":"REST"},{"floor":32,"key":"REST"}],"neow_cost":"NONE","seed_source_timestamp":0,"circlet_count":0,"master_deck":["Strike_R","Strike_R","Strike_R","Strike_R","Strike_R","Defend_R","Defend_R","Defend_R+1","Defend_R","Bash","Clash","Anger+1","Carnage","Shrug It Off","Flex+1","Demon Form","Sword Boomerang+1","Trip","Armaments","Heavy Blade","Body Slam+1","Clash+1","Infernal Blade","Sword Boomerang","Flame Barrier+1","Blood for Blood"],"special_seed":0,"relics":["Burning Blood","Sundial","Pear","Vajra","Dream Catcher","PreservedInsect","White Beast Statue","Nilry\u0027s Codex","War Paint","Meat on the Bone","Blue Candle"],"potions_floor_usage":[30,31,33],"damage_taken":[{"damage":4.0,"enemies":"Jaw Worm","floor":1.0,"turns":4.0},{"damage":7.0,"enemies":"Small Slimes","floor":6.0,"turns":4.0},{"damage":35.0,"enemies":"3 Sentries","floor":8.0,"turns":10.0},{"damage":0.0,"enemies":"Cultist","floor":10.0,"turns":2.0},{"damage":14.0,"enemies":"Exordium Wildlife","floor":11.0,"turns":4.0},{"damage":41.0,"enemies":"Hexaghost","floor":16.0,"turns":9.0},{"damage":24.0,"enemies":"Spheric Guardian","floor":18.0,"turns":4.0},{"damage":10.0,"enemies":"Shell Parasite","floor":24.0,"turns":4.0},{"damage":27.0,"enemies":"Snake Plant","floor":27.0,"turns":4.0},{"damage":50.0,"enemies":"Centurion and Healer","floor":28.0,"turns":5.0},{"damage":46,"enemies":"Book of Stabbing","floor":30,"turns":4},{"damage":0,"enemies":"Cultist and Chosen","floor":31,"turns":4},{"damage":82,"enemies":"Champ","floor":33,"turns":7}],"seed_played":"1155262485346828869","potions_obtained":[{"floor":7.0,"key":"Swift Potion"},{"floor":7.0,"key":"Fire Potion"},{"floor":7.0,"key":"LiquidBronze"},{"floor":10.0,"key":"Poison Potion"},{"floor":18.0,"key":"Swift Potion"},{"floor":24.0,"key":"Poison Potion"},{"floor":27.0,"key":"PowerPotion"},{"floor":28.0,"key":"BloodPotion"},{"floor":30,"key":"AttackPotion"},{"floor":31,"key":"Ancient Potion"}],"is_trial":false,"path_per_floor":["M","$","?","T","?","M","?","E","T","M","M","T","?","$","R","B",null,"M","?","?","?","$","R","M","R","T","M","M","$","E","M","R","B"],"character_chosen":"IRONCLAD","items_purchased":["PreservedInsect","Flex","War Paint","Trip","Infernal Blade"],"campfire_rested":2,"item_purchase_floors":[14,14,22,22,29],"current_hp_per_floor":[88,88,85,95,95,94,94,65,65,71,63,63,63,63,63,28,98,80,80,80,64,64,64,60,89,89,68,36,36,32,50,79,0],"gold":44,"neow_bonus":"TEN_PERCENT_HP_BONUS","is_prod":false,"is_daily":false,"chose_seed":false,"campfire_upgraded":1,"win_rate":0,"timestamp":1564187143,"path_taken":["M","$","?","?","?","M","?","E","T","M","?","?","?","?","R","BOSS","M","?","?","?","$","R","M","R","T","M","M","$","E","M","R","BOSS"],"build_version":"2019-07-17","purchased_purges":1,"victory":false,"max_hp_per_floor":[88,88,88,98,98,98,98,98,98,98,98,98,98,98,98,98,98,98,98,98,98,98,98,98,98,98,98,98,98,98,98,98,98],"card_choices":[{"not_picked":["Havoc","Wild Strike"],"picked":"Clash","floor":1.0},{"not_picked":["Disarm","Second Wind"],"picked":"Anger","floor":6.0},{"not_picked":["Battle Trance","Thunderclap"],"picked":"Carnage","floor":8.0},{"not_picked":["Twin Strike","Ghostly Armor"],"picked":"Shrug It Off","floor":10.0},{"not_picked":["Hemokinesis","Perfected Strike","Wild Strike"],"picked":"SKIP","floor":11.0},{"not_picked":["Berserk","Bludgeon"],"picked":"Demon Form","floor":16.0},{"not_picked":["Headbutt","Body Slam+1"],"picked":"Sword Boomerang+1","floor":18.0},{"not_picked":["Hemokinesis","Twin Strike"],"picked":"Armaments","floor":24.0},{"not_picked":["Armaments","Sword Boomerang"],"picked":"Heavy Blade","floor":25.0},{"not_picked":["Sword Boomerang","Wild Strike"],"picked":"Body Slam+1","floor":27.0},{"not_picked":["Hemokinesis","Shrug It Off"],"picked":"Clash+1","floor":28.0},{"not_picked":["Perfected Strike","Body Slam"],"picked":"Sword Boomerang","floor":30},{"not_picked":["Demon Form","Iron Wave"],"picked":"Flame Barrier+1","floor":31},{"not_picked":["True Grit+1","Clothesline"],"picked":"Blood for Blood","floor":32}],"player_experience":566150,"relics_obtained":[{"floor":4.0,"key":"Pear"},{"floor":8.0,"key":"Vajra"},{"floor":12.0,"key":"Dream Catcher"},{"floor":21.0,"key":"Nilry\u0027s Codex"},{"floor":26.0,"key":"Meat on the Bone"},{"floor":30,"key":"Blue Candle"}],"event_choices":[{"damage_healed":0.0,"max_hp_gain":0.0,"max_hp_loss":0.0,"gold_gain":0.0,"event_name":"Scrap Ooze","player_choice":"Success","floor":3.0,"gold_loss":0.0,"damage_taken":3.0,"relics_obtained":["Sundial"]},{"damage_healed":0.0,"max_hp_gain":0.0,"max_hp_loss":0.0,"gold_gain":175.0,"event_name":"Liars Game","player_choice":"AGREE","floor":5.0,"gold_loss":0.0,"damage_taken":0.0,"cards_obtained":["Doubt"]},{"damage_healed":0.0,"max_hp_gain":0.0,"max_hp_loss":0.0,"gold_gain":0.0,"event_name":"Lab","player_choice":"Got Potions","floor":7.0,"gold_loss":0.0,"damage_taken":0.0},{"damage_healed":0.0,"max_hp_gain":0.0,"max_hp_loss":0.0,"gold_gain":0.0,"event_name":"Shining Light","player_choice":"Ignored","floor":13.0,"gold_loss":0.0,"damage_taken":0.0},{"damage_healed":0.0,"max_hp_gain":0.0,"max_hp_loss":0.0,"gold_gain":0.0,"event_name":"Ghosts","player_choice":"Ignored","floor":19.0,"gold_loss":0.0,"damage_taken":0.0},{"damage_healed":0.0,"max_hp_gain":0.0,"max_hp_loss":0.0,"gold_gain":0.0,"event_name":"Beggar","player_choice":"Ignored","floor":20.0,"gold_loss":0.0,"damage_taken":0.0},{"damage_healed":0.0,"max_hp_gain":0.0,"max_hp_loss":0.0,"gold_gain":0.0,"event_name":"Cursed Tome","player_choice":"Obtained Book","floor":21.0,"gold_loss":0.0,"damage_taken":16.0}],"is_beta":false,"boss_relics":[{"not_picked":["Coffee Dripper","Astrolabe"],"picked":"White Beast Statue"}],"items_purged_floors":[14],"is_endless":false,"potions_floor_spawned":[10,18,24,27,28,30,31],"killed_by":"Champ","ascension_level":4}