{"gold_per_floor":[365,375,152,152,162,162,179,234,260,273,273,273,291,271,271,400,400,421,439,354,379,479,519,618,618,618,33,33,6,6,25,25,146,146,159,184,184,39,39,39],"floor_reached":40,"playtime":1608,"items_purged":["Decay"],"score":537,"play_id":"a96589a7-0b09-4edb-adf0-e03f20a63f42","local_time":"20181129203147","is_ascension_mode":true,"campfire_choices":[{"data":"Perfected Strike","floor":6,"key":"SMITH"},{"floor":11,"key":"REST"},{"data":"Spot Weakness","floor":15,"key":"SMITH"},{"floor":28,"key":"REST"},{"floor":30,"key":"REST"},{"floor":32,"key":"REST"}],"neow_cost":"CURSE","seed_source_timestamp":105860504593053,"circlet_count":0,"master_deck":["Strike_R","Strike_R","Strike_R","Strike_R","Strike_R","Defend_R","Defend_R","Defend_R","Bash","Perfected Strike+1","Fire Breathing","Twin Strike","Spot Weakness+1","Infernal Blade","Offering","Iron Wave","Wild Strike+1","Sentinel","Wild Strike","Twin Strike+1","Shrug It Off","Armaments+1","Battle Trance+1","Shockwave+1","Demon Form+1","Armaments+1","True Grit","Sadistic Nature+1"],"relics":["Burning Blood","Bag of Preparation","Pen Nib","Juzu Bracelet","Golden Idol","Empty Cage","Potion Belt","Frozen Egg 2","MutagenicStrength","Blue Candle","Dream Catcher","Question Card","HandDrill","Mark of Pain","Vajra"],"potions_floor_usage":[8,16,18,19,21,23,23,40],"damage_taken":[{"damage":23,"enemies":"Jaw Worm","floor":1,"turns":5},{"damage":6,"enemies":"Cultist","floor":2,"turns":3},{"damage":0,"enemies":"Small Slimes","floor":5,"turns":3},{"damage":16,"enemies":"3 Louse","floor":7,"turns":3},{"damage":15,"enemies":"3 Sentries","floor":8,"turns":5},{"damage":21,"enemies":"Exordium Thugs","floor":10,"turns":3},{"damage":15,"enemies":"Lots of Slimes","floor":13,"turns":3},{"damage":7,"enemies":"Slime Boss","floor":16,"turns":6},{"damage":8,"enemies":"Shell Parasite","floor":18,"turns":2},{"damage":30,"enemies":"3 Byrds","floor":19,"turns":5},{"damage":15,"enemies":"Centurion and Healer","floor":21,"turns":5},{"damage":36,"enemies":"Gremlin Leader","floor":23,"turns":4},{"damage":28,"enemies":"Snecko","floor":31,"turns":4},{"damage":52,"enemies":"Champ","floor":33,"turns":9},{"damage":14,"enemies":"3 Shapes","floor":35,"turns":3},{"damage":23,"enemies":"3 Darklings","floor":36,"turns":3},{"damage":47,"enemies":"Giant Head","floor":40,"turns":7}],"seed_played":"-560773617596527314","potions_obtained":[{"floor":1,"key":"Strength Potion"},{"floor":2,"key":"Strength Potion"},{"floor":13,"key":"BloodPotion"},{"floor":14,"key":"FearPotion"},{"floor":16,"key":"AttackPotion"},{"floor":18,"key":"BloodPotion"},{"floor":19,"key":"Poison Potion"},{"floor":36,"key":"Dexterity Potion"}],"is_trial":false,"path_per_floor":["M","M","$","?","M","R","M","?","T","M","R","?","M","?","R","B",null,"M","M","?","M","?","E","?","?","T","$","R","$","R","M","R","B",null,"M","M","?","$","?","E"],"character_chosen":"IRONCLAD","items_purchased":["Bag of Preparation","Dream Catcher","Question Card","HandDrill","Shrug It Off","Vajra"],"campfire_rested":4,"item_purchase_floors":[3,27,27,27,29,38],"current_hp_per_floor":[55,55,55,55,61,61,51,42,42,27,51,51,42,42,42,49,72,70,54,54,45,45,15,15,15,15,15,39,39,63,41,65,19,65,57,40,40,40,40,0],"gold":39,"neow_bonus":"TWO_FIFTY_GOLD","is_prod":false,"is_daily":false,"chose_seed":false,"campfire_upgraded":2,"win_rate":0,"timestamp":1543541507,"path_taken":["M","M","$","?","?","R","M","?","T","M","R","?","M","?","R","BOSS","M","M","?","M","?","E","?","?","T","$","R","$","R","M","R","BOSS","M","M","?","$","?","E"],"build_version":"2018-11-15","purchased_purges":1,"victory":false,"max_hp_per_floor":[80,80,80,80,80,80,80,80,80,80,80,80,80,80,80,80,80,80,80,80,80,80,80,80,80,80,80,80,80,80,80,80,80,80,80,80,80,80,80,80],"card_choices":[{"not_picked":["Searing Blow","Pummel"],"picked":"Burning Pact","floor":1},{"not_picked":["Pommel Strike","Iron Wave"],"picked":"Perfected Strike","floor":2},{"not_picked":["Warcry","True Grit"],"picked":"Twin Strike","floor":5},{"not_picked":["Clothesline","Fiend Fire"],"picked":"Spot Weakness","floor":7},{"not_picked":["Fire Breathing","Sword Boomerang"],"picked":"Infernal Blade","floor":8},{"not_picked":["Sword Boomerang","Havoc","True Grit"],"picked":"SKIP","floor":10},{"not_picked":["Anger","Flex","Headbutt"],"picked":"SKIP","floor":13},{"not_picked":["Barricade","Brutality"],"picked":"Offering","floor":16},{"not_picked":["Body Slam","True Grit"],"picked":"Iron Wave","floor":18},{"not_picked":["Clothesline","Sword Boomerang"],"picked":"Wild Strike+1","floor":19},{"not_picked":["Warcry","Headbutt"],"picked":"Sentinel","floor":21},{"not_picked":["Brutality","Sword Boomerang"],"picked":"Wild Strike","floor":23},{"not_picked":["Iron Wave","Burning Pact","Sword Boomerang"],"picked":"Twin Strike+1","floor":28},{"not_picked":["Spot Weakness","Feel No Pain+1","Havoc"],"picked":"Armaments","floor":30},{"not_picked":["Wild Strike","Feel No Pain+1","Body Slam"],"picked":"Battle Trance+1","floor":31},{"not_picked":["Clash","Body Slam+1","Havoc"],"picked":"Shockwave+1","floor":32},{"not_picked":["Limit Break","Exhume","Impervious"],"picked":"Demon Form+1","floor":33},{"not_picked":["Disarm","Warcry","Burning Pact+1"],"picked":"Armaments+1","floor":35},{"not_picked":["Reckless Charge+1","Anger","Thunderclap+1"],"picked":"True Grit","floor":36},{"not_picked":["Finesse","Impatience","Enlightenment"],"picked":"Sadistic Nature+1","floor":37}],"player_experience":537169,"relics_obtained":[{"floor":8,"key":"Pen Nib"},{"floor":9,"key":"Juzu Bracelet"},{"floor":23,"key":"Frozen Egg 2"},{"floor":26,"key":"Blue Candle"}],"event_choices":[{"damage_healed":0,"gold_gain":0,"cards_transformed":["Defend_R"],"player_choice":"Transformed","damage_taken":0,"max_hp_gain":0,"max_hp_loss":0,"event_name":"Transmorgrifier","floor":4,"gold_loss":0,"cards_obtained":["Fire Breathing"]},{"damage_healed":0,"gold_gain":0,"player_choice":"Searched \u00272\u0027 times","damage_taken":0,"max_hp_gain":0,"max_hp_loss":0,"event_name":"Dead Adventurer","floor":8,"gold_loss":0},{"damage_healed":0,"gold_gain":0,"player_choice":"Take Wound","damage_taken":0,"relics_obtained":["Golden Idol"],"max_hp_gain":0,"max_hp_loss":0,"event_name":"Golden Idol","floor":12,"gold_loss":0,"cards_obtained":["Injury"]},{"damage_healed":0,"gold_gain":0,"player_choice":"Bought 1 Potion","damage_taken":0,"max_hp_gain":0,"max_hp_loss":0,"event_name":"The Woman in Blue","floor":14,"gold_loss":0},{"damage_healed":0,"gold_gain":0,"player_choice":"Obtained Relic","damage_taken":0,"relics_obtained":["Potion Belt"],"max_hp_gain":0,"max_hp_loss":0,"event_name":"Addict","floor":20,"gold_loss":85},{"damage_healed":0,"gold_gain":100,"player_choice":"Pray","damage_taken":0,"max_hp_gain":0,"max_hp_loss":0,"event_name":"Golden Shrine","floor":22,"gold_loss":0},{"damage_healed":0,"gold_gain":99,"player_choice":"Stole From Cult","damage_taken":0,"max_hp_gain":0,"max_hp_loss":0,"event_name":"Nest","floor":24,"gold_loss":0},{"damage_healed":0,"gold_gain":0,"player_choice":"Inject Mutagens","damage_taken":0,"relics_obtained":["MutagenicStrength"],"max_hp_gain":0,"max_hp_loss":0,"event_name":"Drug Dealer","floor":25,"gold_loss":0},{"damage_healed":0,"gold_gain":0,"player_choice":"Memory 1","damage_taken":0,"max_hp_gain":0,"max_hp_loss":0,"event_name":"SensoryStone","floor":37,"gold_loss":0},{"damage_healed":0,"gold_gain":0,"player_choice":"Upgraded","damage_taken":0,"max_hp_gain":0,"max_hp_loss":0,"event_name":"Upgrade Shrine","floor":39,"gold_loss":0,"cards_upgraded":["Armaments"]}],"is_beta":true,"boss_relics":[{"not_picked":["Lizard Tail","Busted Crown"],"picked":"Empty Cage"},{"not_picked":["Black Star","Runic Dome"],"picked":"Mark of Pain"}],"items_purged_floors":[3],"is_endless":false,"potions_floor_spawned":[1,2,13,16,18,19,36],"killed_by":"Giant Head","ascension_level":6}