{"gold_per_floor":[119,194,204,224,240,240,291,305,305,330,340,357,357,357,357,357],"floor_reached":16,"playtime":578,"items_purged":[],"score":203,"play_id":"ec9307af-7020-4788-858e-8c154d281acd","local_time":"20190304133752","is_ascension_mode":true,"campfire_choices":[{"data":"Bash","floor":6,"key":"SMITH"},{"data":"Feel No Pain","floor":13,"key":"SMITH"},{"data":"Second Wind","floor":15,"key":"SMITH"}],"neow_cost":"CURSE","seed_source_timestamp":9105053931909,"circlet_count":0,"master_deck":["AscendersBane","Strike_R","Strike_R","Strike_R","Strike_R","Strike_R","Defend_R","Defend_R","Defend_R","Defend_R","Bash+1","Injury","Thunderclap","Cleave","Dropkick","Intimidate","Shrug It Off","Feel No Pain+1","Dropkick","Second Wind+1","Injury"],"relics":["Burning Blood","Mango","Meat on the Bone","Pantograph","Golden Idol"],"potions_floor_usage":[5,10,16,16],"damage_taken":[{"damage":3,"enemies":"2 Louse","floor":1,"turns":3},{"damage":10,"enemies":"Small Slimes","floor":3,"turns":3},{"damage":9,"enemies":"Jaw Worm","floor":4,"turns":5},{"damage":49,"enemies":"Gremlin Gang","floor":5,"turns":6},{"damage":24,"enemies":"Blue Slaver","floor":8,"turns":6},{"damage":17,"enemies":"3 Sentries","floor":10,"turns":5},{"damage":3,"enemies":"Looter","floor":11,"turns":3},{"damage":26,"enemies":"Exordium Wildlife","floor":12,"turns":5},{"damage":61,"enemies":"Slime Boss","floor":16,"turns":11}],"seed_played":"-7077640085636620314","potions_obtained":[{"floor":1,"key":"GamblersBrew"},{"floor":4,"key":"Regen Potion"},{"floor":5,"key":"Explosive Potion"},{"floor":12,"key":"Energy Potion"}],"is_trial":false,"path_per_floor":["M","?","M","M","M","R","?","M","T","E","M","M","R","?","R","B"],"character_chosen":"IRONCLAD","items_purchased":[],"campfire_rested":0,"item_purchase_floors":[],"current_hp_per_floor":[85,74,70,67,39,39,39,21,21,22,37,29,29,29,29,0],"gold":357,"neow_bonus":"ONE_RARE_RELIC","is_prod":false,"is_daily":false,"chose_seed":false,"campfire_upgraded":3,"win_rate":0,"timestamp":1551724672,"path_taken":["M","?","M","M","M","R","?","M","T","E","M","M","R","?","R","BOSS"],"build_version":"2019-02-06","purchased_purges":0,"victory":false,"max_hp_per_floor":[89,89,89,89,89,89,89,89,89,89,89,89,89,89,89,89],"card_choices":[{"not_picked":["Havoc","Cleave"],"picked":"Thunderclap","floor":1},{"not_picked":["Seeing Red","Warcry"],"picked":"Cleave","floor":3},{"not_picked":["Thunderclap","Evolve"],"picked":"Dropkick","floor":4},{"not_picked":["Perfected Strike","Exhume"],"picked":"Intimidate","floor":5},{"not_picked":["Warcry","Inflame"],"picked":"Shrug It Off","floor":8},{"not_picked":["Clash","Thunderclap"],"picked":"Feel No Pain","floor":10},{"not_picked":["Burning Pact","Dual Wield"],"picked":"Dropkick","floor":11},{"not_picked":["Thunderclap","Sword Boomerang"],"picked":"Second Wind","floor":12}],"player_experience":1028617,"relics_obtained":[{"floor":9,"key":"Meat on the Bone"},{"floor":10,"key":"Pantograph"}],"event_choices":[{"damage_healed":0,"gold_gain":75,"player_choice":"Gather Gold","damage_taken":11,"max_hp_gain":0,"max_hp_loss":0,"event_name":"World of Goop","floor":2,"gold_loss":0},{"damage_healed":0,"gold_gain":51,"player_choice":"Gained Gold","damage_taken":0,"max_hp_gain":0,"max_hp_loss":0,"event_name":"Golden Wing","floor":7,"gold_loss":0},{"damage_healed":0,"gold_gain":0,"player_choice":"Take Wound","damage_taken":0,"relics_obtained":["Golden Idol"],"max_hp_gain":0,"max_hp_loss":0,"event_name":"Golden Idol","floor":14,"gold_loss":0,"cards_obtained":["Injury"]}],"is_beta":true,"boss_relics":[],"items_purged_floors":[],"is_endless":false,"potions_floor_spawned":[1,4,5,12],"killed_by":"Slime Boss","ascension_level":19}