{"gold_per_floor":[10,10,10,10,20,20,51,51,51,83,99,174,63,75,75,152,202,213,229,229,229,239,239,257,257,257,286,301,301,301,315,315,387,387,400,411,425,435,1434,1434,1461,1461,1461,1461,1486,653,671,681,681,681],"floor_reached":50,"playtime":4017,"items_purged":["Strike_R","Normality"],"score":979,"play_id":"513fb043-543b-4546-b80e-f798ea585c79","local_time":"20190118005514","is_ascension_mode":true,"campfire_choices":[{"data":"Armaments","floor":6.0,"key":"SMITH"},{"floor":8.0,"key":"REST"},{"floor":15.0,"key":"REST"},{"floor":23.0,"key":"REST"},{"floor":25.0,"key":"REST"},{"floor":32.0,"key":"REST"},{"floor":40.0,"key":"REST"},{"floor":42.0,"key":"REST"},{"floor":49.0,"key":"REST"}],"neow_cost":"NO_GOLD","seed_source_timestamp":620865074339451,"circlet_count":0,"master_deck":["AscendersBane","Strike_R","Strike_R+1","Strike_R+1","Defend_R","Defend_R+1","Defend_R","Defend_R","Bash","Panache","Blind","Armaments+1","Intimidate","Warcry","Berserk","Pommel Strike","Shrug It Off","Metallicize","True Grit","Juggernaut","Warcry","Seeing Red","Entrench","Dropkick","Combust+1","Inflame","Disarm","Reaper","Battle Trance+1","Spot Weakness","Ghostly Armor","Normality","Panacea","Sword Boomerang+1","Rampage","Feel No Pain+1"],"special_seed":0,"relics":["Burning Blood","Bird Faced Urn","Whetstone","Pantograph","Tiny House","FaceOfCleric","PreservedInsect","Potion Belt","Runic Cube","Boot","Kunai","Pear","Regal Pillow","Strange Spoon","Question Card"],"potions_floor_usage":[50],"damage_taken":[{"damage":6.0,"enemies":"Cultist","floor":1.0,"turns":3.0},{"damage":6.0,"enemies":"Jaw Worm","floor":5.0,"turns":7.0},{"damage":37.0,"enemies":"3 Sentries","floor":7.0,"turns":13.0},{"damage":38.0,"enemies":"Gremlin Nob","floor":10.0,"turns":4.0},{"damage":0.0,"enemies":"Small Slimes","floor":11.0,"turns":4.0},{"damage":26.0,"enemies":"Gremlin Gang","floor":14.0,"turns":5.0},{"damage":42.0,"enemies":"Hexaghost","floor":16.0,"turns":12.0},{"damage":28.0,"enemies":"Spheric Guardian","floor":18.0,"turns":5.0},{"damage":29.0,"enemies":"Chosen","floor":19.0,"turns":8.0},{"damage":0.0,"enemies":"Masked Bandits","floor":20.0,"turns":1.0},{"damage":39.0,"enemies":"Shelled Parasite and Fungi","floor":22.0,"turns":7.0},{"damage":49.0,"enemies":"Snake Plant","floor":24.0,"turns":5.0},{"damage":63.0,"enemies":"Book of Stabbing","floor":27.0,"turns":7.0},{"damage":18.0,"enemies":"3 Cultists","floor":28.0,"turns":5.0},{"damage":24.0,"enemies":"Centurion and Healer","floor":31.0,"turns":6.0},{"damage":74.0,"enemies":"Collector","floor":33.0,"turns":12.0},{"damage":31.0,"enemies":"Orb Walker","floor":35.0,"turns":5.0},{"damage":35.0,"enemies":"3 Shapes","floor":36.0,"turns":3.0},{"damage":22.0,"enemies":"Maw","floor":37.0,"turns":11.0},{"damage":75.0,"enemies":"Spire Growth","floor":38.0,"turns":8.0},{"damage":58.0,"enemies":"Nemesis","floor":45.0,"turns":11.0},{"damage":64.0,"enemies":"Sphere and 2 Shapes","floor":47.0,"turns":10.0},{"damage":28.0,"enemies":"3 Darklings","floor":48.0,"turns":7.0},{"damage":46,"enemies":"Time Eater","floor":50,"turns":4}],"seed_played":"646280400978692915","potions_obtained":[{"floor":1.0,"key":"Swift Potion"},{"floor":10.0,"key":"Strength Potion"},{"floor":11.0,"key":"Fire Potion"},{"floor":16.0,"key":"SmokeBomb"},{"floor":17.0,"key":"Fruit Juice"},{"floor":18.0,"key":"Weak Potion"},{"floor":22.0,"key":"Regen Potion"},{"floor":27.0,"key":"SkillPotion"},{"floor":33.0,"key":"GamblersBrew"},{"floor":36.0,"key":"Swift Potion"},{"floor":37.0,"key":"Explosive Potion"},{"floor":38.0,"key":"SkillPotion"},{"floor":47.0,"key":"SkillPotion"}],"is_trial":false,"path_per_floor":["M","$","?","?","M","R","E","R","T","E","M","?","$","M","R","B",null,"M","M","?","?","M","R","M","R","T","E","M","?","?","M","R","B",null,"M","M","M","M","?","R","T","R","T","?","E","$","M","M","R","B"],"character_chosen":"IRONCLAD","items_purchased":["Metallicize","Regal Pillow","Strange Spoon","Energy Potion","SteroidPotion","Rampage","Question Card"],"campfire_rested":8,"item_purchase_floors":[13,46,46,46,46,46,46],"current_hp_per_floor":[68,68,73,73,73,73,42,66,66,38,48,37,37,23,47,42,81,67,52,58,58,34,61,27,54,54,21,18,18,18,13,41,11,75,67,61,60,14,14,44,44,74,74,74,58,58,25,14,62,53],"gold":681,"neow_bonus":"RANDOM_COLORLESS_2","is_prod":false,"is_daily":false,"chose_seed":false,"campfire_upgraded":1,"win_rate":0,"timestamp":1547790914,"path_taken":["M","?","?","?","M","R","E","R","T","E","?","?","$","M","R","BOSS","M","M","?","?","M","R","M","R","T","E","?","?","?","M","R","BOSS","M","M","M","M","?","R","?","R","T","?","E","$","?","M","R","BOSS"],"build_version":"2019-01-16","purchased_purges":2,"victory":false,"max_hp_per_floor":[75,75,80,80,80,80,80,80,80,80,80,80,80,80,80,80,90,90,90,90,90,91,91,92,92,92,93,94,94,94,95,95,96,96,97,98,99,100,100,100,100,100,100,100,111,111,112,113,113,113],"card_choices":[{"not_picked":["Pommel Strike","Clash"],"picked":"Armaments","floor":1.0},{"not_picked":["True Grit","Thunderclap"],"picked":"Warcry","floor":5.0},{"not_picked":["Clash","Fiend Fire"],"picked":"Berserk","floor":7.0},{"not_picked":["Hemokinesis","Armaments"],"picked":"Pommel Strike","floor":10.0},{"not_picked":["Headbutt","Perfected Strike"],"picked":"Shrug It Off","floor":11.0},{"not_picked":["Wild Strike","Battle Trance"],"picked":"True Grit","floor":14.0},{"not_picked":["Immolate","Exhume"],"picked":"Juggernaut","floor":16.0},{"not_picked":["Armaments","Hemokinesis"],"picked":"Warcry","floor":17.0},{"not_picked":["Burning Pact","Fire Breathing"],"picked":"Seeing Red","floor":18.0},{"not_picked":["Combust","Rampage"],"picked":"Entrench","floor":19.0},{"not_picked":["Clash","Sword Boomerang","Clothesline"],"picked":"SKIP","floor":22.0},{"not_picked":["Cleave","Perfected Strike"],"picked":"Dropkick","floor":24.0},{"not_picked":["Iron Wave","Sword Boomerang"],"picked":"Combust+1","floor":27.0},{"not_picked":["Headbutt","Clash","Armaments"],"picked":"SKIP","floor":28.0},{"not_picked":["Pummel","Headbutt"],"picked":"Disarm","floor":31.0},{"not_picked":["Berserk","Immolate"],"picked":"Reaper","floor":33.0},{"not_picked":["Headbutt+1","Pommel Strike","Anger"],"picked":"SKIP","floor":35.0},{"not_picked":["Body Slam","Corruption+1"],"picked":"Battle Trance+1","floor":36.0},{"not_picked":["Thunderclap+1","Havoc"],"picked":"Spot Weakness","floor":37.0},{"not_picked":["Armaments","Entrench"],"picked":"Ghostly Armor","floor":38.0},{"not_picked":["HandOfGreed","Forethought"],"picked":"Panacea","floor":44.0},{"not_picked":["Heavy Blade","Wild Strike"],"picked":"Sword Boomerang+1","floor":45.0},{"not_picked":["Rage","Blood for Blood","Armaments","Battle Trance"],"picked":"SKIP","floor":47.0},{"not_picked":["Iron Wave","Inflame","Pommel Strike"],"picked":"Feel No Pain+1","floor":48.0}],"player_experience":848593,"relics_obtained":[{"floor":7.0,"key":"Bird Faced Urn"},{"floor":9.0,"key":"Whetstone"},{"floor":10.0,"key":"Pantograph"},{"floor":26.0,"key":"PreservedInsect"},{"floor":27.0,"key":"Potion Belt"},{"floor":41.0,"key":"Boot"},{"floor":43.0,"key":"Kunai"},{"floor":45.0,"key":"Pear"}],"event_choices":[{"damage_healed":0.0,"max_hp_gain":5.0,"max_hp_loss":0.0,"gold_gain":0.0,"event_name":"Big Fish","player_choice":"Donut","floor":3.0,"gold_loss":0.0,"damage_taken":0.0},{"damage_healed":0.0,"max_hp_gain":0.0,"max_hp_loss":0.0,"gold_gain":0.0,"cards_transformed":["Strike_R"],"event_name":"Transmorgrifier","player_choice":"Transformed","floor":4.0,"gold_loss":0.0,"damage_taken":0.0,"cards_obtained":["Intimidate"]},{"damage_healed":0.0,"max_hp_gain":0.0,"max_hp_loss":0.0,"gold_gain":75.0,"event_name":"World of Goop","player_choice":"Gather Gold","floor":12.0,"gold_loss":0.0,"damage_taken":11.0},{"damage_healed":0.0,"max_hp_gain":0.0,"max_hp_loss":0.0,"gold_gain":0.0,"event_name":"Masked Bandits","player_choice":"Fought Bandits","floor":20.0,"gold_loss":0.0,"damage_taken":0.0},{"damage_healed":0.0,"max_hp_gain":0.0,"max_hp_loss":0.0,"gold_gain":0.0,"event_name":"FaceTrader","player_choice":"Trade","floor":21.0,"gold_loss":0.0,"damage_taken":0.0,"relics_obtained":["FaceOfCleric"]},{"damage_healed":0.0,"max_hp_gain":0.0,"max_hp_loss":0.0,"gold_gain":0.0,"event_name":"Ghosts","player_choice":"Ignored","floor":29.0,"gold_loss":0.0,"damage_taken":0.0},{"damage_healed":0.0,"max_hp_gain":0.0,"max_hp_loss":0.0,"gold_gain":0.0,"event_name":"The Library","player_choice":"Read","floor":30.0,"gold_loss":0.0,"damage_taken":0.0,"cards_obtained":["Inflame"]},{"damage_healed":0.0,"max_hp_gain":0.0,"max_hp_loss":0.0,"gold_gain":999.0,"event_name":"MindBloom","player_choice":"Gold","floor":39.0,"gold_loss":0.0,"damage_taken":0.0,"cards_obtained":["Normality","Normality"]},{"damage_healed":0.0,"max_hp_gain":0.0,"max_hp_loss":0.0,"gold_gain":0.0,"event_name":"SensoryStone","player_choice":"Memory 1","floor":44.0,"gold_loss":0.0,"damage_taken":0.0}],"is_beta":true,"boss_relics":[{"not_picked":["Cursed Key","Pandora\u0027s Box"],"picked":"Tiny House"},{"not_picked":["Velvet Choker","Black Star"],"picked":"Runic Cube"}],"items_purged_floors":[13,46],"is_endless":false,"potions_floor_spawned":[1,10,11,16,18,22,27,33,36,37,38,47],"killed_by":"Time Eater","ascension_level":15}