{"gold_per_floor":[111,127,127,144,158,158,171,190,236,249,249,249,0,0,0,0],"floor_reached":16,"playtime":861,"items_purged":[],"score":183,"play_id":"154ea4e4-86ab-4209-bec3-702cdab0b4af","local_time":"20190216193028","is_ascension_mode":true,"campfire_choices":[{"data":"Genetic Algorithm","floor":6,"key":"SMITH"},{"data":"Reinforced Body","floor":12,"key":"SMITH"},{"data":"Capacitor","floor":15,"key":"SMITH"}],"neow_cost":"NONE","seed_source_timestamp":254774806464997,"circlet_count":0,"master_deck":["AscendersBane","Strike_B","Strike_B","Strike_B+1","Strike_B+1","Defend_B","Defend_B","Defend_B","Defend_B","Zap","Dualcast","Reinforced Body+1","Conserve Battery","Genetic Algorithm+1","Glacier","Cold Snap","Leap","Capacitor","Injury","Capacitor+1"],"relics":["Cracked Core","Orichalcum","Golden Idol","Vajra"],"potions_floor_usage":[5,10,16],"damage_taken":[{"damage":6,"enemies":"Small Slimes","floor":1,"turns":3},{"damage":0,"enemies":"Cultist","floor":2,"turns":3},{"damage":2,"enemies":"2 Louse","floor":4,"turns":3},{"damage":0,"enemies":"Blue Slaver","floor":5,"turns":5},{"damage":4,"enemies":"3 Louse","floor":7,"turns":6},{"damage":3,"enemies":"Red Slaver","floor":8,"turns":8},{"damage":16,"enemies":"Exordium Thugs","floor":10,"turns":6},{"damage":31,"enemies":"The Guardian","floor":16,"turns":30}],"seed_played":"-3112561970771424813","potions_obtained":[{"floor":2,"key":"Fire Potion"},{"floor":4,"key":"Explosive Potion"},{"floor":5,"key":"EssenceOfSteel"}],"is_trial":false,"path_per_floor":["M","M","?","M","M","R","M","M","T","M","?","R","$","?","R","B"],"character_chosen":"DEFECT","items_purchased":["Capacitor","Vajra"],"campfire_rested":0,"item_purchase_floors":[13,13],"current_hp_per_floor":[65,65,78,76,76,76,72,69,69,53,53,53,53,30,30,0],"gold":0,"neow_bonus":"TEN_PERCENT_HP_BONUS","is_prod":false,"is_daily":false,"chose_seed":false,"campfire_upgraded":3,"win_rate":0,"timestamp":1550363428,"path_taken":["M","M","?","M","M","R","M","?","T","M","?","R","$","?","R","BOSS"],"build_version":"2019-02-06","purchased_purges":0,"victory":false,"max_hp_per_floor":[78,78,78,78,78,78,78,78,78,78,78,78,78,78,78,78],"card_choices":[{"not_picked":["Steam","Darkness"],"picked":"Reinforced Body","floor":1},{"not_picked":["Compile Driver","Steam Power"],"picked":"Conserve Battery","floor":2},{"not_picked":["Hologram","Gash"],"picked":"Genetic Algorithm","floor":4},{"not_picked":["Beam Cell","Stack"],"picked":"Glacier","floor":5},{"not_picked":["Gash","Leap"],"picked":"Cold Snap","floor":7},{"not_picked":["Reprogram","Redo"],"picked":"Leap","floor":8},{"not_picked":["Steam Power","Consume"],"picked":"Capacitor","floor":10}],"player_experience":981217,"relics_obtained":[{"floor":9,"key":"Orichalcum"}],"event_choices":[{"damage_healed":13,"gold_gain":0,"player_choice":"Full Heal","damage_taken":0,"max_hp_gain":0,"max_hp_loss":0,"event_name":"Wheel of Change","floor":3,"gold_loss":0},{"damage_healed":0,"gold_gain":0,"player_choice":"Take Wound","damage_taken":0,"relics_obtained":["Golden Idol"],"max_hp_gain":0,"max_hp_loss":0,"event_name":"Golden Idol","floor":11,"gold_loss":0,"cards_obtained":["Injury"]},{"damage_healed":0,"gold_gain":0,"player_choice":"Entered Light","damage_taken":23,"max_hp_gain":0,"max_hp_loss":0,"event_name":"Shining Light","floor":14,"gold_loss":0,"cards_upgraded":["Strike_B","Strike_B"]}],"is_beta":true,"boss_relics":[],"items_purged_floors":[],"is_endless":false,"potions_floor_spawned":[2,4,5,8],"killed_by":"The Guardian","ascension_level":19}