{"gold_per_floor":[110,110,121,137,154,39,71,71,71,102,102,129,147,163,163,267,317,332,346,373,298,311,311,324,274,274,274,292,292,392,410,410,508,508,524,573,573,584,599,599,599,599,649,649,669,891,902,347,347,347,347,347,145,173,173],"floor_reached":55,"playtime":3965,"items_purged":["Strike_R","Strike_R","Bash","Defend_R"],"score":739,"play_id":"cdb2e723-4f8a-4903-9c63-2ba18f533be4","local_time":"20190714183020","is_ascension_mode":false,"campfire_choices":[{"floor":15,"key":"REST"},{"data":"Barricade","floor":23,"key":"SMITH"},{"floor":27,"key":"REST"},{"floor":32,"key":"REST"},{"floor":40,"key":"REST"},{"floor":44,"key":"RECALL"},{"floor":49,"key":"REST"},{"data":"Body Slam","floor":52,"key":"SMITH"}],"neow_cost":"PERCENT_DAMAGE","seed_source_timestamp":344859223084957,"circlet_count":0,"master_deck":["Defend_R","Defend_R","Defend_R+1","Juggernaut+1","Metallicize","Armaments+1","Battle Trance","Ghostly Armor","Metallicize","Ghostly Armor","Barricade+1","Body Slam+1","Entrench","Berserk","Flame Barrier","Shrug It Off+1","Havoc","Havoc+1","Entrench"],"relics":["Burning Blood","Dead Branch","Pear","Mercury Hourglass","Smiling Mask","Tiny House","Red Mask","Charon\u0027s Ashes","Sundial","Sozu","Nunchaku","Question Card","Potion Belt","DollysMirror","Gambling Chip","Bronze Scales","Boot"],"potions_floor_usage":[17,36,36],"damage_taken":[{"damage":6,"enemies":"Cultist","floor":1,"turns":4},{"damage":2,"enemies":"Small Slimes","floor":3,"turns":4},{"damage":5,"enemies":"Jaw Worm","floor":4,"turns":5},{"damage":6,"enemies":"Exordium Wildlife","floor":5,"turns":5},{"damage":17,"enemies":"3 Sentries","floor":7,"turns":8},{"damage":1,"enemies":"Lagavulin","floor":10,"turns":8},{"damage":6,"enemies":"3 Sentries","floor":12,"turns":5},{"damage":8,"enemies":"Large Slime","floor":13,"turns":5},{"damage":13,"enemies":"3 Louse","floor":14,"turns":3},{"damage":9,"enemies":"Slime Boss","floor":16,"turns":10},{"damage":0,"enemies":"Spheric Guardian","floor":18,"turns":4},{"damage":14,"enemies":"3 Byrds","floor":19,"turns":5},{"damage":43,"enemies":"Masked Bandits","floor":20,"turns":4},{"damage":4,"enemies":"Centurion and Healer","floor":22,"turns":6},{"damage":23,"enemies":"3 Cultists","floor":24,"turns":7},{"damage":9,"enemies":"Snake Plant","floor":28,"turns":5},{"damage":9,"enemies":"Colosseum Slavers","floor":30,"turns":5},{"damage":31,"enemies":"Colosseum Nobs","floor":30,"turns":5},{"damage":0,"enemies":"Cultist and Chosen","floor":31,"turns":6},{"damage":21,"enemies":"Champ","floor":33,"turns":9},{"damage":22,"enemies":"3 Darklings","floor":35,"turns":5},{"damage":62,"enemies":"2 Orb Walkers","floor":36,"turns":7},{"damage":20,"enemies":"3 Shapes","floor":38,"turns":4},{"damage":0,"enemies":"Sphere and 2 Shapes","floor":39,"turns":4},{"damage":0,"enemies":"4 Shapes","floor":45,"turns":5},{"damage":4,"enemies":"Maw","floor":47,"turns":6},{"damage":27,"enemies":"Awakened One","floor":50,"turns":15},{"damage":46,"enemies":"Shield and Spear","floor":54,"turns":6},{"damage":81,"enemies":"The Heart","floor":55,"turns":3}],"seed_played":"-8606902732596277086","potions_obtained":[{"floor":5,"key":"FearPotion"},{"floor":7,"key":"Explosive Potion"},{"floor":13,"key":"LiquidBronze"},{"floor":16,"key":"Fruit Juice"},{"floor":17,"key":"FairyPotion"},{"floor":28,"key":"Energy Potion"}],"is_trial":false,"path_per_floor":["M","?","M","M","M","$","E","?","T","E","?","E","M","M","R","B",null,"M","M","?","?","M","R","M","$","T","R","M","?","?","M","R","B",null,"M","?","?","M","M","R","T","?","T","R","M","?","M","$","R","B",null,"R","$","E","B"],"character_chosen":"IRONCLAD","items_purchased":["Battle Trance","DollysMirror","Gambling Chip","Bronze Scales"],"campfire_rested":5,"item_purchase_floors":[6,48,48,53],"current_hp_per_floor":[56,56,60,61,61,61,50,50,60,65,65,65,63,56,83,80,100,100,92,55,55,57,57,40,40,40,70,67,67,39,45,75,60,100,84,28,28,14,20,50,50,50,50,50,56,56,58,58,86,65,95,95,95,55,0],"gold":173,"neow_bonus":"TRANSFORM_TWO_CARDS","is_prod":false,"is_daily":false,"chose_seed":false,"campfire_upgraded":2,"win_rate":0,"timestamp":1563154220,"path_taken":["M","?","M","?","M","$","E","?","T","E","?","E","M","M","R","BOSS","M","?","?","?","M","R","M","?","T","R","M","?","?","M","R","BOSS","M","?","?","M","M","R","?","?","T","R","M","?","?","?","R","BOSS","R","$","E","BOSS"],"build_version":"2019-07-05","purchased_purges":4,"victory":false,"max_hp_per_floor":[80,80,80,80,80,80,80,80,90,90,90,90,90,90,90,90,100,100,100,100,100,100,100,100,100,100,100,100,100,100,100,100,100,100,100,100,100,100,100,100,100,95,95,95,95,95,95,95,95,95,95,95,95,95,95],"card_choices":[{"not_picked":["Wild Strike","Havoc","Carnage"],"picked":"SKIP","floor":1},{"not_picked":["Evolve","Power Through","Perfected Strike"],"picked":"SKIP","floor":3},{"not_picked":["True Grit","Corruption"],"picked":"Metallicize","floor":4},{"not_picked":["Thunderclap","Heavy Blade"],"picked":"Armaments","floor":5},{"not_picked":["Juggernaut","Evolve","Perfected Strike"],"picked":"SKIP","floor":7},{"not_picked":["Heavy Blade","Sword Boomerang","Wild Strike"],"picked":"SKIP","floor":10},{"not_picked":["Body Slam","Inflame"],"picked":"Ghostly Armor","floor":12},{"not_picked":["True Grit","Flex"],"picked":"Metallicize","floor":13},{"not_picked":["Cleave","Twin Strike"],"picked":"Ghostly Armor","floor":14},{"not_picked":["Dark Embrace","Brutality"],"picked":"Barricade","floor":16},{"not_picked":["Pommel Strike","Hemokinesis"],"picked":"Body Slam","floor":17},{"not_picked":["Iron Wave+1","True Grit"],"picked":"Entrench","floor":18},{"not_picked":["Rage","Sword Boomerang","Entrench+1"],"picked":"SKIP","floor":19},{"not_picked":["Thunderclap","Anger+1"],"picked":"Berserk","floor":20},{"not_picked":["Disarm","Warcry"],"picked":"Flame Barrier","floor":22},{"not_picked":["Whirlwind","Twin Strike","Wild Strike+1"],"picked":"SKIP","floor":24},{"not_picked":["True Grit","Perfected Strike","Twin Strike+1"],"picked":"SKIP","floor":28},{"not_picked":["Sever Soul","Headbutt"],"picked":"Shrug It Off+1","floor":30},{"not_picked":["Clothesline","Bludgeon","Shrug It Off"],"picked":"SKIP","floor":31},{"not_picked":["Twin Strike","Evolve","Heavy Blade+1"],"picked":"SKIP","floor":35},{"not_picked":["Evolve+1","Burning Pact"],"picked":"Havoc","floor":36},{"not_picked":["Headbutt+1","Bloodletting","Flame Barrier"],"picked":"SKIP","floor":38},{"not_picked":["Rampage","Burning Pact"],"picked":"Havoc+1","floor":39},{"not_picked":["Combust+1","Battle Trance+1","Wild Strike","Clash"],"picked":"SKIP","floor":45},{"not_picked":["Shrug It Off","Disarm","Twin Strike","Inflame+1"],"picked":"SKIP","floor":47},{"not_picked":["Body Slam","Heavy Blade","Combust","Havoc"],"picked":"SKIP","floor":54}],"player_experience":143893,"relics_obtained":[{"floor":7,"key":"Dead Branch"},{"floor":9,"key":"Pear"},{"floor":10,"key":"Mercury Hourglass"},{"floor":12,"key":"Smiling Mask"},{"floor":20,"key":"Red Mask"},{"floor":30,"key":"Charon\u0027s Ashes"},{"floor":30,"key":"Sundial"},{"floor":36,"key":"Nunchaku"},{"floor":41,"key":"Question Card"},{"floor":43,"key":"Potion Belt"},{"floor":54,"key":"Boot"}],"event_choices":[{"cards_removed":["Combust"],"damage_healed":0,"gold_gain":0,"player_choice":"Took Card","damage_taken":0,"max_hp_gain":0,"max_hp_loss":0,"event_name":"NoteForYourself","floor":2,"gold_loss":0,"cards_obtained":["Strike_R"]},{"damage_healed":0,"gold_gain":0,"player_choice":"Grow","damage_taken":0,"max_hp_gain":0,"max_hp_loss":0,"event_name":"Living Wall","floor":8,"gold_loss":0,"cards_upgraded":["Armaments"]},{"damage_healed":0,"gold_gain":0,"player_choice":"Forge","damage_taken":0,"max_hp_gain":0,"max_hp_loss":0,"event_name":"Accursed Blacksmith","floor":11,"gold_loss":0,"cards_upgraded":["Juggernaut"]},{"damage_healed":0,"gold_gain":0,"player_choice":"Fought Bandits","damage_taken":0,"max_hp_gain":0,"max_hp_loss":0,"event_name":"Masked Bandits","floor":20,"gold_loss":0},{"cards_removed":["Strike_R"],"damage_healed":0,"gold_gain":0,"player_choice":"Gave Gold","damage_taken":0,"max_hp_gain":0,"max_hp_loss":0,"event_name":"Beggar","floor":21,"gold_loss":75},{"damage_healed":0,"gold_gain":0,"player_choice":"Ignored","damage_taken":0,"max_hp_gain":0,"max_hp_loss":0,"event_name":"Ghosts","floor":29,"gold_loss":0},{"damage_healed":0,"gold_gain":0,"player_choice":"Fight","damage_taken":0,"max_hp_gain":0,"max_hp_loss":0,"event_name":"Colosseum","floor":30,"gold_loss":0},{"damage_healed":0,"gold_gain":0,"player_choice":"Fought Nobs","damage_taken":0,"max_hp_gain":0,"max_hp_loss":0,"event_name":"Colosseum","floor":30,"gold_loss":0},{"damage_healed":0,"gold_gain":0,"player_choice":"Fight","damage_taken":0,"max_hp_gain":0,"max_hp_loss":0,"event_name":"Mysterious Sphere","floor":36,"gold_loss":0},{"cards_removed":["Strike_R"],"damage_healed":0,"gold_gain":0,"player_choice":"Removed Attack","damage_taken":0,"max_hp_gain":0,"max_hp_loss":0,"event_name":"Falling","floor":37,"gold_loss":0},{"damage_healed":0,"gold_gain":0,"player_choice":"Max HP","damage_taken":0,"max_hp_gain":0,"max_hp_loss":5,"event_name":"Winding Halls","floor":42,"gold_loss":0},{"damage_healed":0,"gold_gain":222,"player_choice":"Wore Mask","damage_taken":0,"max_hp_gain":0,"max_hp_loss":0,"event_name":"Tomb of Lord Red Mask","floor":46,"gold_loss":0}],"is_beta":false,"boss_relics":[{"not_picked":["Pandora\u0027s Box","Astrolabe"],"picked":"Tiny House"},{"not_picked":["Calling Bell","Velvet Choker"],"picked":"Sozu"}],"items_purged_floors":[6,25,48,53],"is_endless":false,"potions_floor_spawned":[5,7,13,16,24,28,30,30,35,45,54],"killed_by":"The Heart","ascension_level":0}