{"gold_per_floor":[115,133,150,325,341,341,355,355,379,82,115,115,115,141,141,242,242,252,268,15,25,40,40,66,66,66,66,84,103,103,34,34,34],"floor_reached":33,"playtime":2270,"items_purged":["Doubt"],"score":277,"play_id":"02a40127-072d-4ba1-9439-965dee219b90","local_time":"20190222205324","is_ascension_mode":false,"campfire_choices":[{"data":"Skewer","floor":6.0,"key":"SMITH"},{"data":"Neutralize","floor":8.0,"key":"SMITH"},{"data":"Noxious Fumes","floor":12.0,"key":"SMITH"},{"floor":15.0,"key":"REST"},{"floor":23,"key":"RECALL"},{"floor":25,"key":"REST"},{"floor":27,"key":"REST"},{"floor":32,"key":"REST"}],"neow_cost":"NONE","seed_source_timestamp":0,"circlet_count":0,"master_deck":["Defend_G","Defend_G","Defend_G","Defend_G","Strike_G","Strike_G","Strike_G","Strike_G","Survivor","Neutralize+1","Deadly Poison","Skewer+1","PiercingWail","Deadly Poison","Slice","Noxious Fumes+1","Bouncing Flask","Terror","Corpse Explosion","Dodge and Roll","Prepared","Catalyst+1","Poisoned Stab","Envenom","Blade Dance+1","Deadly Poison","Terror"],"special_seed":0,"relics":["Empty Cage","Orichalcum","Anchor","Smiling Mask","Centennial Puzzle","Busted Crown","Bag of Marbles","Nunchaku","Paper Crane"],"potions_floor_usage":[24],"damage_taken":[{"damage":4.0,"enemies":"Cultist","floor":1.0,"turns":5.0},{"damage":0.0,"enemies":"Small Slimes","floor":2.0,"turns":3.0},{"damage":2.0,"enemies":"2 Louse","floor":3.0,"turns":2.0},{"damage":4.0,"enemies":"Exordium Thugs","floor":5.0,"turns":6.0},{"damage":14.0,"enemies":"Large Slime","floor":7.0,"turns":7.0},{"damage":14.0,"enemies":"3 Sentries","floor":11.0,"turns":5.0},{"damage":13.0,"enemies":"Gremlin Nob","floor":14.0,"turns":4.0},{"damage":8.0,"enemies":"The Guardian","floor":16.0,"turns":7.0},{"damage":3,"enemies":"Shell Parasite","floor":18,"turns":4},{"damage":0,"enemies":"Chosen","floor":19,"turns":4},{"damage":4,"enemies":"Snake Plant","floor":21,"turns":4},{"damage":17,"enemies":"Cultist and Chosen","floor":22,"turns":6},{"damage":42,"enemies":"Gremlin Leader","floor":24,"turns":5},{"damage":5,"enemies":"Chosen and Byrds","floor":28,"turns":6},{"damage":43,"enemies":"Centurion and Healer","floor":29,"turns":6},{"damage":43,"enemies":"Collector","floor":33,"turns":5}],"seed_played":"110159755669398256","potions_obtained":[{"floor":3.0,"key":"Fruit Juice"},{"floor":5.0,"key":"Ancient Potion"},{"floor":7.0,"key":"Explosive Potion"},{"floor":14.0,"key":"Fire Potion"},{"floor":19,"key":"Weak Potion"},{"floor":28,"key":"SteroidPotion"}],"is_trial":false,"path_per_floor":["M","M","M","?","M","R","M","R","T","$","E","R","?","E","R","B",null,"M","M","$","M","M","R","E","R","T","R","M","M","?","$","R","B"],"character_chosen":"THE_SILENT","items_purchased":["Noxious Fumes","Anchor","Bag of Marbles","Catalyst","Poisoned Stab","Terror"],"campfire_rested":4,"item_purchase_floors":[10,10,20,20,20,31],"current_hp_per_floor":[66,66,64,64,60,60,46,46,46,46,32,32,32,24,46,38,75,72,72,72,68,51,51,9,31,31,53,48,5,5,5,27,0],"gold":34,"neow_bonus":"BOSS_RELIC","is_prod":false,"is_daily":false,"chose_seed":false,"campfire_upgraded":3,"win_rate":0,"timestamp":1550886804,"path_taken":["M","M","M","?","M","R","M","R","T","$","E","R","?","E","R","BOSS","M","M","$","M","M","R","E","R","T","R","M","M","?","?","R","BOSS"],"build_version":"2019-01-23","purchased_purges":1,"victory":false,"max_hp_per_floor":[70,70,70,70,70,70,70,70,70,70,70,70,70,75,75,75,75,75,75,75,75,75,75,75,75,75,75,75,75,75,75,75,75],"card_choices":[{"not_picked":["Underhanded Strike","Dagger Throw"],"picked":"Deadly Poison","floor":1.0},{"not_picked":["Dagger Throw","Prepared"],"picked":"Skewer","floor":2.0},{"not_picked":["Acrobatics","Dagger Spray"],"picked":"PiercingWail","floor":3.0},{"not_picked":["Dodge and Roll","Cloak And Dagger"],"picked":"Deadly Poison","floor":5.0},{"not_picked":["Quick Slash","After Image"],"picked":"Slice","floor":7.0},{"not_picked":["PiercingWail","Underhanded Strike"],"picked":"Bouncing Flask","floor":11.0},{"not_picked":["Endless Agony","Die Die Die"],"picked":"Terror","floor":14.0},{"not_picked":["Doppelganger","Tools of the Trade"],"picked":"Corpse Explosion","floor":16.0},{"not_picked":[],"picked":"Dodge and Roll","floor":18},{"not_picked":[],"picked":"Prepared","floor":19},{"not_picked":["Dagger Throw+1"],"picked":"SKIP","floor":21},{"not_picked":[],"picked":"Envenom","floor":22},{"not_picked":[],"picked":"Blade Dance+1","floor":24},{"not_picked":["Skewer"],"picked":"SKIP","floor":28},{"not_picked":[],"picked":"Deadly Poison","floor":29}],"player_experience":244093,"relics_obtained":[{"floor":9.0,"key":"Orichalcum"},{"floor":11.0,"key":"Smiling Mask"},{"floor":14.0,"key":"Centennial Puzzle"},{"floor":24,"key":"Nunchaku"},{"floor":26,"key":"Paper Crane"}],"event_choices":[{"damage_healed":0.0,"max_hp_gain":0.0,"max_hp_loss":0.0,"gold_gain":175.0,"event_name":"Liars Game","player_choice":"AGREE","floor":4.0,"gold_loss":0.0,"damage_taken":0.0,"cards_obtained":["Doubt"]},{"damage_healed":0.0,"max_hp_gain":0.0,"max_hp_loss":0.0,"gold_gain":0.0,"event_name":"Shining Light","player_choice":"Ignored","floor":13.0,"gold_loss":0.0,"damage_taken":0.0},{"damage_healed":0,"gold_gain":0,"player_choice":"Forge","damage_taken":0,"max_hp_gain":0,"max_hp_loss":0,"event_name":"Accursed Blacksmith","floor":30,"gold_loss":0,"cards_upgraded":["Catalyst"]}],"is_beta":false,"boss_relics":[{"not_picked":["White Beast Statue","Snecko Eye"],"picked":"Busted Crown"}],"items_purged_floors":[10],"is_endless":false,"potions_floor_spawned":[3,5,7,14,19,28],"killed_by":"Collector","ascension_level":0}