{"gold_per_floor":[12,24,43,53,69,69,104,104,129,129,160,160,178,191,191,292,292,307,123,142,152,171,171,189,189,271,271,282,282,282,282,282,282],"floor_reached":33,"playtime":2888,"items_purged":["Strike_B"],"score":274,"play_id":"b8cd1476-4ed8-4d16-925b-23753d8f3520","local_time":"20190726111552","is_ascension_mode":true,"campfire_choices":[{"data":"Streamline","floor":6,"key":"SMITH"},{"floor":8,"key":"REST"},{"data":"Doom and Gloom","floor":10,"key":"SMITH"},{"data":"Skim","floor":15,"key":"SMITH"},{"floor":23,"key":"REST"},{"floor":25,"key":"REST"},{"floor":27,"key":"REST"},{"data":"Buffer","floor":29,"key":"SMITH"},{"floor":32,"key":"REST"}],"neow_cost":"NO_GOLD","seed_source_timestamp":430947441154428,"circlet_count":0,"master_deck":["Strike_B","Strike_B","Defend_B","Defend_B","Defend_B","Zap","Dualcast","Go for the Eyes","Streamline+1","Skim+1","Ball Lightning","Doom and Gloom+1","Conserve Battery","Melter","Buffer+1","Hologram","Rip and Tear","Hologram","Redo","Doom and Gloom","Genetic Algorithm","Coolheaded","BootSequence","Compile Driver","Barrage+1","Rebound","Decay"],"relics":["Cracked Core","Pear","Boot","Juzu Bracelet","Orrery","Pantograph"],"potions_floor_usage":[11,11,18,21,22,24,30],"damage_taken":[{"damage":0,"enemies":"Small Slimes","floor":1,"turns":3},{"damage":8,"enemies":"Jaw Worm","floor":2,"turns":3},{"damage":0,"enemies":"2 Louse","floor":3,"turns":2},{"damage":7,"enemies":"Gremlin Gang","floor":4,"turns":5},{"damage":14,"enemies":"Lots of Slimes","floor":5,"turns":3},{"damage":27,"enemies":"3 Sentries","floor":7,"turns":4},{"damage":4,"enemies":"Gremlin Nob","floor":11,"turns":3},{"damage":1,"enemies":"Exordium Wildlife","floor":13,"turns":4},{"damage":7,"enemies":"Looter","floor":14,"turns":2},{"damage":28,"enemies":"Slime Boss","floor":16,"turns":6},{"damage":30,"enemies":"Shell Parasite","floor":18,"turns":4},{"damage":8,"enemies":"2 Thieves","floor":20,"turns":4},{"damage":0,"enemies":"Snecko","floor":21,"turns":5},{"damage":22,"enemies":"Centurion and Healer","floor":22,"turns":7},{"damage":38,"enemies":"Cultist and Chosen","floor":24,"turns":5},{"damage":24,"enemies":"Shelled Parasite and Fungi","floor":28,"turns":5},{"damage":22,"enemies":"Colosseum Slavers","floor":30,"turns":5},{"damage":72,"enemies":"Collector","floor":33,"turns":5}],"seed_played":"-9078601347026343011","potions_obtained":[{"floor":2,"key":"Weak Potion"},{"floor":4,"key":"Swift Potion"},{"floor":5,"key":"FearPotion"},{"floor":14,"key":"LiquidBronze"},{"floor":16,"key":"Ancient Potion"},{"floor":18,"key":"FocusPotion"},{"floor":22,"key":"EssenceOfSteel"}],"is_trial":false,"path_per_floor":["M","M","M","M","M","R","E","R","T","R","E","?","M","M","R","B",null,"M","$","M","M","M","R","M","R","T","R","M","R","?","?","R","B"],"character_chosen":"DEFECT","items_purchased":["Coolheaded","BootSequence"],"campfire_rested":5,"item_purchase_floors":[19,19],"current_hp_per_floor":[75,67,67,60,46,46,29,54,54,54,50,50,49,42,42,14,85,55,55,47,47,25,50,12,37,37,62,38,38,16,16,41,0],"gold":282,"neow_bonus":"REMOVE_TWO","is_prod":false,"is_daily":false,"chose_seed":false,"campfire_upgraded":4,"win_rate":0,"timestamp":1564157752,"path_taken":["M","M","M","M","M","R","E","R","T","R","E","?","M","M","R","BOSS","M","$","M","M","M","R","M","R","T","R","M","R","?","?","R","BOSS"],"build_version":"2019-07-17","purchased_purges":1,"victory":false,"max_hp_per_floor":[75,75,75,75,75,75,85,85,85,85,85,85,85,85,85,85,85,85,85,85,85,85,85,85,85,85,85,85,85,85,85,85,85],"card_choices":[{"not_picked":["Coolheaded","Hologram"],"picked":"Go for the Eyes","floor":1},{"not_picked":["Cold Snap","Static Discharge"],"picked":"Streamline","floor":2},{"not_picked":["Leap","Hello World"],"picked":"Skim","floor":3},{"not_picked":["Tempest","Chaos"],"picked":"Ball Lightning","floor":4},{"not_picked":["Scrape","Storm"],"picked":"Doom and Gloom","floor":5},{"not_picked":["Reinforced Body","Coolheaded","Ball Lightning"],"picked":"SKIP","floor":7},{"not_picked":["Heatsinks","Auto Shields","Barrage"],"picked":"SKIP","floor":11},{"not_picked":["Beam Cell","Ball Lightning"],"picked":"Conserve Battery","floor":13},{"not_picked":["Steam","Capacitor"],"picked":"Melter","floor":14},{"not_picked":["Meteor Strike","Amplify"],"picked":"Buffer","floor":16},{"not_picked":["Go for the Eyes","Sweeping Beam"],"picked":"Hologram","floor":17},{"not_picked":["Ball Lightning","Storm"],"picked":"Rip and Tear","floor":17},{"not_picked":["Cold Snap","Streamline"],"picked":"Hologram","floor":17},{"not_picked":["Tempest","Go for the Eyes"],"picked":"Redo","floor":17},{"not_picked":["Coolheaded","Compile Driver"],"picked":"Doom and Gloom","floor":17},{"not_picked":["Reboot","Skim+1"],"picked":"Genetic Algorithm","floor":18},{"not_picked":["Gash+1","Cold Snap","Self Repair+1"],"picked":"SKIP","floor":20},{"not_picked":["Gash","Cold Snap+1","Conserve Battery"],"picked":"SKIP","floor":21},{"not_picked":["Darkness+1","Stack+1"],"picked":"Compile Driver","floor":22},{"not_picked":["Lockon","Sweeping Beam"],"picked":"Barrage+1","floor":24},{"not_picked":["Gash","Fusion"],"picked":"Rebound","floor":28}],"player_experience":256872,"relics_obtained":[{"floor":7,"key":"Pear"},{"floor":9,"key":"Boot"},{"floor":11,"key":"Juzu Bracelet"},{"floor":26,"key":"Pantograph"}],"event_choices":[{"damage_healed":0,"gold_gain":0,"player_choice":"Fled","damage_taken":0,"max_hp_gain":0,"max_hp_loss":0,"event_name":"Scrap Ooze","floor":12,"gold_loss":0},{"damage_healed":0,"gold_gain":0,"player_choice":"Fight","damage_taken":0,"max_hp_gain":0,"max_hp_loss":0,"event_name":"Colosseum","floor":30,"gold_loss":0},{"damage_healed":0,"gold_gain":0,"player_choice":"Fled From Nobs","damage_taken":0,"max_hp_gain":0,"max_hp_loss":0,"event_name":"Colosseum","floor":30,"gold_loss":0},{"damage_healed":0,"gold_gain":0,"player_choice":"Smashed Altar","damage_taken":0,"max_hp_gain":0,"max_hp_loss":0,"event_name":"Forgotten Altar","floor":31,"gold_loss":0,"cards_obtained":["Decay"]}],"is_beta":false,"boss_relics":[{"not_picked":["Calling Bell","White Beast Statue"],"picked":"Orrery"}],"items_purged_floors":[19],"is_endless":false,"potions_floor_spawned":[2,4,5,14,16,18,20,22],"killed_by":"Collector","ascension_level":1}