{"gold_per_floor":[109,184,194,207,357,357,382,382,382,395,413,413,427,444,444,521,521,532,582,497,508,508,508,524,539,566,566],"floor_reached":27,"playtime":1579,"items_purged":[],"score":391,"play_id":"e3f9e96e-e098-4643-a25d-27d0dec6599f","local_time":"20190127125047","is_ascension_mode":true,"campfire_choices":[{"data":"Metallicize","floor":6.0,"key":"SMITH"},{"floor":8.0,"key":"REST"},{"data":"Dual Wield","floor":12.0,"key":"SMITH"},{"floor":15.0,"key":"REST"},{"floor":23.0,"key":"REST"}],"neow_cost":"CURSE","seed_source_timestamp":0,"circlet_count":0,"master_deck":["AscendersBane","Strike_R","Strike_R","Strike_R","Strike_R","Strike_R","Defend_R","Defend_R","Defend_R","Defend_R","Bash","Parasite","True Grit","Metallicize+1","Infernal Blade","Doubt","Dual Wield+1","Dropkick","Warcry","Spot Weakness","Body Slam","Reaper","Pommel Strike+1","Thunderclap","Sword Boomerang"],"special_seed":0,"relics":["Burning Blood","Magic Flower","Shuriken","Kunai","Fusion Hammer","Dream Catcher","Strawberry","Bag of Marbles"],"potions_floor_usage":[],"damage_taken":[{"damage":8.0,"enemies":"Jaw Worm","floor":1.0,"turns":4.0},{"damage":4.0,"enemies":"2 Louse","floor":3.0,"turns":4.0},{"damage":0.0,"enemies":"Small Slimes","floor":4.0,"turns":4.0},{"damage":65.0,"enemies":"Lagavulin","floor":7.0,"turns":13.0},{"damage":8.0,"enemies":"3 Louse","floor":10.0,"turns":5.0},{"damage":13.0,"enemies":"Exordium Thugs","floor":11.0,"turns":3.0},{"damage":0.0,"enemies":"Large Slime","floor":13.0,"turns":8.0},{"damage":16.0,"enemies":"3 Louse","floor":14.0,"turns":7.0},{"damage":58.0,"enemies":"The Guardian","floor":16.0,"turns":17.0},{"damage":44.0,"enemies":"Spheric Guardian","floor":18.0,"turns":7.0},{"damage":14.0,"enemies":"Shell Parasite","floor":21.0,"turns":6.0},{"damage":37.0,"enemies":"Snake Plant","floor":24.0,"turns":6.0},{"damage":54.0,"enemies":"Sentry and Sphere","floor":25.0,"turns":8.0},{"damage":56,"enemies":"Cultist and Chosen","floor":27,"turns":6}],"seed_played":"-6430494503754352762","potions_obtained":[{"floor":1.0,"key":"LiquidBronze"},{"floor":3.0,"key":"Ancient Potion"},{"floor":13.0,"key":"SteroidPotion"},{"floor":14.0,"key":"Fire Potion"},{"floor":16.0,"key":"AttackPotion"},{"floor":21.0,"key":"LiquidBronze"},{"floor":24.0,"key":"BloodPotion"}],"is_trial":false,"path_per_floor":["M","?","M","M","?","R","E","R","T","M","M","R","M","M","R","B",null,"M","?","?","M","?","R","M","M","T","M"],"character_chosen":"IRONCLAD","items_purchased":[],"campfire_rested":3,"item_purchase_floors":[],"current_hp_per_floor":[69,58,63,72,72,72,16,38,38,39,35,35,44,37,59,10,59,45,45,45,45,52,76,54,27,27,0],"gold":566,"neow_bonus":"ONE_RARE_RELIC","is_prod":false,"is_daily":false,"chose_seed":false,"campfire_upgraded":2,"win_rate":0,"timestamp":1548611447,"path_taken":["M","?","M","M","?","R","E","R","T","M","?","R","M","M","R","BOSS","M","?","?","M","?","R","M","M","T","?"],"build_version":"2019-01-23","purchased_purges":0,"victory":false,"max_hp_per_floor":[75,75,75,75,75,75,75,75,75,75,75,75,75,75,75,75,75,75,75,75,75,82,82,82,82,82,82],"card_choices":[{"not_picked":["Havoc","Anger"],"picked":"True Grit","floor":1.0},{"not_picked":["Warcry","Bloodletting"],"picked":"Metallicize","floor":3.0},{"not_picked":["Rupture","Reckless Charge"],"picked":"Infernal Blade","floor":4.0},{"not_picked":["Inflame","Carnage"],"picked":"Dual Wield","floor":7.0},{"not_picked":["Iron Wave","Armaments"],"picked":"Dropkick","floor":10.0},{"not_picked":["Rage","Feel No Pain"],"picked":"Warcry","floor":11.0},{"not_picked":["Rupture","Sword Boomerang"],"picked":"Spot Weakness","floor":13.0},{"not_picked":["Pommel Strike","Carnage"],"picked":"Body Slam","floor":14.0},{"not_picked":["Juggernaut","Berserk"],"picked":"Reaper","floor":16.0},{"not_picked":["Cleave","Heavy Blade","Bloodletting"],"picked":"SKIP","floor":18.0},{"not_picked":["Iron Wave","Cleave"],"picked":"Pommel Strike+1","floor":21.0},{"not_picked":["Clothesline","Perfected Strike"],"picked":"Thunderclap","floor":24.0},{"not_picked":["Sentinel","Twin Strike"],"picked":"Sword Boomerang","floor":25.0}],"player_experience":884494,"relics_obtained":[{"floor":7.0,"key":"Shuriken"},{"floor":9.0,"key":"Kunai"},{"floor":22.0,"key":"Strawberry"},{"floor":26.0,"key":"Bag of Marbles"}],"event_choices":[{"damage_healed":0.0,"max_hp_gain":0.0,"max_hp_loss":0.0,"gold_gain":75.0,"event_name":"World of Goop","player_choice":"Gather Gold","floor":2.0,"gold_loss":0.0,"damage_taken":11.0},{"damage_healed":0.0,"max_hp_gain":0.0,"max_hp_loss":0.0,"gold_gain":150.0,"event_name":"Liars Game","player_choice":"AGREE","floor":5.0,"gold_loss":0.0,"damage_taken":0.0,"cards_obtained":["Doubt"]},{"damage_healed":0.0,"max_hp_gain":0.0,"max_hp_loss":0.0,"gold_gain":50.0,"event_name":"Nest","player_choice":"Stole From Cult","floor":19.0,"gold_loss":0.0,"damage_taken":0.0},{"damage_healed":0.0,"max_hp_gain":0.0,"max_hp_loss":0.0,"gold_gain":0.0,"event_name":"Addict","player_choice":"Obtained Relic","floor":20.0,"gold_loss":85.0,"damage_taken":0.0,"relics_obtained":["Dream Catcher"]},{"damage_healed":0.0,"max_hp_gain":0.0,"max_hp_loss":0.0,"gold_gain":0.0,"event_name":"Wheel of Change","player_choice":"Relic","floor":22.0,"gold_loss":0.0,"damage_taken":0.0}],"is_beta":true,"boss_relics":[{"not_picked":["Orrery","Astrolabe"],"picked":"Fusion Hammer"}],"items_purged_floors":[],"is_endless":false,"potions_floor_spawned":[1,3,13,14,16,21,24],"killed_by":"Cultist and Chosen","ascension_level":16}