{"path_per_floor":["M","?","?","$","M","R","M","M","T","R","$","$","R","M","R","B",null,"M","M","?","M","?","R"],"character_chosen":"DEFECT","items_purchased":["Ancient Tea Set","BootSequence"],"gold_per_floor":[212,212,287,63,77,77,95,113,136,136,136,101,101,120,120,225,225,244,259,184,196,196,196,196],"floor_reached":24,"campfire_rested":2,"playtime":1580,"current_hp_per_floor":[73,73,62,62,62,62,60,35,35,72,72,72,72,68,68,34,75,49,40,40,25,11,50,0],"items_purged":["Regret"],"gold":196,"score":205,"play_id":"9e4d8510-159d-4db3-8c43-2b9525c18eb2","local_time":"20180511181231","is_prod":false,"is_daily":false,"chose_seed":false,"is_ascension_mode":true,"campfire_upgraded":3,"timestamp":1526076751,"path_taken":["M","?","?","$","M","R","?","M","T","R","?","$","R","M","R","BOSS","M","M","?","M","?","R","M"],"build_version":"2018-05-10","seed_source_timestamp":83954559145941,"purchased_purges":1,"victory":false,"master_deck":["Strike_B","Strike_B","Strike_B","Defend_B","Defend_B","Defend_B","Defend_B","Zap+1","Dualcast","White Noise","Genetic Algorithm+1","Genetic Algorithm+1","White Noise","BootSequence","Coolheaded","Creative AI","Self Repair","Stack","Redo","Impulse","Static Discharge","Aggregate+1","Skim","Storm"],"max_hp_per_floor":[75,75,75,75,75,75,75,75,75,75,75,75,75,75,75,75,75,75,75,75,75,80,80,80],"relics":["Cracked Core","Bag of Preparation","Ancient Tea Set","Regal Pillow","Orrery"],"card_choices":[{"not_picked":["Hologram","Darkness"],"picked":"White Noise","floor":1},{"not_picked":["Recycle","Melter"],"picked":"Genetic Algorithm","floor":5},{"not_picked":["Stack","Hologram"],"picked":"Genetic Algorithm","floor":7},{"not_picked":["Axe Kick","Rebound"],"picked":"White Noise","floor":8},{"not_picked":["Hologram","Lockon"],"picked":"Coolheaded","floor":14},{"not_picked":["Reboot","Fission"],"picked":"Creative AI","floor":16},{"not_picked":["Sunder","Streamline"],"picked":"Self Repair","floor":17},{"not_picked":["Recycle","Beam Cell"],"picked":"Stack","floor":17},{"not_picked":["Sunder","Ball Lightning"],"picked":"Redo","floor":17},{"not_picked":["Sweeping Beam","Rebound"],"picked":"Impulse","floor":17},{"not_picked":["Coolheaded","Beam Cell"],"picked":"Static Discharge","floor":17},{"not_picked":["Barrage","Rebound"],"picked":"Aggregate","floor":18},{"not_picked":["Axe Kick","Turbo"],"picked":"Skim","floor":19},{"not_picked":["Redo","Doom and Gloom"],"picked":"Storm","floor":21}],"player_experience":72251,"potions_floor_usage":[8,16,19,21,24],"damage_taken":[{"damage":2,"enemies":"Jaw Worm","floor":1,"turns":3},{"damage":0,"enemies":"Small Slimes","floor":5,"turns":4},{"damage":2,"enemies":"2 Louse","floor":7,"turns":2},{"damage":25,"enemies":"Exordium Wildlife","floor":8,"turns":6},{"damage":4,"enemies":"Large Slime","floor":14,"turns":8},{"damage":34,"enemies":"Hexaghost","floor":16,"turns":15},{"damage":33,"enemies":"Chosen","floor":18,"turns":6},{"damage":16,"enemies":"Spheric Guardian","floor":19,"turns":7},{"damage":37,"enemies":"Centurion and Healer","floor":21,"turns":8},{"damage":61,"enemies":"Cultist and Chosen","floor":24,"turns":4}],"event_choices":[{"event_name":"Big Fish","player_choice":"Box","floor":2,"damage_taken":0},{"event_name":"World of Goop","player_choice":"Gather Gold","floor":3,"damage_taken":0},{"event_name":"Beggar","player_choice":"Gave Gold","floor":20,"damage_taken":0},{"event_name":"Forgotten Altar","player_choice":"Shed Blood","floor":22,"damage_taken":0}],"boss_relics":[{"not_picked":["Philosopher\u0027s Stone","Sozu"],"picked":"Orrery"}],"potions_floor_spawned":[1,5,7,19,21],"seed_played":"162957104419781747","killed_by":"Cultist and Chosen","ascension_level":2,"is_trial":false}