{"gold_per_floor":[217,237,313,329,329,329,342,342,368,383,156,166,180,80,80,176,176,192,192,205,205,205,205],"floor_reached":23,"playtime":1260,"items_purged":["Strike_B","Strike_B"],"score":201,"play_id":"013a6116-5686-4647-a51e-b04d17167daf","local_time":"20190708001440","is_ascension_mode":true,"campfire_choices":[{"data":"Streamline","floor":6.0,"key":"SMITH"},{"data":"Conserve Battery","floor":8.0,"key":"SMITH"},{"data":"Double Energy","floor":15.0,"key":"SMITH"}],"neow_cost":"NONE","seed_source_timestamp":0,"circlet_count":0,"master_deck":["Defend_B","Defend_B","Defend_B","Defend_B","Zap","Dualcast","Streamline+1","Conserve Battery+1","Redo","Streamline","Forethought","Loop","Double Energy+1","Reboot","Redo+1","Gash+1","Writhe","Tempest+1","Undo","Defragment"],"special_seed":0,"relics":["Cracked Core","WarpedTongs","Bag of Preparation","Astrolabe","MutagenicStrength"],"potions_floor_usage":[23],"damage_taken":[{"damage":1.0,"enemies":"Cultist","floor":1.0,"turns":3.0},{"damage":8.0,"enemies":"Jaw Worm","floor":2.0,"turns":4.0},{"damage":0.0,"enemies":"Small Slimes","floor":4.0,"turns":3.0},{"damage":2.0,"enemies":"2 Fungi Beasts","floor":7.0,"turns":2.0},{"damage":3.0,"enemies":"Large Slime","floor":10.0,"turns":4.0},{"damage":3.0,"enemies":"3 Louse","floor":12.0,"turns":3.0},{"damage":8.0,"enemies":"Looter","floor":13.0,"turns":3.0},{"damage":11.0,"enemies":"The Guardian","floor":16.0,"turns":10.0},{"damage":0.0,"enemies":"2 Thieves","floor":18.0,"turns":3.0},{"damage":4,"enemies":"Chosen","floor":20,"turns":3},{"damage":58,"enemies":"Gremlin Leader","floor":23,"turns":6}],"seed_played":"6342851556307256791","potions_obtained":[{"floor":4.0,"key":"LiquidBronze"},{"floor":7.0,"key":"GamblersBrew"},{"floor":12.0,"key":"Ancient Potion"},{"floor":20,"key":"Dexterity Potion"}],"is_trial":false,"path_per_floor":["M","M","?","M","?","R","M","R","T","M","$","M","M","$","R","B",null,"M","?","M","?","?","E"],"character_chosen":"DEFECT","items_purchased":["Forethought","Loop"],"campfire_rested":0,"item_purchase_floors":[11,11],"current_hp_per_floor":[74,66,66,66,66,66,64,64,64,61,61,58,50,50,50,39,75,75,75,71,57,57,0],"gold":205,"neow_bonus":"HUNDRED_GOLD","is_prod":false,"is_daily":false,"chose_seed":false,"campfire_upgraded":3,"win_rate":0,"timestamp":1562559280,"path_taken":["M","?","?","M","?","R","?","R","T","M","?","M","?","$","R","BOSS","M","?","M","?","?","E"],"build_version":"2019-07-05","purchased_purges":2,"victory":false,"max_hp_per_floor":[75,75,75,75,75,75,75,75,75,75,75,75,75,75,75,75,75,75,75,75,80,80,80],"card_choices":[{"not_picked":["Hello World","Static Discharge"],"picked":"Streamline","floor":1.0},{"not_picked":["Sweeping Beam","Ball Lightning"],"picked":"Conserve Battery","floor":2.0},{"not_picked":["Go for the Eyes","Conserve Battery"],"picked":"Redo","floor":4.0},{"not_picked":["Steam","Skim","Streamline"],"picked":"SKIP","floor":7.0},{"not_picked":["Compile Driver","Double Energy"],"picked":"Streamline","floor":10.0},{"not_picked":["Rebound","Beam Cell","Reinforced Body"],"picked":"SKIP","floor":12.0},{"not_picked":["Hyperbeam","Hologram"],"picked":"Double Energy","floor":13.0},{"not_picked":["Hyperbeam","Creative AI"],"picked":"Reboot","floor":16.0},{"not_picked":["Redo+1","Coolheaded"],"picked":"Tempest+1","floor":18.0},{"not_picked":["Rebound+1","Barrage+1"],"picked":"Undo","floor":20}],"player_experience":672454,"relics_obtained":[{"floor":9.0,"key":"Bag of Preparation"}],"event_choices":[{"damage_healed":0.0,"max_hp_gain":0.0,"max_hp_loss":0.0,"gold_gain":76.0,"event_name":"Golden Wing","player_choice":"Gained Gold","floor":3.0,"gold_loss":0.0,"damage_taken":0.0},{"damage_healed":0.0,"max_hp_gain":0.0,"max_hp_loss":0.0,"gold_gain":0.0,"event_name":"Accursed Blacksmith","player_choice":"Rummage","floor":5.0,"gold_loss":0.0,"damage_taken":0.0,"relics_obtained":["WarpedTongs"],"cards_obtained":["Pain"]},{"damage_healed":0.0,"max_hp_gain":0.0,"max_hp_loss":0.0,"gold_gain":0.0,"event_name":"Drug Dealer","player_choice":"Inject Mutagens","floor":19.0,"gold_loss":0.0,"damage_taken":0.0,"relics_obtained":["MutagenicStrength"]},{"damage_healed":0,"gold_gain":0,"player_choice":"Shed Blood","damage_taken":19,"max_hp_gain":5,"max_hp_loss":0,"event_name":"Forgotten Altar","floor":21,"gold_loss":0},{"damage_healed":0,"gold_gain":0,"player_choice":"Read","damage_taken":0,"max_hp_gain":0,"max_hp_loss":0,"event_name":"The Library","floor":22,"gold_loss":0,"cards_obtained":["Defragment"]}],"is_beta":false,"boss_relics":[{"not_picked":["Calling Bell","FrozenCore"],"picked":"Astrolabe"}],"items_purged_floors":[11,14],"is_endless":false,"potions_floor_spawned":[4,7,12,20],"killed_by":"Gremlin Leader","ascension_level":2}