{"gold_per_floor":[119,119,143,156,177,177,202,202,202,202],"floor_reached":10,"playtime":454,"items_purged":[],"score":117,"play_id":"8fe000ab-f7ca-42a8-a1bf-94824d409e17","local_time":"20190217124123","is_ascension_mode":true,"campfire_choices":[{"data":"Footwork","floor":6,"key":"SMITH"},{"data":"Noxious Fumes","floor":8,"key":"SMITH"}],"neow_cost":"PERCENT_DAMAGE","seed_source_timestamp":316954001475193,"circlet_count":0,"master_deck":["AscendersBane","Defend_G","Defend_G","Defend_G","Defend_G","Defend_G","Strike_G","Strike_G","Strike_G","Strike_G","Strike_G","Survivor","Neutralize","Footwork+1","Injury","Crippling Poison","PiercingWail","Blur","Noxious Fumes+1"],"special_seed":0,"relics":["Ring of the Snake","Golden Idol","Peace Pipe"],"potions_floor_usage":[5,7],"damage_taken":[{"damage":8.0,"enemies":"Cultist","floor":1.0,"turns":4.0},{"damage":0.0,"enemies":"2 Louse","floor":3.0,"turns":4.0},{"damage":0,"enemies":"Jaw Worm","floor":4,"turns":7},{"damage":0,"enemies":"3 Louse","floor":5,"turns":4},{"damage":0,"enemies":"Lots of Slimes","floor":7,"turns":5},{"damage":49,"enemies":"Gremlin Gang","floor":10,"turns":4}],"seed_played":"5300513661862292111","potions_obtained":[{"floor":1.0,"key":"Fire Potion"},{"floor":5,"key":"Energy Potion"}],"is_trial":false,"path_per_floor":["M","?","M","M","M","R","M","R","T","M"],"character_chosen":"THE_SILENT","items_purchased":[],"campfire_rested":0,"item_purchase_floors":[],"current_hp_per_floor":[48,48,48,48,48,48,48,48,48,0],"gold":202,"neow_bonus":"TWENTY_PERCENT_HP_BONUS","is_prod":false,"is_daily":false,"chose_seed":false,"campfire_upgraded":2,"win_rate":0,"timestamp":1550425283,"path_taken":["M","?","M","M","M","R","M","R","T","M"],"build_version":"2019-02-06","purchased_purges":0,"victory":false,"max_hp_per_floor":[78,78,78,78,78,78,78,78,78,78],"card_choices":[{"not_picked":["Endless Agony","Backflip"],"picked":"Footwork","floor":1.0},{"not_picked":["Backflip","Choke"],"picked":"Crippling Poison","floor":3.0},{"not_picked":["Acrobatics","Poisoned Stab"],"picked":"PiercingWail","floor":4},{"not_picked":["Escape Plan","Expertise"],"picked":"Blur","floor":5},{"not_picked":["Dodge and Roll","Acrobatics"],"picked":"Noxious Fumes","floor":7}],"player_experience":986600,"relics_obtained":[{"floor":9,"key":"Peace Pipe"}],"event_choices":[{"damage_healed":0.0,"max_hp_gain":0.0,"max_hp_loss":0.0,"gold_gain":0.0,"event_name":"Golden Idol","player_choice":"Take Wound","floor":2.0,"gold_loss":0.0,"damage_taken":0.0,"relics_obtained":["Golden Idol"],"cards_obtained":["Injury"]}],"is_beta":true,"boss_relics":[],"items_purged_floors":[],"is_endless":false,"potions_floor_spawned":[1,5],"killed_by":"Gremlin Gang","ascension_level":19}