{"gold_per_floor":[113,123,123,135,146,146,165,176,176,176,176,205,264,281,281,381,381,400,417,266,266,282,292,292,292,292,12,12,24,40,52,52,154,154,195,195,210,210,210,240,191,191,216,216,216,0,11,27,27,27],"floor_reached":50,"playtime":5255,"items_purged":["Strike_G"],"score":501,"play_id":"d8f3c6e1-ea18-4528-9034-7bd7d93f6d2c","local_time":"20190623230730","is_ascension_mode":false,"campfire_choices":[{"data":"Finisher","floor":6.0,"key":"SMITH"},{"data":"Die Die Die","floor":10,"key":"SMITH"},{"data":"A Thousand Cuts","floor":15,"key":"SMITH"},{"data":"Setup","floor":24,"key":"SMITH"},{"data":"Madness","floor":28,"key":"SMITH"},{"data":"Noxious Fumes","floor":32,"key":"SMITH"},{"data":"Corpse Explosion","floor":42,"key":"SMITH"},{"data":"Dash","floor":44,"key":"SMITH"},{"data":"Dash","floor":49,"key":"SMITH"}],"neow_cost":"NONE","seed_source_timestamp":0,"circlet_count":0,"master_deck":["Defend_G","Defend_G","Defend_G","Survivor","Neutralize","Doppelganger","Slice","Cloak And Dagger","Finisher+1","Die Die Die+1","Outmaneuver","Leg Sweep","A Thousand Cuts+1","Deadly Poison","Dodge and Roll","Corpse Explosion+1","Underhanded Strike","Setup+1","Quick Slash","Deflect","Bite","Bite","Bite","Flying Knee","Madness+1","Dagger Spray","Noxious Fumes+1","Dash+1","Phantasmal Killer","Acrobatics+1","Metamorphosis+1","HandOfGreed+1","Terror","Masterful Stab+1","Flash of Steel","Dash+1","Cloak And Dagger","Escape Plan+1","Slice+1"],"special_seed":0,"relics":["Ring of the Snake","Vajra","Juzu Bracelet","Potion Belt","Ninja Scroll","Black Star","Oddly Smooth Stone","TwistedFunnel","Astrolabe","Ornamental Fan","Centennial Puzzle","Art of War","Red Mask"],"potions_floor_usage":[16,33,50,50,50],"damage_taken":[{"damage":0.0,"enemies":"Jaw Worm","floor":1.0,"turns":4.0},{"damage":0.0,"enemies":"Small Slimes","floor":2.0,"turns":4.0},{"damage":0.0,"enemies":"2 Louse","floor":4.0,"turns":3.0},{"damage":0.0,"enemies":"2 Fungi Beasts","floor":5.0,"turns":2.0},{"damage":1.0,"enemies":"Exordium Thugs","floor":7.0,"turns":5.0},{"damage":0,"enemies":"Large Slime","floor":8,"turns":3},{"damage":11,"enemies":"3 Sentries","floor":12,"turns":5},{"damage":7,"enemies":"3 Sentries","floor":13,"turns":6},{"damage":0,"enemies":"Lots of Slimes","floor":14,"turns":1},{"damage":25,"enemies":"The Guardian","floor":16,"turns":9},{"damage":5,"enemies":"3 Byrds","floor":18,"turns":2},{"damage":8,"enemies":"Shell Parasite","floor":19,"turns":5},{"damage":12,"enemies":"Snecko","floor":22,"turns":5},{"damage":0,"enemies":"Shelled Parasite and Fungi","floor":23,"turns":2},{"damage":0,"enemies":"Centurion and Healer","floor":29,"turns":4},{"damage":1,"enemies":"Cultist and Chosen","floor":30,"turns":4},{"damage":10,"enemies":"Chosen and Byrds","floor":31,"turns":3},{"damage":29,"enemies":"Automaton","floor":33,"turns":10},{"damage":30,"enemies":"3 Shapes","floor":35,"turns":6},{"damage":1,"enemies":"Orb Walker","floor":37,"turns":2},{"damage":6,"enemies":"Nemesis","floor":40,"turns":7},{"damage":35,"enemies":"Sphere and 2 Shapes","floor":47,"turns":6},{"damage":1,"enemies":"4 Shapes","floor":48,"turns":5},{"damage":10,"enemies":"Time Eater","floor":50,"turns":3}],"seed_played":"2169551920480879502","potions_obtained":[{"floor":2.0,"key":"Swift Potion"},{"floor":5.0,"key":"Poison Potion"},{"floor":7.0,"key":"Ancient Potion"},{"floor":12,"key":"PowerPotion"},{"floor":16,"key":"Ancient Potion"},{"floor":23,"key":"PowerPotion"},{"floor":37,"key":"SteroidPotion"}],"is_trial":false,"path_per_floor":["M","M","?","M","M","R","M","M","T","R","?","E","?","M","R","B",null,"M","M","$","?","M","M","R","?","T","$","R","M","M","M","R","B",null,"M","?","M","?","?","E","$","R","T","R","?","?","M","M","R","B"],"character_chosen":"THE_SILENT","items_purchased":["Quick Slash","Deflect","Madness","TwistedFunnel","Cloak And Dagger"],"campfire_rested":0,"item_purchase_floors":[20,20,27,27,41],"current_hp_per_floor":[70,70,63,63,63,63,62,62,62,62,62,51,44,44,44,19,70,65,57,57,49,37,37,37,37,37,37,37,43,46,40,40,17,49,21,43,42,42,42,40,40,40,40,40,40,40,7,6,6,0],"gold":27,"neow_bonus":"ONE_RANDOM_RARE_CARD","is_prod":false,"is_daily":false,"chose_seed":false,"campfire_upgraded":9,"win_rate":0,"timestamp":1561345650,"path_taken":["M","M","?","M","M","R","M","M","T","R","?","E","?","M","R","BOSS","M","M","$","?","M","M","R","?","T","$","R","M","M","M","R","BOSS","M","?","M","?","?","E","$","R","T","R","?","?","M","M","R","BOSS"],"build_version":"2019-01-23","purchased_purges":1,"victory":false,"max_hp_per_floor":[70,70,70,70,70,70,70,70,70,70,70,70,70,70,70,70,70,70,70,70,49,49,49,49,49,49,49,49,49,49,49,49,49,49,49,43,43,43,43,43,43,43,43,43,43,43,43,43,43,43],"card_choices":[{"not_picked":["Sucker Punch","Calculated Gamble"],"picked":"Slice","floor":1.0},{"not_picked":["All Out Attack","Flying Knee"],"picked":"Cloak And Dagger","floor":2.0},{"not_picked":["Dodge and Roll","Poisoned Stab"],"picked":"Finisher","floor":4.0},{"not_picked":["Tactician","Quick Slash"],"picked":"Die Die Die","floor":5.0},{"not_picked":["Dagger Spray","Poisoned Stab"],"picked":"Outmaneuver","floor":7.0},{"not_picked":["Bane","Prepared"],"picked":"Leg Sweep","floor":8},{"not_picked":["Poisoned Stab","Blade Dance"],"picked":"Deadly Poison","floor":12},{"not_picked":["Finisher","All Out Attack"],"picked":"Dodge and Roll","floor":14},{"not_picked":["Burst","Die Die Die"],"picked":"Corpse Explosion","floor":16},{"not_picked":["Choke","Concentrate"],"picked":"Underhanded Strike","floor":18},{"not_picked":["Blade Dance","Acrobatics"],"picked":"Setup","floor":19},{"not_picked":["Phantasmal Killer","Cloak And Dagger"],"picked":"Flying Knee","floor":22},{"not_picked":["Predator","Dodge and Roll"],"picked":"Dagger Throw+1","floor":23},{"not_picked":["Setup+1","Poisoned Stab"],"picked":"Dagger Spray","floor":29},{"not_picked":["Skewer+1","Dagger Spray+1"],"picked":"Noxious Fumes","floor":30},{"not_picked":["Footwork","Dodge and Roll"],"picked":"Dash","floor":31},{"not_picked":["After Image","Unload"],"picked":"Phantasmal Killer","floor":33},{"not_picked":["Poisoned Stab+1","Prepared+1"],"picked":"Terror","floor":35},{"not_picked":["Underhanded Strike","Sucker Punch+1"],"picked":"Masterful Stab+1","floor":37},{"not_picked":["Jack Of All Trades","Panacea"],"picked":"Flash of Steel","floor":39},{"not_picked":["Sucker Punch","Dagger Throw+1"],"picked":"Dash","floor":40},{"not_picked":["Deflect","Malaise"],"picked":"Escape Plan+1","floor":47},{"not_picked":["Acrobatics","Dodge and Roll"],"picked":"Slice+1","floor":48}],"player_experience":478094,"relics_obtained":[{"floor":9,"key":"Juzu Bracelet"},{"floor":12,"key":"Potion Belt"},{"floor":13,"key":"Ninja Scroll"},{"floor":26,"key":"Oddly Smooth Stone"},{"floor":40,"key":"Ornamental Fan"},{"floor":40,"key":"Centennial Puzzle"},{"floor":43,"key":"Art of War"}],"event_choices":[{"damage_healed":0.0,"max_hp_gain":0.0,"max_hp_loss":0.0,"gold_gain":0.0,"event_name":"Scrap Ooze","player_choice":"Success","floor":3.0,"gold_loss":0.0,"damage_taken":7.0,"relics_obtained":["Vajra"]},{"damage_healed":0,"gold_gain":0,"cards_transformed":["Strike_G"],"player_choice":"Change","damage_taken":0,"max_hp_gain":0,"max_hp_loss":0,"event_name":"Living Wall","floor":11,"gold_loss":0,"cards_obtained":["A Thousand Cuts"]},{"damage_healed":0,"gold_gain":0,"player_choice":"Searched \u00271\u0027 times","damage_taken":0,"max_hp_gain":0,"max_hp_loss":0,"event_name":"Dead Adventurer","floor":13,"gold_loss":0},{"damage_healed":0,"gold_gain":0,"player_choice":"Became a vampire","damage_taken":0,"max_hp_gain":0,"max_hp_loss":21,"event_name":"Vampires","floor":21,"gold_loss":0,"cards_obtained":["Bite","Bite","Bite","Bite","Bite"]},{"cards_removed":["Defend_G"],"damage_healed":0,"gold_gain":0,"player_choice":"Card Removal","damage_taken":0,"max_hp_gain":0,"max_hp_loss":0,"event_name":"Wheel of Change","floor":25,"gold_loss":0},{"damage_healed":43,"gold_gain":0,"player_choice":"Heal","damage_taken":0,"max_hp_gain":0,"max_hp_loss":6,"event_name":"The Moai Head","floor":36,"gold_loss":0},{"damage_healed":0,"gold_gain":0,"player_choice":"Ignored","damage_taken":0,"max_hp_gain":0,"max_hp_loss":0,"event_name":"NoteForYourself","floor":38,"gold_loss":0},{"damage_healed":0,"gold_gain":0,"player_choice":"Memory 1","damage_taken":0,"max_hp_gain":0,"max_hp_loss":0,"event_name":"SensoryStone","floor":39,"gold_loss":0},{"cards_removed":["Dagger Throw"],"damage_healed":0,"gold_gain":0,"player_choice":"Removed Attack","damage_taken":0,"max_hp_gain":0,"max_hp_loss":0,"event_name":"Falling","floor":45,"gold_loss":0},{"damage_healed":0,"gold_gain":0,"player_choice":"Paid","damage_taken":0,"relics_obtained":["Red Mask"],"max_hp_gain":0,"max_hp_loss":0,"event_name":"Tomb of Lord Red Mask","floor":46,"gold_loss":216}],"is_beta":false,"boss_relics":[{"not_picked":["Sozu","Tiny House"],"picked":"Black Star"},{"not_picked":["Runic Dome","White Beast Statue"],"picked":"Astrolabe"}],"items_purged_floors":[20],"is_endless":false,"potions_floor_spawned":[2,5,7,12,16,23,29,31,37,40,48],"killed_by":"Time Eater","ascension_level":0}