{"gold_per_floor":[14,25,37,52,52,52,77,77,77,77,97,272,272,284,284,284],"floor_reached":16,"playtime":899,"items_purged":[],"score":143,"play_id":"b3fad3ea-6e75-4807-a147-373d2bfda395","local_time":"20190721231823","is_ascension_mode":true,"campfire_choices":[{"data":"Sucker Punch","floor":6,"key":"SMITH"},{"data":"Neutralize","floor":8,"key":"SMITH"},{"floor":10,"key":"REST"},{"data":"Dagger Spray","floor":13,"key":"SMITH"},{"floor":15,"key":"REST"}],"neow_cost":"NO_GOLD","seed_source_timestamp":341081092930641,"circlet_count":0,"master_deck":["Strike_G","Strike_G","Strike_G","Strike_G","Defend_G","Defend_G","Defend_G","Defend_G","Defend_G","Survivor","Neutralize+1","Sucker Punch+1","Dagger Spray+1","Leg Sweep","Finisher","Doubt","Malaise"],"relics":["Ring of the Snake","Thread and Needle","Incense Burner","Du-Vu Doll"],"potions_floor_usage":[7],"damage_taken":[{"damage":0,"enemies":"Jaw Worm","floor":1,"turns":4},{"damage":0,"enemies":"Small Slimes","floor":2,"turns":3},{"damage":4,"enemies":"2 Louse","floor":3,"turns":3},{"damage":12,"enemies":"Exordium Thugs","floor":4,"turns":7},{"damage":18,"enemies":"3 Sentries","floor":7,"turns":7},{"damage":15,"enemies":"Gremlin Gang","floor":11,"turns":6},{"damage":0,"enemies":"Red Slaver","floor":14,"turns":5},{"damage":50,"enemies":"Hexaghost","floor":16,"turns":20}],"seed_played":"1324006697668402716","potions_obtained":[{"floor":4,"key":"Explosive Potion"},{"floor":11,"key":"Ancient Potion"},{"floor":14,"key":"Dexterity Potion"}],"is_trial":false,"path_per_floor":["M","M","M","M","?","R","E","R","T","R","M","?","R","M","R","B"],"character_chosen":"THE_SILENT","items_purchased":[],"campfire_rested":2,"item_purchase_floors":[],"current_hp_per_floor":[63,63,59,47,40,40,22,22,22,43,28,28,28,28,49,0],"gold":284,"neow_bonus":"ONE_RARE_RELIC","is_prod":false,"is_daily":false,"chose_seed":false,"campfire_upgraded":3,"win_rate":0,"timestamp":1563769103,"path_taken":["M","M","M","M","?","R","E","R","T","R","M","?","R","M","R","BOSS"],"build_version":"2019-07-17","purchased_purges":0,"victory":false,"max_hp_per_floor":[70,70,70,70,70,70,70,70,70,70,70,70,70,70,70,70],"card_choices":[{"not_picked":["Cloak And Dagger","Bane","Heel Hook"],"picked":"SKIP","floor":1},{"not_picked":["Deadly Poison","Masterful Stab"],"picked":"Sucker Punch","floor":2},{"not_picked":["Setup","Masterful Stab","Bane"],"picked":"SKIP","floor":3},{"not_picked":["Tactician","Masterful Stab"],"picked":"Dagger Spray","floor":4},{"not_picked":["Skewer","Deadly Poison"],"picked":"Leg Sweep","floor":7},{"not_picked":["Acrobatics","Slice"],"picked":"Finisher","floor":11},{"not_picked":["Bane","Dagger Throw"],"picked":"Malaise","floor":14}],"player_experience":204874,"relics_obtained":[{"floor":7,"key":"Incense Burner"},{"floor":9,"key":"Du-Vu Doll"}],"event_choices":[{"cards_removed":["Strike_G"],"damage_healed":0,"gold_gain":0,"player_choice":"Card Removal","damage_taken":7,"max_hp_gain":0,"max_hp_loss":0,"event_name":"Golden Wing","floor":5,"gold_loss":0},{"damage_healed":0,"gold_gain":175,"player_choice":"AGREE","damage_taken":0,"max_hp_gain":0,"max_hp_loss":0,"event_name":"Liars Game","floor":12,"gold_loss":0,"cards_obtained":["Doubt"]}],"is_beta":false,"boss_relics":[],"items_purged_floors":[],"is_endless":false,"potions_floor_spawned":[4,11,14],"killed_by":"Hexaghost","ascension_level":8}