{"gold_per_floor":[111,61,61,81,94,94,19,34,58,78,104,122,122,137,137,240,240,255,255,265,284,284,314,328,328,328,339,339,354,364,192,192,288,288,302,316,332,207,207,207,207,227,300,300,300,314,338,351,351,351],"floor_reached":51,"playtime":4650,"items_purged":["Strike_R","Defend_R","Strike_R"],"score":625,"play_id":"7c3cbd7c-a393-4a59-8542-324d2ef0eaa3","local_time":"20190704130939","is_ascension_mode":false,"campfire_choices":[{"data":"Cleave","floor":6,"key":"SMITH"},{"data":"Barricade","floor":13,"key":"SMITH"},{"data":"Shrug It Off","floor":15,"key":"SMITH"},{"data":"Body Slam","floor":28,"key":"SMITH"},{"data":"Bloodletting","floor":32,"key":"SMITH"},{"floor":40,"key":"REST"},{"floor":44,"key":"REST"},{"floor":49,"key":"REST"}],"neow_cost":"TEN_PERCENT_HP_LOSS","seed_source_timestamp":1031958225400555,"circlet_count":0,"master_deck":["Defend_R","Defend_R","Bash+1","Fire Breathing","Thunderclap+1","Pummel+1","Cleave+1","Shrug It Off+1","Barricade+1","Warcry","Battle Trance","Juggernaut+1","Flame Barrier+1","Flame Barrier","Body Slam+1","Flame Barrier","Bloodletting+1","Offering","Secret Technique","Swift Strike","Parasite","True Grit+1"],"relics":["Burning Blood","Vajra","Velvet Choker","Whetstone","Nloth\u0027s Gift","Bottled Tornado","Busted Crown","Molten Egg 2","Bag of Marbles"],"potions_floor_usage":[18,30,33,42,46,46,50,50],"damage_taken":[{"damage":2,"enemies":"Cultist","floor":1,"turns":5},{"damage":0,"enemies":"Small Slimes","floor":4,"turns":3},{"damage":5,"enemies":"2 Louse","floor":5,"turns":3},{"damage":3,"enemies":"Lots of Slimes","floor":8,"turns":2},{"damage":7,"enemies":"Exordium Wildlife","floor":10,"turns":2},{"damage":7,"enemies":"Gremlin Nob","floor":11,"turns":4},{"damage":0,"enemies":"3 Louse","floor":12,"turns":3},{"damage":12,"enemies":"Exordium Thugs","floor":14,"turns":3},{"damage":21,"enemies":"The Guardian","floor":16,"turns":19},{"damage":15,"enemies":"2 Thieves","floor":18,"turns":4},{"damage":0,"enemies":"Spheric Guardian","floor":20,"turns":5},{"damage":5,"enemies":"Chosen and Byrds","floor":21,"turns":5},{"damage":21,"enemies":"Book of Stabbing","floor":23,"turns":6},{"damage":0,"enemies":"Cultist and Chosen","floor":24,"turns":6},{"damage":8,"enemies":"Snecko","floor":27,"turns":7},{"damage":0,"enemies":"3 Cultists","floor":29,"turns":5},{"damage":12,"enemies":"Shelled Parasite and Fungi","floor":30,"turns":5},{"damage":13,"enemies":"Collector","floor":33,"turns":8},{"damage":11,"enemies":"3 Shapes","floor":35,"turns":5},{"damage":6,"enemies":"3 Darklings","floor":36,"turns":3},{"damage":28,"enemies":"Spire Growth","floor":37,"turns":3},{"damage":36,"enemies":"Jaw Worm Horde","floor":42,"turns":4},{"damage":37,"enemies":"Writhing Mass","floor":46,"turns":5},{"damage":11,"enemies":"Maw","floor":48,"turns":8},{"damage":40,"enemies":"Time Eater","floor":50,"turns":12}],"seed_played":"-3457830455142058334","potions_obtained":[{"floor":5,"key":"FearPotion"},{"floor":8,"key":"FearPotion"},{"floor":10,"key":"EssenceOfSteel"},{"floor":11,"key":"Fire Potion"},{"floor":20,"key":"Energy Potion"},{"floor":21,"key":"Strength Potion"},{"floor":35,"key":"Swift Potion"},{"floor":37,"key":"Fire Potion"},{"floor":42,"key":"BloodPotion"},{"floor":48,"key":"BloodPotion"}],"is_trial":false,"path_per_floor":["M","?","?","M","M","R","$","M","T","M","E","M","R","M","R","B",null,"M","?","M","M","?","E","M","?","T","M","R","M","M","$","R","B",null,"M","M","M","$","?","R","?","M","T","R","?","M","T","M","R","B",null],"character_chosen":"IRONCLAD","items_purchased":["Bloodletting"],"campfire_rested":3,"item_purchase_floors":[31],"current_hp_per_floor":[72,72,72,72,72,72,72,72,72,71,70,72,72,66,66,51,72,63,63,69,70,61,46,52,52,52,50,50,56,50,50,50,43,72,67,67,45,45,40,61,61,31,31,52,52,38,38,33,53,36],"gold":351,"neow_bonus":"TRANSFORM_TWO_CARDS","is_prod":false,"is_daily":false,"chose_seed":false,"campfire_upgraded":5,"win_rate":0,"timestamp":1562270979,"path_taken":["M","?","?","M","M","R","$","M","T","M","E","M","R","M","R","BOSS","M","?","M","?","?","E","M","?","T","M","R","M","?","$","R","BOSS","M","M","M","$","?","R","?","M","T","R","?","?","?","M","R","BOSS"],"build_version":"2019-07-01","purchased_purges":3,"victory":true,"max_hp_per_floor":[72,72,72,72,72,72,72,72,72,72,72,72,72,72,72,72,72,72,72,72,72,72,72,72,72,72,72,72,72,72,72,72,72,72,72,72,72,72,72,72,72,72,72,72,68,68,68,68,68,68],"card_choices":[{"not_picked":["Warcry","Feel No Pain","Pommel Strike"],"picked":"SKIP","floor":1},{"not_picked":["Perfected Strike","Twin Strike"],"picked":"Pummel","floor":4},{"not_picked":["Armaments","Spot Weakness"],"picked":"Cleave","floor":5},{"not_picked":["Warcry","Burning Pact"],"picked":"Shrug It Off","floor":8},{"not_picked":["Anger","Twin Strike"],"picked":"Barricade","floor":10},{"not_picked":["Clothesline","Anger"],"picked":"Warcry","floor":11},{"not_picked":["Clothesline","Shockwave"],"picked":"Battle Trance","floor":12},{"not_picked":["Pommel Strike","Clash","Shockwave"],"picked":"SKIP","floor":14},{"not_picked":["Dark Embrace","Berserk"],"picked":"Juggernaut","floor":16},{"not_picked":["Armaments+1","Battle Trance"],"picked":"Flame Barrier+1","floor":18},{"not_picked":["Headbutt","Cleave+1","Sword Boomerang"],"picked":"SKIP","floor":20},{"not_picked":["Immolate","Headbutt+1"],"picked":"Flame Barrier","floor":21},{"not_picked":["Flex+1","Rupture+1"],"picked":"Body Slam","floor":23},{"not_picked":["Anger+1","Perfected Strike"],"picked":"Flame Barrier","floor":24},{"not_picked":["Body Slam","Twin Strike","Searing Blow"],"picked":"SKIP","floor":27},{"not_picked":["Clash","Heavy Blade+1","Flex+1"],"picked":"SKIP","floor":29},{"not_picked":["Cleave","Clothesline","Thunderclap+1"],"picked":"SKIP","floor":30},{"not_picked":["Barricade","Demon Form"],"picked":"Offering","floor":33},{"not_picked":["Twin Strike+1"],"picked":"SKIP","floor":35},{"not_picked":["Rage"],"picked":"SKIP","floor":36},{"not_picked":["Blood for Blood+1"],"picked":"SKIP","floor":37},{"not_picked":[],"picked":"Secret Technique","floor":39},{"not_picked":[],"picked":"Swift Strike","floor":39},{"not_picked":["Thunderclap"],"picked":"SKIP","floor":42},{"not_picked":["Spot Weakness"],"picked":"SKIP","floor":46},{"not_picked":[],"picked":"True Grit+1","floor":48}],"player_experience":39979,"relics_obtained":[{"floor":9,"key":"Boot"},{"floor":11,"key":"Vajra"},{"floor":23,"key":"Whetstone"},{"floor":26,"key":"Bottled Tornado"},{"floor":43,"key":"Molten Egg 2"},{"floor":47,"key":"Bag of Marbles"}],"event_choices":[{"cards_removed":["Strike_R"],"damage_healed":0,"gold_gain":0,"player_choice":"Card Removal","damage_taken":0,"max_hp_gain":0,"max_hp_loss":0,"event_name":"The Cleric","floor":2,"gold_loss":50},{"damage_healed":0,"gold_gain":0,"player_choice":"Grow","damage_taken":0,"max_hp_gain":0,"max_hp_loss":0,"event_name":"Living Wall","floor":3,"gold_loss":0,"cards_upgraded":["Thunderclap"]},{"damage_healed":0,"gold_gain":0,"player_choice":"Forge","damage_taken":0,"max_hp_gain":0,"max_hp_loss":0,"event_name":"Accursed Blacksmith","floor":19,"gold_loss":0,"cards_upgraded":["Juggernaut"]},{"damage_healed":0,"gold_gain":0,"player_choice":"Stopped","damage_taken":9,"max_hp_gain":0,"max_hp_loss":0,"event_name":"Cursed Tome","floor":22,"gold_loss":0},{"damage_healed":0,"gold_gain":0,"player_choice":"Traded Relic","damage_taken":0,"relics_obtained":["Nloth\u0027s Gift"],"max_hp_gain":0,"max_hp_loss":0,"event_name":"N\u0027loth","floor":25,"relics_lost":["Boot"],"gold_loss":0},{"damage_healed":0,"gold_gain":0,"player_choice":"Memory 2","damage_taken":5,"max_hp_gain":0,"max_hp_loss":0,"event_name":"SensoryStone","floor":39,"gold_loss":0},{"cards_removed":["Defend_R"],"damage_healed":0,"gold_gain":0,"player_choice":"Removed Skill","damage_taken":0,"max_hp_gain":0,"max_hp_loss":0,"event_name":"Falling","floor":41,"gold_loss":0},{"damage_healed":0,"gold_gain":0,"player_choice":"Max HP","damage_taken":0,"max_hp_gain":0,"max_hp_loss":4,"event_name":"Winding Halls","floor":45,"gold_loss":0}],"is_beta":false,"boss_relics":[{"not_picked":["Empty Cage","Lizard Tail"],"picked":"Velvet Choker"},{"not_picked":["Fusion Hammer","Mark of Pain"],"picked":"Busted Crown"}],"items_purged_floors":[7,31,38],"is_endless":false,"potions_floor_spawned":[5,8,10,11,20,21,23,29,35,37,42,48],"ascension_level":0}