{"gold_per_floor":[112,112,68,84,101,101,101,101,148,174,174],"floor_reached":11,"playtime":371,"items_purged":[],"score":135,"play_id":"87a0fa17-4e02-4627-9b6a-5fa5776262bd","local_time":"20190205220833","is_ascension_mode":true,"campfire_choices":[{"data":"Creative AI","floor":6,"key":"SMITH"},{"data":"Heatsinks","floor":8,"key":"SMITH"}],"neow_cost":"NONE","seed_source_timestamp":635217683084048,"circlet_count":0,"master_deck":["AscendersBane","Strike_B","Strike_B","Defend_B","Defend_B","Defend_B","Defend_B","Zap","Dualcast","Creative AI+1","Lockon","Heatsinks+1","Glacier","Self Repair","Recycle"],"special_seed":0,"relics":["Cracked Core","Pen Nib","Darkstone Periapt"],"potions_floor_usage":[10,10],"damage_taken":[{"damage":8.0,"enemies":"Cultist","floor":1.0,"turns":5.0},{"damage":14.0,"enemies":"Jaw Worm","floor":4.0,"turns":4.0},{"damage":1,"enemies":"2 Louse","floor":5,"turns":2},{"damage":32,"enemies":"Gremlin Nob","floor":10,"turns":5},{"damage":9,"enemies":"Exordium Thugs","floor":11,"turns":5}],"seed_played":"8122236156977030331","potions_obtained":[{"floor":4.0,"key":"SpeedPotion"},{"floor":5,"key":"SkillPotion"}],"is_trial":false,"path_per_floor":["M","?","$","M","M","R","?","R","T","E","M"],"character_chosen":"DEFECT","items_purchased":["Heatsinks"],"campfire_rested":0,"item_purchase_floors":[3],"current_hp_per_floor":[56,56,56,42,41,41,41,41,41,9,0],"gold":174,"neow_bonus":"ONE_RANDOM_RARE_CARD","is_prod":false,"is_daily":false,"chose_seed":false,"campfire_upgraded":2,"win_rate":0,"timestamp":1549422513,"path_taken":["M","?","?","M","M","R","?","R","T","E","M"],"build_version":"2019-01-23","purchased_purges":0,"victory":false,"max_hp_per_floor":[71,71,71,71,71,71,71,71,71,71,71],"card_choices":[{"not_picked":["Beam Cell","Barrage"],"picked":"Lockon","floor":1.0},{"not_picked":["Sweeping Beam","Turbo"],"picked":"Glacier","floor":4.0},{"not_picked":["Hello World","Cold Snap"],"picked":"Self Repair","floor":5},{"not_picked":["Cold Snap","Consume"],"picked":"Recycle","floor":10}],"player_experience":917676,"relics_obtained":[{"floor":9,"key":"Pen Nib"},{"floor":10,"key":"Darkstone Periapt"}],"event_choices":[{"cards_removed":["Strike_B"],"damage_healed":0.0,"max_hp_gain":0.0,"max_hp_loss":0.0,"gold_gain":0.0,"event_name":"Living Wall","player_choice":"Forget","floor":2.0,"gold_loss":0.0,"damage_taken":0.0},{"cards_removed":["Strike_B"],"damage_healed":0,"gold_gain":0,"player_choice":"Purged","damage_taken":0,"max_hp_gain":0,"max_hp_loss":0,"event_name":"Purifier","floor":7,"gold_loss":0}],"is_beta":true,"boss_relics":[],"items_purged_floors":[],"is_endless":false,"potions_floor_spawned":[4,5],"killed_by":"Exordium Thugs","ascension_level":18}