{"gold_per_floor":[118,130,140,140,33,63,73,104,104,23,23,23,39,56,56,56],"floor_reached":16,"playtime":1032,"items_purged":[],"score":118,"play_id":"c1bf84df-3a42-4a23-bf0a-e7bcc980d865","local_time":"20190630231950","is_ascension_mode":true,"campfire_choices":[{"floor":11,"key":"REST"},{"data":"Choke","floor":15,"key":"SMITH"}],"neow_cost":"NONE","seed_source_timestamp":684121988836300,"circlet_count":0,"master_deck":["Defend_G","Defend_G","Defend_G","Defend_G","Defend_G","Strike_G","Strike_G","Strike_G","Strike_G","Strike_G","Survivor","Neutralize","Dagger Spray","Acrobatics","Bane","Well Laid Plans","Bane","Night Terror","Backflip","Doppelganger","Choke+1","Parasite","Backflip","Blur"],"relics":["Sozu","Pocketwatch","Bag of Preparation","Sundial"],"potions_floor_usage":[],"damage_taken":[{"damage":3,"enemies":"Small Slimes","floor":1,"turns":5},{"damage":0,"enemies":"2 Louse","floor":2,"turns":2},{"damage":2,"enemies":"Jaw Worm","floor":3,"turns":4},{"damage":17,"enemies":"3 Sentries","floor":6,"turns":10},{"damage":14,"enemies":"Exordium Thugs","floor":7,"turns":6},{"damage":23,"enemies":"Lagavulin","floor":8,"turns":8},{"damage":0,"enemies":"3 Louse","floor":13,"turns":3},{"damage":3,"enemies":"Red Slaver","floor":14,"turns":2},{"damage":22,"enemies":"The Guardian","floor":16,"turns":7}],"seed_played":"-5810391623664472930","potions_obtained":[],"is_trial":false,"path_per_floor":["M","M","M","?","$","E","M","E","T","$","R","?","M","M","R","B"],"character_chosen":"THE_SILENT","items_purchased":["Well Laid Plans","Bane","Choke"],"campfire_rested":1,"item_purchase_floors":[5,5,10],"current_hp_per_floor":[67,67,65,65,65,48,34,11,11,11,32,49,49,46,46,24],"gold":56,"neow_bonus":"BOSS_RELIC","is_prod":false,"is_daily":false,"chose_seed":false,"campfire_upgraded":1,"win_rate":0,"timestamp":1561951190,"path_taken":["M","M","M","?","$","E","M","E","T","$","R","?","M","M","R","BOSS"],"build_version":"2019-01-23","purchased_purges":0,"victory":false,"max_hp_per_floor":[70,70,70,70,70,70,70,70,70,70,70,70,70,70,70,70],"card_choices":[{"not_picked":["Slice","Deflect"],"picked":"Dagger Spray","floor":1},{"not_picked":["Dagger Throw","Bane"],"picked":"Acrobatics","floor":2},{"not_picked":["Prepared","Flying Knee"],"picked":"Bane","floor":3},{"not_picked":["Poisoned Stab","Expertise"],"picked":"Night Terror","floor":6},{"not_picked":["Eviscerate","Dagger Throw"],"picked":"Backflip","floor":7},{"not_picked":["Caltrops","Slice"],"picked":"Doppelganger","floor":8},{"not_picked":["Acrobatics","Outmaneuver"],"picked":"Backflip","floor":13},{"not_picked":["Deflect","Sucker Punch"],"picked":"Blur","floor":14}],"player_experience":543387,"relics_obtained":[{"floor":6,"key":"Pocketwatch"},{"floor":8,"key":"Bag of Preparation"},{"floor":9,"key":"Sundial"}],"event_choices":[{"damage_healed":0,"gold_gain":0,"player_choice":"Leave","damage_taken":0,"max_hp_gain":0,"max_hp_loss":0,"event_name":"The Cleric","floor":4,"gold_loss":0},{"damage_healed":17,"gold_gain":0,"player_choice":"Healed and dodged fight","damage_taken":0,"max_hp_gain":0,"max_hp_loss":0,"event_name":"Mushrooms","floor":12,"gold_loss":0,"cards_obtained":["Parasite"]}],"is_beta":false,"boss_relics":[],"items_purged_floors":[],"is_endless":false,"potions_floor_spawned":[1,2,7,13],"killed_by":"The Guardian","ascension_level":1}