{"path_per_floor":["M","?","M","M","?","R","M","M","T","M","$","M","?","M","R","B",null,"M","$","?","?","?","R","E","R","T","R","M","?","?","?","R","B",null,"M","?","M","?"],"character_chosen":"DEFECT","items_purchased":["Pantograph","Juzu Bracelet","Strength Potion","Whetstone"],"gold_per_floor":[109,284,301,315,565,565,575,590,616,631,120,132,132,149,149,244,244,259,10,10,10,10,10,36,36,36,36,47,47,147,147,147,250,280,295,341,358,358,358],"floor_reached":39,"campfire_rested":1,"playtime":2369,"current_hp_per_floor":[64,64,46,44,44,44,40,38,38,25,25,11,11,13,35,52,75,64,64,64,37,37,37,18,18,18,18,14,14,14,14,14,2,42,42,44,16,16,0],"items_purged":["Regret","Regret"],"gold":358,"score":516,"play_id":"bde212c6-b3a7-4495-a462-202c8b424c21","local_time":"20180512211842","is_prod":false,"is_daily":false,"chose_seed":false,"is_ascension_mode":true,"campfire_upgraded":5,"timestamp":1526174322,"path_taken":["M","?","M","M","?","R","M","M","T","M","?","M","?","M","R","BOSS","M","$","?","?","?","R","E","R","T","R","M","?","?","?","R","BOSS","M","?","M","?","M"],"build_version":"2018-05-12v2","seed_source_timestamp":180733704457055,"purchased_purges":2,"victory":false,"master_deck":["Strike_B+1","Strike_B+1","Strike_B+1","Strike_B+1","Defend_B+1","Defend_B+1","Defend_B+1","Defend_B+1","Zap","Dualcast","Sweeping Beam+1","Doubt","Ball Lightning","Ball Lightning+1","Static Discharge+1","Creative AI+1","White Noise","Storm","Electrodynamics+1","White Noise+1","Ghostly+1","Ghostly","Ghostly","Ghostly","Ghostly","Capacitor","Capacitor+1","Aggregate","Skim","Skim","Self Repair+1"],"max_hp_per_floor":[75,75,75,75,75,75,75,75,75,75,75,75,75,75,75,75,75,75,75,75,37,37,37,37,37,37,37,37,37,37,37,37,37,42,42,47,47,47,47],"relics":["Cracked Core","Ginger","Blood Vial","Pantograph","Juzu Bracelet","Black Star","Whetstone","Bag of Marbles","Lantern","Gambling Chip","Potion Belt","Spirit Poop","Tiny House","Unceasing Top"],"card_choices":[{"not_picked":["Conserve Battery","Stack"],"picked":"Sweeping Beam","floor":1},{"not_picked":["Cold Snap","Leap"],"picked":"Sunder","floor":3},{"not_picked":["Rebound","Leap"],"picked":"Ball Lightning","floor":4},{"not_picked":["Rebound","Rip and Tear"],"picked":"Ball Lightning","floor":7},{"not_picked":["Skim","FTL"],"picked":"Static Discharge","floor":8},{"not_picked":["Go for the Eyes","Beam Cell"],"picked":"Creative AI","floor":10},{"not_picked":["Force Field","Impulse"],"picked":"White Noise","floor":12},{"not_picked":["Skim","Hologram","Coolheaded"],"picked":"SKIP","floor":14},{"not_picked":["Fusion","Amplify"],"picked":"Electrodynamics","floor":16},{"not_picked":["Ball Lightning+1","Go for the Eyes"],"picked":"White Noise","floor":18},{"not_picked":["Hello World+1","Steam"],"picked":"Capacitor","floor":24},{"not_picked":["Turbo","Cold Snap"],"picked":"Capacitor+1","floor":28},{"not_picked":["Melter+1","Rebound"],"picked":"Aggregate","floor":34},{"not_picked":["Rebound","Go for the Eyes"],"picked":"Skim","floor":35},{"not_picked":["Hologram+1","Rainbow"],"picked":"Skim","floor":36},{"not_picked":["Rip and Tear","Axe Kick+1"],"picked":"Self Repair+1","floor":37}],"player_experience":99233,"potions_floor_usage":[8,16,16,24,33,36,39,39,39,39],"damage_taken":[{"damage":11,"enemies":"Small Slimes","floor":1,"turns":3},{"damage":18,"enemies":"Jaw Worm","floor":3,"turns":4},{"damage":2,"enemies":"Cultist","floor":4,"turns":3},{"damage":4,"enemies":"3 Louse","floor":7,"turns":2},{"damage":2,"enemies":"Lots of Slimes","floor":8,"turns":2},{"damage":15,"enemies":"Looter","floor":10,"turns":3},{"damage":16,"enemies":"Blue Slaver","floor":12,"turns":3},{"damage":0,"enemies":"Large Slime","floor":14,"turns":2},{"damage":10,"enemies":"Slime Boss","floor":16,"turns":6},{"damage":11,"enemies":"Chosen","floor":18,"turns":5},{"damage":19,"enemies":"Slavers","floor":24,"turns":5},{"damage":6,"enemies":"Shell Parasite","floor":28,"turns":4},{"damage":35,"enemies":"Collector","floor":33,"turns":7},{"damage":6,"enemies":"Flame Bruiser 1 Orb","floor":35,"turns":5},{"damage":3,"enemies":"Mysterious Sphere","floor":36,"turns":4},{"damage":30,"enemies":"Orb Walker","floor":37,"turns":3},{"damage":39,"enemies":"4 Shapes","floor":39,"turns":3}],"event_choices":[{"event_name":"Liars Game","player_choice":"agreed","floor":2,"damage_taken":0},{"event_name":"Golden Shrine","player_choice":"Desecrate","floor":5,"damage_taken":0},{"event_name":"Match and Keep!","player_choice":"1 cards matched","floor":13,"damage_taken":0},{"event_name":"Back to Basics","player_choice":"Simplicity","floor":20,"damage_taken":0},{"event_name":"Ghosts","player_choice":"Became a Ghost","floor":21,"damage_taken":0},{"event_name":"Cursed Tome","player_choice":"Ignored","floor":22,"damage_taken":0},{"event_name":"The Mausoleum","player_choice":"Yes","floor":29,"damage_taken":0},{"event_name":"Golden Shrine","player_choice":"Pray","floor":30,"damage_taken":0},{"event_name":"Bonfire Elementals","player_choice":"CURSE","floor":31,"damage_taken":0},{"event_name":"Mysterious Sphere","player_choice":"Fight","floor":36,"damage_taken":0}],"boss_relics":[{"not_picked":["Orrery","Lizard Tail"],"picked":"Black Star"},{"not_picked":["Eternal Feather","Sozu"],"picked":"Tiny House"}],"potions_floor_spawned":[3,7,10,16,18,33,35,36],"seed_played":"-8206106068703533744","killed_by":"4 Shapes","ascension_level":4,"is_trial":false}