{"gold_per_floor":[109,129,148,167,60,86,86,101,183,183,195,195,195,212,212,308,308,322,8,20,38,52,52,68,68,68,68,78,24,123,133,133,228,228,247,347,83,93,107,107,138,138,138,138,41,57,90,103,103,103],"floor_reached":50,"playtime":4470,"items_purged":[],"score":761,"play_id":"dae0eb38-6520-43dc-910e-5281968dad1b","local_time":"20181111215456","is_ascension_mode":true,"campfire_choices":[{"data":"Static Discharge","floor":7,"key":"SMITH"},{"data":"Go for the Eyes","floor":10,"key":"SMITH"},{"data":"Conserve Battery","floor":12,"key":"SMITH"},{"data":"Stack","floor":15,"key":"SMITH"},{"floor":23,"key":"REST"},{"floor":25,"key":"REST"},{"data":"Hologram","floor":32,"key":"SMITH"},{"floor":40,"key":"REST"},{"floor":44,"key":"REST"},{"floor":49,"key":"RECALL"}],"neow_cost":"NONE","seed_source_timestamp":4184345822997,"circlet_count":0,"master_deck":["Strike_B","Strike_B","Strike_B","Strike_B","Defend_B","Defend_B","Defend_B","Defend_B","Zap","Dualcast","Stack+1","Go for the Eyes+1","Conserve Battery+1","Doom and Gloom","Chill","Static Discharge+1","Hologram+1","Compile Driver","White Noise+1","Self Repair","Rainbow+1","Redo+1","Redo+1","Conserve Battery+1","BootSequence+1","Core Surge","Stack+1","Conserve Battery+1","Coolheaded+1","Skim+1","Multi-Cast+1","Lockon","Reprogram+1","Reprogram+1","Loop","Coolheaded+1","Hologram+1","Barrage+1","Hologram+1","Conserve Battery+1","Double Energy+1","Loop","Turbo+1","Thunder Strike","Doom and Gloom+1","Stack+1","Heatsinks","Conserve Battery+1"],"relics":["FrozenCore","Sundial","Toxic Egg 2","Pocketwatch","Inserter","Cables","Ancient Tea Set","Prayer Wheel","Art of War","Blue Candle"],"potions_floor_usage":[16,24,28,31,38,38,41,46,46,50,50],"damage_taken":[{"damage":1,"enemies":"2 Louse","floor":1,"turns":3},{"damage":0,"enemies":"Cultist","floor":2,"turns":4},{"damage":3,"enemies":"Jaw Worm","floor":3,"turns":4},{"damage":0,"enemies":"Exordium Wildlife","floor":4,"turns":3},{"damage":15,"enemies":"3 Sentries","floor":6,"turns":6},{"damage":0,"enemies":"3 Louse","floor":8,"turns":3},{"damage":0,"enemies":"Large Slime","floor":11,"turns":5},{"damage":0,"enemies":"2 Fungi Beasts","floor":14,"turns":4},{"damage":4,"enemies":"Hexaghost","floor":16,"turns":10},{"damage":7,"enemies":"Spheric Guardian","floor":18,"turns":5},{"damage":7,"enemies":"Chosen","floor":20,"turns":4},{"damage":27,"enemies":"Snake Plant","floor":21,"turns":4},{"damage":24,"enemies":"Shelled Parasite and Fungi","floor":22,"turns":5},{"damage":20,"enemies":"Cultist and Chosen","floor":24,"turns":5},{"damage":1,"enemies":"Chosen and Byrds","floor":28,"turns":7},{"damage":13,"enemies":"3 Cultists","floor":31,"turns":5},{"damage":32,"enemies":"Champ","floor":33,"turns":16},{"damage":6,"enemies":"3 Darklings","floor":35,"turns":11},{"damage":0,"enemies":"Mind Bloom Boss Battle","floor":36,"turns":7},{"damage":63,"enemies":"3 Shapes","floor":38,"turns":5},{"damage":0,"enemies":"Maw","floor":39,"turns":8},{"damage":57,"enemies":"Giant Head","floor":41,"turns":12},{"damage":0,"enemies":"3 Darklings","floor":46,"turns":6},{"damage":15,"enemies":"Nemesis","floor":47,"turns":9},{"damage":0,"enemies":"Sphere and 2 Shapes","floor":48,"turns":6},{"damage":52,"enemies":"Awakened One","floor":50,"turns":4}],"seed_played":"-5005475098457747827","potions_obtained":[{"floor":4,"key":"SteroidPotion"},{"floor":11,"key":"FocusPotion"},{"floor":14,"key":"FearPotion"},{"floor":20,"key":"EssenceOfSteel"},{"floor":21,"key":"Regen Potion"},{"floor":24,"key":"Weak Potion"},{"floor":35,"key":"AttackPotion"},{"floor":38,"key":"Poison Potion"},{"floor":39,"key":"Energy Potion"},{"floor":41,"key":"SkillPotion"},{"floor":46,"key":"SpeedPotion"}],"is_trial":false,"path_per_floor":["M","M","M","M","$","E","R","M","T","R","M","R","?","M","R","B",null,"M","$","M","M","M","R","M","R","T","?","M","$","?","M","R","B",null,"M","?","$","M","M","R","E","?","T","R","$","M","E","M","R","B"],"character_chosen":"DEFECT","items_purchased":["Chill","Static Discharge","Cables","Redo+1","Coolheaded+1","Reprogram+1","Loop","Coolheaded+1","Fruit Juice","Loop","Turbo+1"],"campfire_rested":4,"item_purchase_floors":[5,5,19,19,29,37,37,37,37,45,45],"current_hp_per_floor":[74,74,71,71,71,56,56,56,56,56,56,56,44,44,44,47,73,66,66,59,39,22,46,47,71,71,71,77,77,77,71,71,46,73,74,81,81,30,37,63,13,13,13,39,39,39,31,38,38,0],"gold":103,"neow_bonus":"TEN_PERCENT_HP_BONUS","is_prod":false,"is_daily":false,"chose_seed":false,"campfire_upgraded":5,"win_rate":0,"timestamp":1541991296,"path_taken":["M","M","M","M","$","E","R","M","T","R","M","R","?","M","R","BOSS","M","$","M","M","M","R","M","R","T","?","M","?","?","M","R","BOSS","M","?","$","M","M","R","E","?","T","R","$","M","E","M","R","BOSS"],"build_version":"2018-11-08","purchased_purges":0,"victory":false,"max_hp_per_floor":[82,82,82,82,82,82,82,82,82,82,82,82,82,82,82,82,82,82,82,82,82,82,82,82,82,82,82,82,82,82,82,82,82,82,82,82,82,87,87,87,87,87,87,87,87,87,87,87,87,87],"card_choices":[{"not_picked":["Leap","Auto Shields"],"picked":"Stack","floor":1},{"not_picked":["Beam Cell","Compile Driver"],"picked":"Go for the Eyes","floor":2},{"not_picked":["Go for the Eyes","Compile Driver"],"picked":"Conserve Battery","floor":3},{"not_picked":["Hologram","Biased Cognition"],"picked":"Doom and Gloom","floor":4},{"not_picked":["Turbo","Sweeping Beam"],"picked":"Hologram","floor":6},{"not_picked":["Blizzard","Auto Shields"],"picked":"Compile Driver","floor":8},{"not_picked":["Conserve Battery+1","Cold Snap"],"picked":"White Noise+1","floor":11},{"not_picked":["Cold Snap","Steam+1"],"picked":"Self Repair","floor":14},{"not_picked":["Machine Learning","All For One"],"picked":"Rainbow+1","floor":16},{"not_picked":["Rebound+1","Compile Driver+1"],"picked":"Redo+1","floor":18},{"not_picked":["Doom and Gloom","Compile Driver"],"picked":"Conserve Battery+1","floor":20},{"not_picked":["Loop","Capacitor"],"picked":"BootSequence+1","floor":21},{"not_picked":["Ball Lightning","Go for the Eyes"],"picked":"Core Surge","floor":22},{"not_picked":["Rebound","Leap+1"],"picked":"Stack+1","floor":24},{"not_picked":["Streamline","Hyperbeam"],"picked":"Conserve Battery+1","floor":28},{"not_picked":["Streamline","FTL"],"picked":"Skim+1","floor":31},{"not_picked":["Rainbow+1","Fission+1"],"picked":"Multi-Cast+1","floor":33},{"not_picked":["Steam+1","Gash"],"picked":"Lockon","floor":35},{"not_picked":["Rebound","Barrage"],"picked":"Reprogram+1","floor":36},{"not_picked":["Storm","FTL+1"],"picked":"Hologram+1","floor":38},{"not_picked":["Streamline","Genetic Algorithm+1"],"picked":"Barrage+1","floor":38},{"not_picked":["FTL+1","Undo+1"],"picked":"Hologram+1","floor":39},{"not_picked":["Barrage+1","Go for the Eyes"],"picked":"Conserve Battery+1","floor":39},{"not_picked":["Blizzard","Skim+1"],"picked":"Double Energy+1","floor":41},{"not_picked":["Streamline","Barrage"],"picked":"Thunder Strike","floor":46},{"not_picked":["Blizzard","Streamline+1"],"picked":"Doom and Gloom+1","floor":46},{"not_picked":["Capacitor+1","Steam Power+1"],"picked":"Stack+1","floor":47},{"not_picked":["Consume+1","Coolheaded+1"],"picked":"Heatsinks","floor":48},{"not_picked":["Barrage+1","Force Field+1"],"picked":"Conserve Battery+1","floor":48}],"player_experience":368569,"relics_obtained":[{"floor":6,"key":"Sundial"},{"floor":9,"key":"Toxic Egg 2"},{"floor":26,"key":"Ancient Tea Set"},{"floor":36,"key":"Prayer Wheel"},{"floor":41,"key":"Art of War"},{"floor":47,"key":"Blue Candle"}],"event_choices":[{"damage_healed":0,"gold_gain":0,"player_choice":"Success","damage_taken":12,"relics_obtained":["Pocketwatch"],"max_hp_gain":0,"max_hp_loss":0,"event_name":"Scrap Ooze","floor":13,"gold_loss":0},{"damage_healed":0,"gold_gain":0,"player_choice":"Ignored","damage_taken":0,"max_hp_gain":0,"max_hp_loss":0,"event_name":"N\u0027loth","floor":27,"gold_loss":0},{"damage_healed":0,"gold_gain":99,"player_choice":"Stole From Cult","damage_taken":0,"max_hp_gain":0,"max_hp_loss":0,"event_name":"Nest","floor":30,"gold_loss":0},{"damage_healed":0,"gold_gain":0,"player_choice":"Fight","damage_taken":0,"max_hp_gain":0,"max_hp_loss":0,"event_name":"MindBloom","floor":36,"gold_loss":0},{"damage_healed":0,"gold_gain":0,"player_choice":"Ignored","damage_taken":0,"max_hp_gain":0,"max_hp_loss":0,"event_name":"Tomb of Lord Red Mask","floor":42,"gold_loss":0}],"is_beta":true,"boss_relics":[{"not_picked":["Tiny House","Pandora\u0027s Box"],"picked":"Inserter"},{"not_picked":["Runic Dome","Snecko Eye"],"picked":"FrozenCore"}],"items_purged_floors":[],"is_endless":false,"potions_floor_spawned":[4,11,14,20,21,24,35,38,39,41,46],"killed_by":"Awakened One","ascension_level":8}