{"path_per_floor":["M","M","$","M","?","R","M","?","T","?","R","M","M","M","R"],"character_chosen":"THE_SILENT","items_purchased":[],"gold_per_floor":[119,134,134,148,398,398,413,413,413,488,488,499,515,528,528,528],"floor_reached":16,"campfire_rested":1,"playtime":1212,"current_hp_per_floor":[70,70,70,70,70,70,69,69,69,58,58,28,14,4,25,0],"items_purged":[],"gold":528,"score":99,"play_id":"ba688f68-a6e8-4b23-86e4-2f9930c20172","local_time":"20180507235027","is_prod":false,"is_daily":false,"chose_seed":false,"is_ascension_mode":true,"campfire_upgraded":2,"timestamp":1525751427,"path_taken":["M","M","$","M","?","R","?","?","T","?","R","M","?","M","R","BOSS"],"build_version":"2018-05-03","seed_source_timestamp":357599009134753,"purchased_purges":0,"victory":false,"master_deck":["Defend_G","Defend_G","Defend_G","Defend_G","Defend_G","Strike_G","Strike_G","Strike_G","Strike_G","Strike_G","Survivor","Neutralize","Terror","Backflip","Dodge and Roll+1","Regret","Backflip","Dark Shackles","Burst+1","Accuracy","Outmaneuver"],"max_hp_per_floor":[70,70,70,70,70,70,70,70,70,70,70,70,70,70,70,70],"relics":["Ring of the Snake","Mummified Hand"],"card_choices":[{"not_picked":["Dodge and Roll","Bane"],"picked":"Terror","floor":1},{"not_picked":["Bane","Dagger Spray"],"picked":"Backflip","floor":2},{"not_picked":["Deadly Poison","Sucker Punch"],"picked":"Dodge and Roll","floor":4},{"not_picked":["Poisoned Stab","Riddle With Holes"],"picked":"Backflip","floor":7},{"not_picked":["Prepared","Quick Slash"],"picked":"Accuracy","floor":13},{"not_picked":["Setup","Dodge and Roll"],"picked":"Outmaneuver","floor":14}],"player_experience":205484,"potions_floor_usage":[12,16,16],"damage_taken":[{"damage":0,"enemies":"2 Louse","floor":1,"turns":5},{"damage":0,"enemies":"Cultist","floor":2,"turns":4},{"damage":0,"enemies":"Small Slimes","floor":4,"turns":5},{"damage":1,"enemies":"Red Slaver","floor":7,"turns":5},{"damage":30,"enemies":"Gremlin Gang","floor":12,"turns":8},{"damage":14,"enemies":"2 Fungi Beasts","floor":13,"turns":5},{"damage":10,"enemies":"Blue Slaver","floor":14,"turns":6},{"damage":27,"enemies":"Hexaghost","floor":16,"turns":14}],"event_choices":[{"event_name":"Golden Shrine","player_choice":"Desecrate","floor":5,"damage_taken":0},{"event_name":"Match and Keep!","player_choice":"2 cards matched","floor":8,"damage_taken":0},{"event_name":"World of Goop","player_choice":"Gather Gold","floor":10,"damage_taken":0}],"boss_relics":[],"potions_floor_spawned":[1,4],"seed_played":"-4125320429189315715","killed_by":"Hexaghost","ascension_level":1,"is_trial":false}