{"gold_per_floor":[111,286,286,79,95,126,126,146,146,13,13,13,27,39,39,134,134,147,147,69,69,85,85],"floor_reached":23,"playtime":1327,"items_purged":["Decay"],"score":191,"play_id":"2f0167e7-f1af-452e-b132-99203206b179","local_time":"20190621122007","is_ascension_mode":false,"campfire_choices":[{"data":"Bouncing Flask","floor":7,"key":"SMITH"},{"floor":15,"key":"REST"}],"neow_cost":"NONE","seed_source_timestamp":85835393609092,"circlet_count":0,"master_deck":["Defend_G","Defend_G","Defend_G","Defend_G","Defend_G","Strike_G","Strike_G","Strike_G","Strike_G","Strike_G","Survivor","Neutralize","Cloak And Dagger","Infinite Blades","Slice","Cloak And Dagger","Deflect","Bouncing Flask+1","Deflect","Accuracy+1","Slice","Accuracy","Dagger Spray","A Thousand Cuts","Clumsy","Injury","Clumsy","Deflect","Caltrops","Writhe","Infinite Blades"],"relics":["Runic Dome","Blue Candle","Potion Belt","Calling Bell","Snake Skull","Singing Bowl","Prayer Wheel","MutagenicStrength","Centennial Puzzle"],"potions_floor_usage":[6,16,16,23],"damage_taken":[{"damage":2,"enemies":"2 Louse","floor":1,"turns":3},{"damage":2,"enemies":"Small Slimes","floor":5,"turns":4},{"damage":29,"enemies":"3 Sentries","floor":6,"turns":11},{"damage":0,"enemies":"Cultist","floor":8,"turns":3},{"damage":6,"enemies":"Exordium Thugs","floor":11,"turns":4},{"damage":7,"enemies":"Blue Slaver","floor":13,"turns":3},{"damage":9,"enemies":"Large Slime","floor":14,"turns":5},{"damage":30,"enemies":"Hexaghost","floor":16,"turns":8},{"damage":35,"enemies":"3 Byrds","floor":18,"turns":6},{"damage":23,"enemies":"Spheric Guardian","floor":22,"turns":4},{"damage":18,"enemies":"Slavers","floor":23,"turns":1}],"seed_played":"-5824366736793912730","potions_obtained":[{"floor":1,"key":"SneckoOil"},{"floor":13,"key":"Ancient Potion"},{"floor":14,"key":"GamblersBrew"},{"floor":16,"key":"LiquidBronze"},{"floor":22,"key":"GamblersBrew"}],"is_trial":false,"path_per_floor":["M","?","?","$","M","E","R","M","T","$","M","?","M","M","R","B",null,"M","?","$","?","M","E"],"character_chosen":"THE_SILENT","items_purchased":["Infinite Blades","Slice","Cloak And Dagger","Accuracy","Slice","Caltrops"],"campfire_rested":1,"item_purchase_floors":[4,4,4,10,10,20],"current_hp_per_floor":[68,68,68,68,66,37,37,37,37,37,31,31,24,15,36,6,70,37,37,37,37,16,0],"gold":85,"neow_bonus":"BOSS_RELIC","is_prod":false,"is_daily":false,"chose_seed":false,"campfire_upgraded":1,"win_rate":0,"timestamp":1561137607,"path_taken":["M","?","?","$","?","E","R","M","T","?","M","?","?","M","R","BOSS","M","?","$","?","M","E"],"build_version":"2019-01-23","purchased_purges":1,"victory":false,"max_hp_per_floor":[70,70,70,70,70,70,70,70,70,70,70,70,70,70,70,70,70,72,72,72,72,74,74],"card_choices":[{"not_picked":["Escape Plan","Sucker Punch"],"picked":"Cloak And Dagger","floor":1},{"not_picked":["Acrobatics","Eviscerate"],"picked":"Deflect","floor":5},{"not_picked":["Deflect","Slice"],"picked":"Bouncing Flask","floor":6},{"not_picked":["Dagger Throw","Outmaneuver"],"picked":"Deflect","floor":8},{"not_picked":["Dagger Throw","Catalyst"],"picked":"Accuracy","floor":11},{"not_picked":["Dodge and Roll","Finisher","Flying Knee"],"picked":"SKIP","floor":13},{"not_picked":["Backflip","Acrobatics"],"picked":"Dagger Spray","floor":14},{"not_picked":["Unload","Doppelganger"],"picked":"A Thousand Cuts","floor":16},{"not_picked":["Backflip","Outmaneuver","Quick Slash"],"picked":"Singing Bowl","floor":18},{"not_picked":["Distraction+1","Flying Knee"],"picked":"Deflect","floor":18},{"not_picked":["Acrobatics","Quick Slash","Sucker Punch"],"picked":"Singing Bowl","floor":22},{"not_picked":["Quick Slash","Deadly Poison+1"],"picked":"Infinite Blades","floor":22}],"player_experience":68344,"relics_obtained":[{"floor":6,"key":"Blue Candle"},{"floor":9,"key":"Potion Belt"},{"floor":17,"key":"Snake Skull"},{"floor":17,"key":"Singing Bowl"},{"floor":17,"key":"Prayer Wheel"}],"event_choices":[{"damage_healed":0,"gold_gain":175,"player_choice":"AGREE","damage_taken":0,"max_hp_gain":0,"max_hp_loss":0,"event_name":"Liars Game","floor":2,"gold_loss":0,"cards_obtained":["Doubt"]},{"damage_healed":0,"gold_gain":0,"cards_transformed":["Doubt"],"player_choice":"Transformed","damage_taken":0,"max_hp_gain":0,"max_hp_loss":0,"event_name":"Transmorgrifier","floor":3,"gold_loss":0,"cards_obtained":["Decay"]},{"damage_healed":0,"gold_gain":0,"player_choice":"Upgraded","damage_taken":0,"max_hp_gain":0,"max_hp_loss":0,"event_name":"Upgrade Shrine","floor":12,"gold_loss":0,"cards_upgraded":["Accuracy"]},{"damage_healed":0,"gold_gain":0,"player_choice":"Inject Mutagens","damage_taken":0,"relics_obtained":["MutagenicStrength"],"max_hp_gain":0,"max_hp_loss":0,"event_name":"Drug Dealer","floor":19,"gold_loss":0},{"damage_healed":0,"gold_gain":0,"player_choice":"Opened","damage_taken":0,"relics_obtained":["Centennial Puzzle"],"max_hp_gain":0,"max_hp_loss":0,"event_name":"The Mausoleum","floor":21,"gold_loss":0,"cards_obtained":["Writhe"]}],"is_beta":false,"boss_relics":[{"not_picked":["Eternal Feather","Coffee Dripper"],"picked":"Calling Bell"}],"items_purged_floors":[4],"is_endless":false,"potions_floor_spawned":[1,13,14,16,22],"killed_by":"Slavers","ascension_level":0}