{"gold_per_floor":[113,113,132,132,145,145,168,187,187,187,187,205,224,260,260,379,379,403,424,2,2,2,2,15,15,40,78,78,78,97,97,97,196,196,206,206,206,220,20,20,35,49,73,73,73,88,88,104,104,104],"floor_reached":50,"playtime":4193,"items_purged":["Strike_B","Strike_B"],"score":510,"play_id":"9824a07b-a14b-42ea-97fd-34846d487b0c","local_time":"20190719211215","is_ascension_mode":true,"campfire_choices":[{"data":"Chill","floor":10.0,"key":"SMITH"},{"data":"Blizzard","floor":15.0,"key":"SMITH"},{"data":"Chill","floor":23.0,"key":"SMITH"},{"data":"Sweeping Beam","floor":25.0,"key":"SMITH"},{"data":"Conserve Battery","floor":29.0,"key":"SMITH"},{"floor":32.0,"key":"REST"},{"data":"Coolheaded","floor":40.0,"key":"SMITH"},{"floor":44.0,"key":"REST"},{"floor":47,"key":"RECALL"},{"floor":49,"key":"REST"}],"neow_cost":"NONE","seed_source_timestamp":0,"circlet_count":0,"master_deck":["Strike_B","Defend_B","Defend_B","Defend_B","Zap+1","Dualcast","Conserve Battery+1","Chill+1","Blizzard+1","Sweeping Beam+1","Gash","Gash","Coolheaded+1","Chill+1","All For One","White Noise+1","Blizzard+1","Capacitor+1","Reprogram","Beam Cell+1","Normality","Coolheaded+1"],"special_seed":0,"relics":["Cracked Core","Bloody Idol","Pear","Bag of Preparation","Matryoshka","Black Star","Orichalcum","HandDrill","Meat on the Bone","Blood Vial","Frozen Egg 2","MutagenicStrength","Cursed Key","Singing Bowl","Vajra"],"potions_floor_usage":[50],"damage_taken":[{"damage":1.0,"enemies":"Small Slimes","floor":1.0,"turns":3.0},{"damage":0.0,"enemies":"2 Louse","floor":3.0,"turns":2.0},{"damage":0.0,"enemies":"Cultist","floor":5.0,"turns":3.0},{"damage":0.0,"enemies":"Looter","floor":7.0,"turns":3.0},{"damage":0.0,"enemies":"Blue Slaver","floor":8.0,"turns":4.0},{"damage":0.0,"enemies":"2 Fungi Beasts","floor":12.0,"turns":2.0},{"damage":7.0,"enemies":"Large Slime","floor":13.0,"turns":5.0},{"damage":7.0,"enemies":"3 Sentries","floor":14.0,"turns":5.0},{"damage":51.0,"enemies":"Hexaghost","floor":16.0,"turns":11.0},{"damage":9.0,"enemies":"2 Thieves","floor":18.0,"turns":4.0},{"damage":0.0,"enemies":"Chosen","floor":19.0,"turns":4.0},{"damage":5.0,"enemies":"Centurion and Healer","floor":24.0,"turns":5.0},{"damage":17.0,"enemies":"Book of Stabbing","floor":27.0,"turns":7.0},{"damage":10.0,"enemies":"Chosen and Byrds","floor":30.0,"turns":6.0},{"damage":25.0,"enemies":"Automaton","floor":33.0,"turns":11.0},{"damage":9.0,"enemies":"3 Shapes","floor":35.0,"turns":2.0},{"damage":22.0,"enemies":"Orb Walker","floor":38.0,"turns":5.0},{"damage":22.0,"enemies":"Maw","floor":41.0,"turns":8.0},{"damage":33.0,"enemies":"Spire Growth","floor":42.0,"turns":5.0},{"damage":34,"enemies":"Writhing Mass","floor":46,"turns":10},{"damage":27,"enemies":"4 Shapes","floor":48,"turns":7},{"damage":75,"enemies":"Donu and Deca","floor":50,"turns":6}],"seed_played":"-6572138549967734590","potions_obtained":[{"floor":1.0,"key":"Fire Potion"},{"floor":12.0,"key":"GamblersBrew"},{"floor":13.0,"key":"Explosive Potion"},{"floor":14.0,"key":"Swift Potion"},{"floor":18.0,"key":"Fire Potion"},{"floor":19.0,"key":"Dexterity Potion"},{"floor":27.0,"key":"FearPotion"},{"floor":30.0,"key":"FocusPotion"}],"is_trial":false,"path_per_floor":["M","?","M","?","M","?","M","M","T","R","T","M","M","E","R","B",null,"M","M","$","?","?","R","M","R","T","E","?","R","M","?","R","B",null,"M","?","?","M","$","R","M","M","T","R","T","M","R","M","R","B"],"character_chosen":"DEFECT","items_purchased":["Orichalcum","HandDrill","PowerPotion","Block Potion"],"campfire_rested":3,"item_purchase_floors":[20,20,39,39],"current_hp_per_floor":[74,56,56,56,56,75,75,75,85,85,85,85,78,71,71,20,85,76,76,76,76,76,76,71,71,71,54,54,54,46,46,71,53,85,81,81,81,66,66,66,51,37,42,67,67,52,52,46,72,0],"gold":104,"neow_bonus":"UPGRADE_CARD","is_prod":false,"is_daily":false,"chose_seed":false,"campfire_upgraded":6,"win_rate":0,"timestamp":1563585135,"path_taken":["M","?","M","?","?","?","M","M","T","R","?","M","M","E","R","BOSS","M","M","$","?","?","R","M","R","T","E","?","R","M","?","R","BOSS","M","?","?","M","?","R","M","M","T","R","?","M","R","?","R","BOSS"],"build_version":"2019-07-17","purchased_purges":2,"victory":false,"max_hp_per_floor":[75,75,75,75,75,75,75,75,85,85,85,85,85,85,85,85,85,85,85,85,85,85,85,85,85,85,85,85,85,85,85,85,85,85,85,85,85,85,85,85,85,85,85,85,85,85,85,87,87,87],"card_choices":[{"not_picked":["Rip and Tear","Rebound"],"picked":"Conserve Battery","floor":1.0},{"not_picked":["Leap","Loop"],"picked":"Chill","floor":3.0},{"not_picked":["Reprogram","White Noise"],"picked":"Blizzard","floor":5.0},{"not_picked":["Aggregate","Redo"],"picked":"Sweeping Beam","floor":7.0},{"not_picked":["Consume","Darkness"],"picked":"Gash","floor":8.0},{"not_picked":["Redo","FTL"],"picked":"Gash","floor":12.0},{"not_picked":["Conserve Battery","Compile Driver"],"picked":"Coolheaded","floor":13.0},{"not_picked":["Hello World","Turbo"],"picked":"Chill","floor":14.0},{"not_picked":["Core Surge","Buffer"],"picked":"All For One","floor":16.0},{"not_picked":["Undo","Turbo"],"picked":"White Noise+1","floor":18.0},{"not_picked":["Go for the Eyes","Steam"],"picked":"Blizzard+1","floor":19.0},{"not_picked":["Turbo","Beam Cell+1"],"picked":"Capacitor+1","floor":24.0},{"not_picked":["Skim+1","Recycle","Steam Power"],"picked":"SKIP","floor":27.0},{"not_picked":["Go for the Eyes","Stack","Rebound"],"picked":"SKIP","floor":30.0},{"not_picked":["Coolheaded+1","Steam Power+1","Turbo"],"picked":"SKIP","floor":35.0},{"not_picked":["Conserve Battery","Rebound+1"],"picked":"Reprogram","floor":38.0},{"not_picked":["FTL","Double Energy+1"],"picked":"Beam Cell+1","floor":41.0},{"not_picked":["Double Energy","Streamline","Loop+1"],"picked":"SKIP","floor":42.0},{"not_picked":["Reinforced Body","Cold Snap"],"picked":"Coolheaded+1","floor":46},{"not_picked":["Doom and Gloom+1","Gash+1","Cold Snap"],"picked":"Singing Bowl","floor":48}],"player_experience":773033,"relics_obtained":[{"floor":9.0,"key":"Pear"},{"floor":11.0,"key":"Bag of Preparation"},{"floor":14.0,"key":"Matryoshka"},{"floor":26.0,"key":"Meat on the Bone"},{"floor":27.0,"key":"Blood Vial"},{"floor":27.0,"key":"Frozen Egg 2"},{"floor":43.0,"key":"Singing Bowl"},{"floor":43.0,"key":"Vajra"}],"event_choices":[{"damage_healed":0.0,"max_hp_gain":0.0,"max_hp_loss":0.0,"gold_gain":0.0,"event_name":"Golden Idol","player_choice":"Take Damage","floor":2.0,"gold_loss":0.0,"damage_taken":18.0,"relics_obtained":["Golden Idol"]},{"cards_removed":["Strike_B"],"damage_healed":0.0,"max_hp_gain":0.0,"max_hp_loss":0.0,"gold_gain":0.0,"event_name":"Bonfire Elementals","player_choice":"Offered Basic","floor":4.0,"gold_loss":0.0,"damage_taken":0.0},{"damage_healed":25.0,"max_hp_gain":0.0,"max_hp_loss":0.0,"gold_gain":0.0,"event_name":"Big Fish","player_choice":"Banana","floor":6.0,"gold_loss":0.0,"damage_taken":0.0},{"damage_healed":0.0,"max_hp_gain":0.0,"max_hp_loss":0.0,"gold_gain":0.0,"event_name":"Ghosts","player_choice":"Ignored","floor":21.0,"gold_loss":0.0,"damage_taken":0.0},{"cards_removed":["Defend_B"],"damage_healed":0.0,"max_hp_gain":0.0,"max_hp_loss":0.0,"gold_gain":0.0,"event_name":"Back to Basics","player_choice":"Elegance","floor":22.0,"gold_loss":0.0,"damage_taken":0.0},{"damage_healed":0.0,"max_hp_gain":0.0,"max_hp_loss":0.0,"gold_gain":0.0,"event_name":"Drug Dealer","player_choice":"Inject Mutagens","floor":28.0,"gold_loss":0.0,"damage_taken":0.0,"relics_obtained":["MutagenicStrength"]},{"damage_healed":0.0,"max_hp_gain":0.0,"max_hp_loss":0.0,"gold_gain":0.0,"event_name":"Forgotten Altar","player_choice":"Gave Idol","floor":31.0,"relics_lost":["Golden Idol"],"gold_loss":0.0,"damage_taken":0.0,"relics_obtained":["Bloody Idol"]},{"damage_healed":0.0,"max_hp_gain":0.0,"max_hp_loss":0.0,"gold_gain":0.0,"event_name":"Mysterious Sphere","player_choice":"Ignored","floor":36.0,"gold_loss":0.0,"damage_taken":0.0},{"damage_healed":0.0,"max_hp_gain":0.0,"max_hp_loss":0.0,"gold_gain":0.0,"event_name":"Tomb of Lord Red Mask","player_choice":"Ignored","floor":37.0,"gold_loss":0.0,"damage_taken":0.0}],"is_beta":false,"boss_relics":[{"not_picked":["Ectoplasm","Astrolabe"],"picked":"Black Star"},{"not_picked":["Sozu","Empty Cage"],"picked":"Cursed Key"}],"items_purged_floors":[20,39],"is_endless":false,"potions_floor_spawned":[1,12,13,14,18,19,27,30,41],"killed_by":"Donu and Deca","ascension_level":2}