{"gold_per_floor":[109,109,109,124,138,138,178,192,192,192,205,205,277,292,292,292],"floor_reached":16,"playtime":663,"items_purged":[],"score":199,"play_id":"09fbaa3a-9aca-439a-ada6-a79d96bb84c3","local_time":"20190304123231","is_ascension_mode":true,"campfire_choices":[{"data":"Armaments","floor":6,"key":"SMITH"},{"data":"Whirlwind","floor":10,"key":"SMITH"},{"data":"Juggernaut","floor":15,"key":"SMITH"}],"neow_cost":"CURSE","seed_source_timestamp":5098469871093,"circlet_count":0,"master_deck":["AscendersBane","Strike_R","Strike_R","Strike_R","Strike_R","Strike_R","Defend_R","Defend_R","Defend_R","Defend_R","Bash","Finesse","Enlightenment","Clumsy","Armaments+1","Ghostly Armor","Dropkick","True Grit","Whirlwind+1","Regret","Juggernaut+1"],"relics":["Burning Blood","Golden Idol","Sundial","Bottled Lightning","Molten Egg 2","Kunai"],"potions_floor_usage":[7,7,16],"damage_taken":[{"damage":16,"enemies":"Jaw Worm","floor":1,"turns":7},{"damage":1,"enemies":"2 Louse","floor":4,"turns":4},{"damage":1,"enemies":"Cultist","floor":5,"turns":5},{"damage":28,"enemies":"3 Sentries","floor":7,"turns":11},{"damage":12,"enemies":"Exordium Thugs","floor":8,"turns":7},{"damage":8,"enemies":"Gremlin Gang","floor":11,"turns":2},{"damage":12,"enemies":"Exordium Wildlife","floor":14,"turns":5},{"damage":31,"enemies":"The Guardian","floor":16,"turns":2}],"seed_played":"3783700229513845634","potions_obtained":[{"floor":4,"key":"SteroidPotion"},{"floor":5,"key":"GamblersBrew"},{"floor":7,"key":"Poison Potion"}],"is_trial":false,"path_per_floor":["M","?","?","M","M","R","E","M","T","R","M","?","T","M","R","B"],"character_chosen":"IRONCLAD","items_purchased":[],"campfire_rested":0,"item_purchase_floors":[],"current_hp_per_floor":[58,58,51,56,61,61,39,33,33,33,31,31,31,25,25,0],"gold":292,"neow_bonus":"RANDOM_COLORLESS_2","is_prod":false,"is_daily":false,"chose_seed":false,"campfire_upgraded":3,"win_rate":0,"timestamp":1551720751,"path_taken":["M","?","?","M","M","R","E","M","T","R","M","?","?","?","R","BOSS"],"build_version":"2019-02-06","purchased_purges":0,"victory":false,"max_hp_per_floor":[75,75,75,75,75,75,75,75,75,75,75,75,75,75,75,75],"card_choices":[{"not_picked":["Pommel Strike","Carnage"],"picked":"Armaments","floor":1},{"not_picked":["Warcry","Pommel Strike"],"picked":"Ghostly Armor","floor":4},{"not_picked":["Rage","Sentinel"],"picked":"Dropkick","floor":5},{"not_picked":["Cleave","Burning Pact"],"picked":"True Grit","floor":7},{"not_picked":["Anger","True Grit"],"picked":"Whirlwind","floor":8},{"not_picked":["Sword Boomerang","True Grit","Infernal Blade"],"picked":"SKIP","floor":11},{"not_picked":["Shrug It Off","True Grit"],"picked":"Juggernaut","floor":14}],"player_experience":1026329,"relics_obtained":[{"floor":7,"key":"Sundial"},{"floor":9,"key":"Bottled Lightning"},{"floor":13,"key":"Kunai"}],"event_choices":[{"damage_healed":0,"gold_gain":0,"player_choice":"Take Wound","damage_taken":0,"relics_obtained":["Golden Idol"],"max_hp_gain":0,"max_hp_loss":0,"event_name":"Golden Idol","floor":2,"gold_loss":0,"cards_obtained":["Injury"]},{"cards_removed":["Injury"],"damage_healed":0,"gold_gain":0,"player_choice":"Card Removal","damage_taken":7,"max_hp_gain":0,"max_hp_loss":0,"event_name":"Golden Wing","floor":3,"gold_loss":0},{"damage_healed":0,"gold_gain":0,"player_choice":"Box","damage_taken":0,"relics_obtained":["Molten Egg 2"],"max_hp_gain":0,"max_hp_loss":0,"event_name":"Big Fish","floor":12,"gold_loss":0,"cards_obtained":["Regret"]}],"is_beta":true,"boss_relics":[],"items_purged_floors":[],"is_endless":false,"potions_floor_spawned":[4,5,7],"killed_by":"The Guardian","ascension_level":19}