{"gold_per_floor":[17,17,28,45,56,56,66,76,100,100,100,100,118,70,70,70],"floor_reached":16,"playtime":580,"items_purged":[],"score":274,"play_id":"7107781d-90b3-4f80-9797-b85af96da7dc","local_time":"20190212205443","is_ascension_mode":true,"campfire_choices":[{"data":"Defragment","floor":6.0,"key":"SMITH"},{"data":"Discovery","floor":12,"key":"SMITH"},{"data":"Thunder Strike","floor":15,"key":"SMITH"}],"neow_cost":"NO_GOLD","seed_source_timestamp":0,"circlet_count":0,"master_deck":["AscendersBane","Strike_B","Strike_B","Strike_B","Defend_B","Defend_B","Defend_B","Defend_B","Zap","Dualcast","Discovery+1","Finesse","Defragment+1","Lockon","Ball Lightning","Sweeping Beam","Core Surge","Conserve Battery","Thunder Strike+1","Core Surge"],"special_seed":0,"relics":["Cracked Core","Pen Nib"],"potions_floor_usage":[16],"damage_taken":[{"damage":0.0,"enemies":"Small Slimes","floor":1.0,"turns":4.0},{"damage":4.0,"enemies":"Cultist","floor":3.0,"turns":4.0},{"damage":8.0,"enemies":"2 Louse","floor":4.0,"turns":3.0},{"damage":8.0,"enemies":"Lots of Slimes","floor":5.0,"turns":2.0},{"damage":0.0,"enemies":"3 Louse","floor":7.0,"turns":4.0},{"damage":15.0,"enemies":"Exordium Wildlife","floor":8.0,"turns":4.0},{"damage":23,"enemies":"Large Slime","floor":13,"turns":5},{"damage":24,"enemies":"The Guardian","floor":16,"turns":2}],"seed_played":"5127177783208607519","potions_obtained":[{"floor":5.0,"key":"FearPotion"},{"floor":7.0,"key":"AttackPotion"},{"floor":8.0,"key":"FearPotion"},{"floor":13,"key":"Regen Potion"}],"is_trial":false,"path_per_floor":["M","?","M","M","M","R","M","M","T","?","?","R","M","?","R","B"],"character_chosen":"DEFECT","items_purchased":[],"campfire_rested":0,"item_purchase_floors":[],"current_hp_per_floor":[64,64,60,52,44,44,44,29,29,34,34,34,11,11,11,0],"gold":70,"neow_bonus":"RANDOM_COLORLESS_2","is_prod":false,"is_daily":false,"chose_seed":false,"campfire_upgraded":3,"win_rate":0,"timestamp":1550022883,"path_taken":["M","?","?","M","M","R","M","M","T","?","?","R","?","?","R","BOSS"],"build_version":"2019-02-06","purchased_purges":0,"victory":false,"max_hp_per_floor":[71,71,71,71,71,71,71,71,71,76,76,76,76,76,76,76],"card_choices":[{"not_picked":["Capacitor","Chill"],"picked":"Defragment","floor":1.0},{"not_picked":["Turbo","Reprogram"],"picked":"Lockon","floor":3.0},{"not_picked":["Stack","Gash"],"picked":"Ball Lightning","floor":4.0},{"not_picked":["Self Repair","Auto Shields"],"picked":"Sweeping Beam","floor":5.0},{"not_picked":["Reinforced Body","Hello World"],"picked":"Core Surge","floor":7.0},{"not_picked":["Turbo","Streamline"],"picked":"Conserve Battery","floor":8.0},{"not_picked":["Reinforced Body","Turbo"],"picked":"Core Surge","floor":13}],"player_experience":940260,"relics_obtained":[{"floor":9.0,"key":"Pen Nib"}],"event_choices":[{"cards_removed":["Strike_B"],"damage_healed":0.0,"max_hp_gain":0.0,"max_hp_loss":0.0,"gold_gain":0.0,"event_name":"Bonfire Elementals","player_choice":"Offered Basic","floor":2.0,"gold_loss":0.0,"damage_taken":0.0},{"damage_healed":0.0,"max_hp_gain":5.0,"max_hp_loss":0.0,"gold_gain":0.0,"event_name":"Big Fish","player_choice":"Donut","floor":10.0,"gold_loss":0.0,"damage_taken":0.0},{"damage_healed":0,"gold_gain":0,"player_choice":"1 cards matched","damage_taken":0,"max_hp_gain":0,"max_hp_loss":0,"event_name":"Match and Keep!","floor":11,"gold_loss":0,"cards_obtained":["Thunder Strike"]},{"damage_healed":0,"gold_gain":0,"player_choice":"Left Gold","damage_taken":0,"max_hp_gain":0,"max_hp_loss":0,"event_name":"World of Goop","floor":14,"gold_loss":48}],"is_beta":true,"boss_relics":[],"items_purged_floors":[],"is_endless":false,"potions_floor_spawned":[5,7,8,13],"killed_by":"The Guardian","ascension_level":18}