{"gold_per_floor":[119,119,133,133,148,148,159,179,202,265,265,415,415,415,415,415],"floor_reached":16,"playtime":562,"items_purged":[],"score":162,"play_id":"f39c213d-b22f-49d2-b053-8e23f563e9d3","local_time":"20190127104531","is_ascension_mode":true,"campfire_choices":[{"data":"Armaments","floor":6,"key":"SMITH"},{"data":"Limit Break","floor":11,"key":"SMITH"},{"data":"Inflame","floor":13,"key":"SMITH"},{"data":"Bash","floor":15,"key":"SMITH"}],"neow_cost":"NONE","seed_source_timestamp":46806505448935,"circlet_count":0,"master_deck":["AscendersBane","Strike_R","Strike_R","Strike_R","Strike_R","Strike_R","Defend_R","Defend_R","Defend_R","Defend_R","Bash+1","Fire Breathing","Shrug It Off","Armaments+1","Perfected Strike+1","Limit Break+1","Inflame+1","Doubt"],"relics":["Burning Blood","Lantern","Juzu Bracelet","Regal Pillow"],"potions_floor_usage":[10],"damage_taken":[{"damage":1,"enemies":"Cultist","floor":1,"turns":4},{"damage":2,"enemies":"2 Louse","floor":3,"turns":2},{"damage":12,"enemies":"Small Slimes","floor":5,"turns":4},{"damage":2,"enemies":"2 Fungi Beasts","floor":7,"turns":4},{"damage":1,"enemies":"3 Louse","floor":8,"turns":4},{"damage":21,"enemies":"3 Sentries","floor":10,"turns":8},{"damage":79,"enemies":"Hexaghost","floor":16,"turns":11}],"seed_played":"-7483062642320660413","potions_obtained":[{"floor":3,"key":"Ancient Potion"},{"floor":5,"key":"AttackPotion"},{"floor":7,"key":"Regen Potion"}],"is_trial":false,"path_per_floor":["M","?","M","?","M","R","M","M","T","?","R","?","R","?","R","B"],"character_chosen":"IRONCLAD","items_purchased":[],"campfire_rested":0,"item_purchase_floors":[],"current_hp_per_floor":[80,69,73,73,67,67,71,76,76,76,76,76,76,76,76,0],"gold":415,"neow_bonus":"TEN_PERCENT_HP_BONUS","is_prod":false,"is_daily":false,"chose_seed":false,"campfire_upgraded":4,"win_rate":0,"timestamp":1548603931,"path_taken":["M","?","M","?","M","R","M","M","T","?","R","?","R","?","R","BOSS"],"build_version":"2019-01-23","purchased_purges":0,"victory":false,"max_hp_per_floor":[82,82,82,82,82,82,82,82,82,82,82,82,82,82,82,82],"card_choices":[{"not_picked":["Warcry","Body Slam"],"picked":"Fire Breathing","floor":1},{"not_picked":["Iron Wave","Sever Soul"],"picked":"Shrug It Off","floor":3},{"not_picked":["Body Slam","Bloodletting"],"picked":"Armaments","floor":5},{"not_picked":["Twin Strike","Thunderclap"],"picked":"Perfected Strike","floor":7},{"not_picked":["Infernal Blade","Anger"],"picked":"Limit Break","floor":8},{"not_picked":["Wild Strike","Pommel Strike"],"picked":"Inflame","floor":10}],"player_experience":883932,"relics_obtained":[{"floor":9,"key":"Juzu Bracelet"},{"floor":10,"key":"Regal Pillow"}],"event_choices":[{"damage_healed":0,"gold_gain":0,"player_choice":"Success","damage_taken":11,"relics_obtained":["Lantern"],"max_hp_gain":0,"max_hp_loss":0,"event_name":"Scrap Ooze","floor":2,"gold_loss":0},{"damage_healed":0,"gold_gain":0,"player_choice":"Leave","damage_taken":0,"max_hp_gain":0,"max_hp_loss":0,"event_name":"The Cleric","floor":4,"gold_loss":0},{"damage_healed":0,"gold_gain":0,"player_choice":"Searched \u00271\u0027 times","damage_taken":0,"max_hp_gain":0,"max_hp_loss":0,"event_name":"Dead Adventurer","floor":10,"gold_loss":0},{"damage_healed":0,"gold_gain":150,"player_choice":"AGREE","damage_taken":0,"max_hp_gain":0,"max_hp_loss":0,"event_name":"Liars Game","floor":12,"gold_loss":0,"cards_obtained":["Doubt"]},{"damage_healed":0,"gold_gain":0,"player_choice":"Forge","damage_taken":0,"max_hp_gain":0,"max_hp_loss":0,"event_name":"Accursed Blacksmith","floor":14,"gold_loss":0,"cards_upgraded":["Perfected Strike"]}],"is_beta":true,"boss_relics":[],"items_purged_floors":[],"is_endless":false,"potions_floor_spawned":[3,5,7],"killed_by":"Hexaghost","ascension_level":16}