{"path_per_floor":["M","?","?","M","?","R","E","R","T","M","?","R","M","M","R"],"character_chosen":"THE_SILENT","items_purchased":[],"gold_per_floor":[116,116,116,131,104,104,133,133,215,230,230,230,243,254,254,254],"floor_reached":16,"campfire_rested":3,"playtime":1231,"item_purchase_floors":[],"current_hp_per_floor":[65,65,65,65,65,65,27,48,48,48,34,55,48,45,66,0],"items_purged":[],"gold":254,"score":100,"play_id":"0ee91719-ec62-4690-86f3-351902e792e7","local_time":"20180606201730","is_prod":false,"is_daily":false,"chose_seed":false,"is_ascension_mode":false,"campfire_upgraded":1,"win_rate":0.0,"timestamp":1528330650,"campfire_choices":[{"data":"PiercingWail","floor":6.0,"key":"SMITH"},{"floor":8.0,"key":"REST"},{"floor":12.0,"key":"REST"},{"floor":15.0,"key":"REST"}],"path_taken":["M","?","?","M","?","R","E","R","T","?","?","R","M","M","R","BOSS"],"build_version":"2018-05-31","seed_source_timestamp":0,"purchased_purges":0,"victory":false,"master_deck":["Defend_G","Defend_G","Defend_G","Defend_G","Strike_G","Strike_G","Strike_G","Strike_G+1","Strike_G","Survivor","Neutralize","Quick Slash+1","PiercingWail+1","Well Laid Plans","Choke","Finisher","Poisoned Stab","Dagger Spray","Endless Agony"],"max_hp_per_floor":[70,70,70,70,70,70,70,70,70,70,70,70,70,70,70,70],"relics":["Ring of the Snake","Potion Belt","Paper Crane"],"card_choices":[{"not_picked":["Deflect","Choke"],"picked":"Quick Slash","floor":0.0},{"not_picked":["Quick Slash","Flechettes"],"picked":"PiercingWail","floor":1.0},{"not_picked":["Outmaneuver","Dodge and Roll"],"picked":"Choke","floor":4.0},{"not_picked":["Underhanded Strike","Doppelganger"],"picked":"Finisher","floor":7.0},{"not_picked":["PiercingWail","Flying Knee"],"picked":"Poisoned Stab","floor":10.0},{"not_picked":["Backflip","Reflex"],"picked":"Dagger Spray","floor":13.0},{"not_picked":["Flechettes","Eviscerate"],"picked":"Endless Agony","floor":14.0}],"player_experience":17658,"potions_floor_usage":[16,16],"damage_taken":[{"damage":5.0,"enemies":"2 Louse","floor":1.0,"turns":3.0},{"damage":0.0,"enemies":"Cultist","floor":4.0,"turns":3.0},{"damage":38.0,"enemies":"3 Sentries","floor":7.0,"turns":8.0},{"damage":0.0,"enemies":"Small Slimes","floor":10.0,"turns":3.0},{"damage":7.0,"enemies":"2 Fungi Beasts","floor":13.0,"turns":3.0},{"damage":3.0,"enemies":"3 Louse","floor":14.0,"turns":4.0},{"damage":68,"enemies":"The Guardian","floor":16,"turns":12}],"relics_obtained":[{"floor":7.0,"key":"Potion Belt"},{"floor":9.0,"key":"Paper Crane"}],"event_choices":[{"event_name":"Golden Wing","player_choice":"Ignored","floor":2.0,"damage_taken":0.0},{"event_name":"Living Wall","player_choice":"Change","floor":3.0,"damage_taken":0.0},{"event_name":"World of Goop","player_choice":"Left","floor":5.0,"damage_taken":0.0},{"event_name":"Shining Light","player_choice":"Entered Light","floor":11.0,"damage_taken":0.0}],"boss_relics":[],"items_purged_floors":[],"potions_floor_spawned":[13,14],"seed_played":"4938132744924893848","killed_by":"The Guardian","ascension_level":0,"potions_obtained":[{"floor":13.0,"key":"SkillPotion"},{"floor":14.0,"key":"Poison Potion"}],"is_trial":false}