{"gold_per_floor":[114,127,145,145,157,157,175,175,199,210,210,231,248,259,259,358,358,376,376],"floor_reached":19,"playtime":1451,"items_purged":[],"score":179,"play_id":"cb61d9ea-5146-4a51-984a-76e688777031","local_time":"20190717212654","is_ascension_mode":true,"campfire_choices":[{"data":"Zap","floor":6,"key":"SMITH"},{"data":"Conserve Battery","floor":8,"key":"SMITH"},{"data":"Conserve Battery","floor":11,"key":"SMITH"},{"floor":15,"key":"REST"}],"neow_cost":"CURSE","seed_source_timestamp":502874250232800,"circlet_count":0,"master_deck":["Strike_B","Strike_B","Defend_B","Defend_B","Defend_B","Defend_B","Zap+1","Dualcast","Decay","All For One","Conserve Battery+1","Reinforced Body","Ball Lightning","Conserve Battery+1","Gash","Redo","Ball Lightning","Hyperbeam","White Noise+1"],"relics":["Cracked Core","Bag of Preparation","Odd Mushroom","Empty Cage"],"potions_floor_usage":[7,10,12,14,18],"damage_taken":[{"damage":9,"enemies":"Small Slimes","floor":1,"turns":3},{"damage":2,"enemies":"2 Louse","floor":2,"turns":3},{"damage":2,"enemies":"Jaw Worm","floor":3,"turns":4},{"damage":6,"enemies":"Large Slime","floor":5,"turns":6},{"damage":0,"enemies":"Looter","floor":7,"turns":3},{"damage":0,"enemies":"Exordium Thugs","floor":10,"turns":3},{"damage":12,"enemies":"The Mushroom Lair","floor":12,"turns":5},{"damage":0,"enemies":"Exordium Wildlife","floor":13,"turns":2},{"damage":2,"enemies":"Lots of Slimes","floor":14,"turns":3},{"damage":44,"enemies":"Hexaghost","floor":16,"turns":9},{"damage":12,"enemies":"Chosen","floor":18,"turns":5},{"damage":1,"enemies":"Spheric Guardian","floor":19,"turns":3}],"seed_played":"-4831824249889307757","potions_obtained":[{"floor":1,"key":"Strength Potion"},{"floor":5,"key":"SkillPotion"},{"floor":7,"key":"AttackPotion"},{"floor":13,"key":"LiquidBronze"},{"floor":16,"key":"FocusPotion"}],"is_trial":false,"path_per_floor":["M","M","M","?","M","R","M","R","T","M","R","?","M","M","R","B",null,"M","M"],"character_chosen":"DEFECT","items_purchased":[],"campfire_rested":1,"item_purchase_floors":[],"current_hp_per_floor":[66,64,62,67,61,61,61,61,61,61,61,49,49,47,71,27,80,68,67],"gold":376,"neow_bonus":"THREE_RARE_CARDS","is_prod":false,"is_daily":false,"chose_seed":false,"campfire_upgraded":3,"win_rate":0,"timestamp":1563413214,"path_taken":["M","M","M","?","M","R","M","R","T","M","R","?","M","M","R","BOSS","M","M"],"build_version":"2019-07-17","purchased_purges":0,"victory":false,"max_hp_per_floor":[75,75,75,80,80,80,80,80,80,80,80,80,80,80,80,80,80,80,80],"card_choices":[{"not_picked":["Meteor Strike","Biased Cognition"],"picked":"All For One","floor":0},{"not_picked":["Tempest","Streamline"],"picked":"Conserve Battery","floor":1},{"not_picked":["Rip and Tear","Consume"],"picked":"Reinforced Body","floor":2},{"not_picked":["Stack","Aggregate"],"picked":"Ball Lightning","floor":3},{"not_picked":["Rebound","Ball Lightning","Stack"],"picked":"SKIP","floor":5},{"not_picked":["Go for the Eyes","Tempest"],"picked":"Conserve Battery","floor":7},{"not_picked":["Reprogram","Buffer"],"picked":"Gash","floor":10},{"not_picked":["Compile Driver","Doom and Gloom"],"picked":"Redo","floor":12},{"not_picked":["Darkness","Chill"],"picked":"Ball Lightning","floor":13},{"not_picked":["Storm","Cold Snap","Sunder"],"picked":"SKIP","floor":14},{"not_picked":["Meteor Strike","Buffer"],"picked":"Hyperbeam","floor":16},{"not_picked":["Compile Driver","Scrape"],"picked":"White Noise+1","floor":18}],"player_experience":734128,"relics_obtained":[{"floor":9,"key":"Bag of Preparation"},{"floor":12,"key":"Odd Mushroom"}],"event_choices":[{"damage_healed":0,"gold_gain":0,"player_choice":"Donut","damage_taken":0,"max_hp_gain":5,"max_hp_loss":0,"event_name":"Big Fish","floor":4,"gold_loss":0},{"damage_healed":0,"gold_gain":0,"player_choice":"Fought Mushrooms","damage_taken":0,"max_hp_gain":0,"max_hp_loss":0,"event_name":"Mushrooms","floor":12,"gold_loss":0}],"is_beta":false,"boss_relics":[{"not_picked":["White Beast Statue","Snecko Eye"],"picked":"Empty Cage"}],"items_purged_floors":[],"is_endless":false,"potions_floor_spawned":[1,5,7,13,16],"killed_by":"Spheric Guardian","ascension_level":2}