{"gold_per_floor":[12,12,31,50,64,64,64,76,129,143,159,209,52,67,67,141,141,151,161,161,161],"floor_reached":21,"playtime":1338,"items_purged":[],"score":450,"play_id":"d2d2d268-4533-41ce-bd0b-493a24484682","local_time":"20190712152601","is_ascension_mode":true,"campfire_choices":[{"data":"Glacier","floor":6.0,"key":"SMITH"},{"data":"Buffer","floor":15.0,"key":"SMITH"}],"neow_cost":"NO_GOLD","seed_source_timestamp":358510323819900,"circlet_count":0,"master_deck":["AscendersBane","Strike_B","Strike_B","Strike_B","Strike_B","Defend_B","Defend_B","Defend_B","Defend_B","Zap","Dualcast","Madness","Madness","Glacier+1","Chill","Undo","Coolheaded","Buffer+1","Creative AI","Loop+1","Conserve Battery"],"special_seed":0,"relics":["Cracked Core","Pen Nib","Omamori","Eternal Feather"],"potions_floor_usage":[19],"damage_taken":[{"damage":12.0,"enemies":"Small Slimes","floor":1.0,"turns":2.0},{"damage":0.0,"enemies":"Cultist","floor":3.0,"turns":4.0},{"damage":0.0,"enemies":"2 Louse","floor":4.0,"turns":5.0},{"damage":5.0,"enemies":"Gremlin Gang","floor":5.0,"turns":2.0},{"damage":0.0,"enemies":"3 Louse","floor":8.0,"turns":5.0},{"damage":0.0,"enemies":"Exordium Wildlife","floor":10.0,"turns":2.0},{"damage":5.0,"enemies":"Red Slaver","floor":11.0,"turns":5.0},{"damage":0.0,"enemies":"3 Louse","floor":14.0,"turns":5.0},{"damage":0.0,"enemies":"The Guardian","floor":16.0,"turns":20.0},{"damage":3.0,"enemies":"Spheric Guardian","floor":18.0,"turns":16.0},{"damage":43,"enemies":"3 Byrds","floor":19,"turns":15},{"damage":33,"enemies":"3 Cultists","floor":21,"turns":5}],"seed_played":"3259199462706765320","potions_obtained":[{"floor":1.0,"key":"Ancient Potion"},{"floor":2.0,"key":"SkillPotion"},{"floor":2.0,"key":"PowerPotion"},{"floor":4.0,"key":"EssenceOfSteel"},{"floor":5.0,"key":"FearPotion"},{"floor":10.0,"key":"EssenceOfSteel"},{"floor":18.0,"key":"Poison Potion"},{"floor":19,"key":"Ancient Potion"}],"is_trial":false,"path_per_floor":["M","?","M","M","M","R","?","M","T","M","M","?","$","M","R","B",null,"M","M","?","M"],"character_chosen":"DEFECT","items_purchased":["Omamori"],"campfire_rested":0,"item_purchase_floors":[13],"current_hp_per_floor":[52,52,52,52,47,47,47,47,47,47,42,35,35,35,35,35,62,59,16,30,0],"gold":161,"neow_bonus":"RANDOM_COLORLESS_2","is_prod":false,"is_daily":false,"chose_seed":false,"campfire_upgraded":2,"win_rate":0,"timestamp":1562959561,"path_taken":["M","?","?","M","M","R","?","M","T","M","M","?","$","?","R","BOSS","M","M","?","M"],"build_version":"2019-07-10","purchased_purges":0,"victory":false,"max_hp_per_floor":[71,71,71,71,71,71,71,71,71,71,71,71,71,71,71,71,71,71,71,71,71],"card_choices":[{"not_picked":["Ball Lightning","Blizzard"],"picked":"Glacier","floor":1.0},{"not_picked":["Auto Shields","Turbo"],"picked":"Chill","floor":3.0},{"not_picked":["Stack","Steam"],"picked":"Undo","floor":4.0},{"not_picked":["Rebound","Compile Driver","Gash"],"picked":"SKIP","floor":5.0},{"not_picked":["Hologram","Ball Lightning","Leap"],"picked":"SKIP","floor":8.0},{"not_picked":["Leap","Rebound","Sweeping Beam"],"picked":"SKIP","floor":10.0},{"not_picked":["Fusion","Undo"],"picked":"Coolheaded","floor":11.0},{"not_picked":["Redo","Melter"],"picked":"Buffer","floor":14.0},{"not_picked":["Buffer","Biased Cognition"],"picked":"Creative AI","floor":16.0},{"not_picked":["Double Energy","Turbo"],"picked":"Loop+1","floor":18.0},{"not_picked":["Doom and Gloom+1","Streamline"],"picked":"Conserve Battery","floor":19}],"player_experience":1083641,"relics_obtained":[{"floor":9.0,"key":"Pen Nib"}],"event_choices":[{"damage_healed":0.0,"max_hp_gain":0.0,"max_hp_loss":0.0,"gold_gain":0.0,"event_name":"Lab","player_choice":"Got Potions","floor":2.0,"gold_loss":0.0,"damage_taken":0.0},{"damage_healed":0.0,"max_hp_gain":0.0,"max_hp_loss":0.0,"gold_gain":0.0,"event_name":"Dead Adventurer","player_choice":"Searched \u00270\u0027 times","floor":7.0,"gold_loss":0.0,"damage_taken":0.0},{"damage_healed":0.0,"max_hp_gain":0.0,"max_hp_loss":0.0,"gold_gain":50.0,"event_name":"FaceTrader","player_choice":"Touch","floor":12.0,"gold_loss":0.0,"damage_taken":7.0},{"damage_healed":14,"gold_gain":0,"player_choice":"Heal","damage_taken":0,"max_hp_gain":0,"max_hp_loss":0,"event_name":"The Library","floor":20,"gold_loss":0}],"is_beta":true,"boss_relics":[{"not_picked":["Tiny House","White Beast Statue"],"picked":"Eternal Feather"}],"items_purged_floors":[],"is_endless":false,"potions_floor_spawned":[1,4,5,10,18,19],"killed_by":"3 Cultists","ascension_level":20}