{"gold_per_floor":[109,109,119,194,210,242,242,270,270,270,18,30,30,41,41,136,136,150,164,178,62,75,75,107,123,173,184,184,283,40,55,55,180,180,196,211,211,211],"floor_reached":38,"playtime":2335,"items_purged":[],"score":515,"play_id":"c3d2c328-f40f-4ccd-a1a5-cab7704b3500","local_time":"20190625202728","is_ascension_mode":true,"campfire_choices":[{"floor":7.0,"key":"REST"},{"floor":10.0,"key":"RECALL"},{"floor":15.0,"key":"REST"},{"data":"1","floor":23.0,"key":"LIFT"},{"floor":28.0,"key":"REST"},{"floor":32.0,"key":"REST"}],"neow_cost":"NONE","seed_source_timestamp":0,"circlet_count":0,"master_deck":["Bash","Clash","Armaments","Disarm+1","Shockwave","Shrug It Off","Transmutation","Enlightenment","Spot Weakness","Anger","Limit Break+1","Iron Wave","Sword Boomerang+1","Flex+1","Inflame","Flex","Good Instincts+1","Double Tap+1","Demon Form","Exhume+1","Flame Barrier+1","Twin Strike","Power Through+1","True Grit+1","Immolate","Immolate","Flex+1","Flex+1"],"special_seed":0,"relics":["Burning Blood","Vajra","Centennial Puzzle","Girya","Self Forming Clay","White Beast Statue","Toxic Egg 2","Bronze Scales","War Paint","Pandora\u0027s Box"],"potions_floor_usage":[38],"damage_taken":[{"damage":7.0,"enemies":"2 Louse","floor":1.0,"turns":3.0},{"damage":15.0,"enemies":"Small Slimes","floor":3.0,"turns":3.0},{"damage":1.0,"enemies":"Cultist","floor":5.0,"turns":3.0},{"damage":43.0,"enemies":"3 Sentries","floor":6.0,"turns":10.0},{"damage":20.0,"enemies":"Lagavulin","floor":8.0,"turns":7.0},{"damage":1.0,"enemies":"Looter","floor":12.0,"turns":3.0},{"damage":11.0,"enemies":"Blue Slaver","floor":14.0,"turns":4.0},{"damage":28.0,"enemies":"Hexaghost","floor":16.0,"turns":10.0},{"damage":15.0,"enemies":"Spheric Guardian","floor":18.0,"turns":5.0},{"damage":15.0,"enemies":"2 Thieves","floor":19.0,"turns":3.0},{"damage":11.0,"enemies":"Centurion and Healer","floor":20.0,"turns":6.0},{"damage":29.0,"enemies":"Sentry and Sphere","floor":22.0,"turns":5.0},{"damage":26.0,"enemies":"Book of Stabbing","floor":24.0,"turns":3.0},{"damage":14.0,"enemies":"Shelled Parasite and Fungi","floor":25.0,"turns":4.0},{"damage":22.0,"enemies":"Cultist and Chosen","floor":27.0,"turns":7.0},{"damage":9.0,"enemies":"Snake Plant","floor":31.0,"turns":3.0},{"damage":79.0,"enemies":"Automaton","floor":33.0,"turns":8.0},{"damage":16.0,"enemies":"3 Shapes","floor":35.0,"turns":3.0},{"damage":12.0,"enemies":"Orb Walker","floor":36.0,"turns":3.0},{"damage":69,"enemies":"Time Eater","floor":38,"turns":6}],"seed_played":"7888342274376091691","potions_obtained":[{"floor":5.0,"key":"Block Potion"},{"floor":6.0,"key":"FairyPotion"},{"floor":12.0,"key":"Explosive Potion"},{"floor":16.0,"key":"EssenceOfSteel"},{"floor":19.0,"key":"Regen Potion"},{"floor":20.0,"key":"Swift Potion"},{"floor":22.0,"key":"Regen Potion"},{"floor":24.0,"key":"EssenceOfSteel"},{"floor":25.0,"key":"FearPotion"},{"floor":27.0,"key":"SpeedPotion"},{"floor":33.0,"key":"Weak Potion"},{"floor":35.0,"key":"Swift Potion"},{"floor":36.0,"key":"GamblersBrew"}],"is_trial":false,"path_per_floor":["M","?","M","?","M","E","R","E","T","R","$","M","?","M","R","B",null,"M","M","M","$","M","R","E","M","T","M","R","?","$","M","R","B",null,"M","M","?","B"],"character_chosen":"IRONCLAD","items_purchased":["Transmutation","Enlightenment","Inflame","Flex","War Paint","Good Instincts+1"],"campfire_rested":4,"item_purchase_floors":[11,11,21,21,30,30],"current_hp_per_floor":[79,76,67,56,61,24,48,34,34,34,34,39,39,34,58,36,80,71,62,72,72,49,49,38,30,30,14,38,38,38,35,59,14,80,70,64,64,0],"gold":211,"neow_bonus":"RANDOM_COMMON_RELIC","is_prod":false,"is_daily":false,"chose_seed":false,"campfire_upgraded":0,"win_rate":0,"timestamp":1561508848,"path_taken":["M","?","M","?","M","E","R","E","T","R","$","M","?","M","R","BOSS","M","M","M","$","M","R","E","M","T","?","R","?","$","M","R","BOSS","M","M","?","BOSS"],"build_version":"2019-01-23","purchased_purges":0,"victory":false,"max_hp_per_floor":[80,80,80,80,80,80,80,80,80,80,80,80,80,80,80,80,80,80,80,80,80,80,80,80,80,80,80,80,80,80,80,80,80,80,80,80,80,80],"card_choices":[{"not_picked":["Twin Strike","Metallicize"],"picked":"Clash","floor":1.0},{"not_picked":["Heavy Blade","Hemokinesis"],"picked":"Armaments","floor":3.0},{"not_picked":["Metallicize","Perfected Strike"],"picked":"Disarm","floor":5.0},{"not_picked":["Intimidate","Wild Strike"],"picked":"Shockwave","floor":6.0},{"not_picked":["Pommel Strike","Hemokinesis"],"picked":"Shrug It Off","floor":8.0},{"not_picked":["Entrench","Warcry"],"picked":"Spot Weakness","floor":12.0},{"not_picked":["Cleave","Body Slam"],"picked":"Anger","floor":14.0},{"not_picked":["Feed","Dark Embrace"],"picked":"Limit Break","floor":16.0},{"not_picked":["Wild Strike","Fire Breathing+1"],"picked":"Iron Wave","floor":18.0},{"not_picked":["Sentinel+1","Clash"],"picked":"Sword Boomerang+1","floor":19.0},{"not_picked":["Havoc","Shockwave"],"picked":"Flex+1","floor":20.0},{"not_picked":["Perfected Strike","Clothesline","Shrug It Off"],"picked":"SKIP","floor":22.0},{"not_picked":["Flame Barrier","Rampage","Pommel Strike"],"picked":"SKIP","floor":24.0},{"not_picked":["Clothesline","Rupture","Pommel Strike"],"picked":"SKIP","floor":25.0},{"not_picked":["Pommel Strike","Body Slam","True Grit+1"],"picked":"SKIP","floor":27.0},{"not_picked":["Evolve","Shockwave+1"],"picked":"Double Tap+1","floor":31.0},{"not_picked":["Feed","Immolate"],"picked":"Demon Form","floor":33.0},{"not_picked":["Dropkick","Body Slam"],"picked":"Flex+1","floor":35.0},{"not_picked":["Headbutt+1","Clothesline","Warcry+1"],"picked":"SKIP","floor":36.0}],"player_experience":507519,"relics_obtained":[{"floor":6.0,"key":"Girya"},{"floor":8.0,"key":"Self Forming Clay"},{"floor":24.0,"key":"Toxic Egg 2"},{"floor":26.0,"key":"Bronze Scales"}],"event_choices":[{"damage_healed":0.0,"max_hp_gain":0.0,"max_hp_loss":0.0,"gold_gain":0.0,"event_name":"Scrap Ooze","player_choice":"Success","floor":2.0,"gold_loss":0.0,"damage_taken":3.0,"relics_obtained":["Centennial Puzzle"]},{"damage_healed":0.0,"max_hp_gain":0.0,"max_hp_loss":0.0,"gold_gain":75.0,"event_name":"World of Goop","player_choice":"Gather Gold","floor":4.0,"gold_loss":0.0,"damage_taken":11.0},{"cards_removed":["Strike_R"],"damage_healed":0.0,"max_hp_gain":0.0,"max_hp_loss":0.0,"gold_gain":0.0,"event_name":"Purifier","player_choice":"Purged","floor":13.0,"gold_loss":0.0,"damage_taken":0.0},{"damage_healed":0.0,"max_hp_gain":0.0,"max_hp_loss":0.0,"gold_gain":99.0,"event_name":"Nest","player_choice":"Stole From Cult","floor":29.0,"gold_loss":0.0,"damage_taken":0.0},{"damage_healed":0.0,"max_hp_gain":0.0,"max_hp_loss":0.0,"gold_gain":0.0,"event_name":"SecretPortal","player_choice":"Took Portal","floor":37.0,"gold_loss":0.0,"damage_taken":0.0}],"is_beta":false,"boss_relics":[{"not_picked":["Ectoplasm","Snecko Eye"],"picked":"White Beast Statue"},{"not_picked":["Cursed Key","Tiny House"],"picked":"Pandora\u0027s Box"}],"items_purged_floors":[],"is_endless":false,"potions_floor_spawned":[5,6,12,16,18,19,20,22,24,25,27,31,33,35,36],"killed_by":"Time Eater","ascension_level":4}