{"gold_per_floor":[161,173,190,207,207,207,218,218,218,236,247,247],"floor_reached":12,"playtime":703,"items_purged":[],"score":85,"play_id":"c43a81c8-1187-4f2d-909d-9a644930b9b8","local_time":"20190718225055","is_ascension_mode":true,"campfire_choices":[{"data":"Body Slam","floor":6,"key":"SMITH"}],"neow_cost":"NONE","seed_source_timestamp":595064872706500,"circlet_count":0,"master_deck":["Strike_R","Strike_R","Strike_R","Strike_R","Strike_R","Defend_R+1","Defend_R","Defend_R","Defend_R","Bash","Body Slam+1","Pommel Strike","Body Slam+1","Cleave","Infernal Blade","Decay","Armaments","Flex"],"relics":["Tiny House","Shuriken"],"potions_floor_usage":[2,3,4,4,11],"damage_taken":[{"damage":0,"enemies":"Jaw Worm","floor":1,"turns":4},{"damage":5,"enemies":"2 Louse","floor":2,"turns":3},{"damage":1,"enemies":"Cultist","floor":3,"turns":3},{"damage":15,"enemies":"Large Slime","floor":4,"turns":6},{"damage":6,"enemies":"Looter","floor":7,"turns":3},{"damage":0,"enemies":"Exordium Wildlife","floor":10,"turns":3},{"damage":23,"enemies":"Blue Slaver","floor":11,"turns":3},{"damage":0,"enemies":"Exordium Thugs","floor":12,"turns":1}],"seed_played":"-8941556876953116055","potions_obtained":[{"floor":0,"key":"Fruit Juice"},{"floor":2,"key":"EntropicBrew"},{"floor":10,"key":"PowerPotion"},{"floor":11,"key":"SteroidPotion"}],"is_trial":false,"path_per_floor":["M","M","M","M","?","R","M","?","T","M","M","M"],"character_chosen":"IRONCLAD","items_purchased":[],"campfire_rested":0,"item_purchase_floors":[],"current_hp_per_floor":[85,85,84,69,69,69,63,63,63,63,40,40],"gold":247,"neow_bonus":"BOSS_RELIC","is_prod":false,"is_daily":false,"chose_seed":false,"campfire_upgraded":1,"win_rate":0,"timestamp":1563504655,"path_taken":["M","M","M","M","?","R","M","?","T","?","M","M"],"build_version":"2019-07-17","purchased_purges":0,"victory":false,"max_hp_per_floor":[85,90,90,90,90,90,90,90,90,90,90,90],"card_choices":[{"not_picked":["Havoc","Bloodletting"],"picked":"Body Slam","floor":0},{"not_picked":["Clash","Reckless Charge"],"picked":"Pommel Strike","floor":1},{"not_picked":["Anger","Warcry"],"picked":"Body Slam","floor":2},{"not_picked":["Thunderclap","Clothesline"],"picked":"Cleave","floor":3},{"not_picked":["Body Slam","Heavy Blade","Infernal Blade"],"picked":"SKIP","floor":4},{"not_picked":["Immolate","Rupture"],"picked":"Infernal Blade","floor":7},{"not_picked":["Twin Strike","Flex"],"picked":"Armaments","floor":10},{"not_picked":["Battle Trance","Sword Boomerang"],"picked":"Flex","floor":11}],"player_experience":746410,"relics_obtained":[{"floor":9,"key":"Shuriken"}],"event_choices":[{"damage_healed":0,"gold_gain":0,"player_choice":"Grow","damage_taken":0,"max_hp_gain":0,"max_hp_loss":0,"event_name":"Living Wall","floor":5,"gold_loss":0,"cards_upgraded":["Body Slam"]},{"damage_healed":0,"gold_gain":0,"player_choice":"Cursed","damage_taken":0,"max_hp_gain":0,"max_hp_loss":0,"event_name":"Wheel of Change","floor":8,"gold_loss":0,"cards_obtained":["Decay"]}],"is_beta":false,"boss_relics":[],"items_purged_floors":[],"is_endless":false,"potions_floor_spawned":[2,10,11],"killed_by":"Exordium Thugs","ascension_level":3}