{"gold_per_floor":[119,139,139,154,154,168,182,207,207,207,224,250,262,286,298,408,420,447,459,488,12,32,32,32,32],"floor_reached":25,"playtime":1815,"items_purged":[],"score":255,"play_id":"653a6c4e-6a7d-4317-8735-5c94c0e346fc","local_time":"20190707115857","is_ascension_mode":false,"campfire_choices":[{"data":"Metallicize","floor":10,"key":"SMITH"},{"data":"Defend_R","floor":13,"key":"SMITH"},{"data":"Twin Strike","floor":15,"key":"SMITH"},{"data":"Enlightenment","floor":23,"key":"SMITH"}],"neow_cost":"NONE","seed_source_timestamp":1247281179897200,"circlet_count":0,"master_deck":["Strike_R","Strike_R","Strike_R","Strike_R","Strike_R","Defend_R+1","Defend_R","Defend_R","Defend_R","Bash","Purity","Spot Weakness","Rampage+1","Pain","Twin Strike+1","Metallicize+1","Searing Blow","Berserk","Evolve+1","Enlightenment+1","Clash","Discovery","RitualDagger"],"relics":["Black Blood","WarpedTongs","Boot","Blue Candle","MawBank","Red Skull","Kunai"],"potions_floor_usage":[8,16,16,25],"damage_taken":[{"damage":0,"enemies":"2 Louse","floor":1,"turns":4},{"damage":13,"enemies":"Cultist","floor":2,"turns":5},{"damage":3,"enemies":"Jaw Worm","floor":4,"turns":3},{"damage":15,"enemies":"2 Fungi Beasts","floor":6,"turns":4},{"damage":14,"enemies":"Lots of Slimes","floor":7,"turns":4},{"damage":30,"enemies":"Lagavulin","floor":8,"turns":5},{"damage":5,"enemies":"3 Louse","floor":11,"turns":4},{"damage":14,"enemies":"Gremlin Gang","floor":14,"turns":5},{"damage":10,"enemies":"The Guardian","floor":16,"turns":10},{"damage":19,"enemies":"Spheric Guardian","floor":18,"turns":4},{"damage":46,"enemies":"3 Byrds","floor":20,"turns":7},{"damage":9,"enemies":"Centurion and Healer","floor":22,"turns":7},{"damage":22,"enemies":"Snecko","floor":25,"turns":6}],"seed_played":"3313534825535555497","potions_obtained":[{"floor":2,"key":"SpeedPotion"},{"floor":4,"key":"Swift Potion"},{"floor":7,"key":"SteroidPotion"},{"floor":14,"key":"Poison Potion"},{"floor":20,"key":"EntropicBrew"}],"is_trial":false,"path_per_floor":["M","M","?","M","?","M","M","E","T","R","M","T","R","M","R","B",null,"M","?","M","$","M","R","?","M"],"character_chosen":"IRONCLAD","items_purchased":["Red Skull","Kunai","Discovery"],"campfire_rested":0,"item_purchase_floors":[21,21,21],"current_hp_per_floor":[80,73,73,76,76,67,59,35,35,35,36,36,36,28,28,24,80,71,71,35,35,36,36,30,8],"gold":32,"neow_bonus":"RANDOM_COLORLESS","is_prod":false,"is_daily":false,"chose_seed":false,"campfire_upgraded":4,"win_rate":0,"timestamp":1562515137,"path_taken":["M","M","?","?","?","M","M","E","T","R","M","?","R","M","R","BOSS","M","?","?","$","M","R","?","M"],"build_version":"2019-07-05","purchased_purges":0,"victory":false,"max_hp_per_floor":[80,80,80,80,80,80,80,80,80,80,80,80,80,80,80,80,80,80,80,80,80,80,80,80,80],"card_choices":[{"not_picked":["Second Wind","Cleave"],"picked":"Spot Weakness","floor":1},{"not_picked":["Shrug It Off","Havoc"],"picked":"Rampage","floor":2},{"not_picked":["Havoc","Wild Strike","Body Slam"],"picked":"SKIP","floor":4},{"not_picked":["Havoc","Sword Boomerang","Perfected Strike"],"picked":"SKIP","floor":6},{"not_picked":["Shockwave","Anger"],"picked":"Twin Strike","floor":7},{"not_picked":["Hemokinesis","Dark Embrace"],"picked":"Metallicize","floor":8},{"not_picked":["Anger","Twin Strike"],"picked":"Searing Blow","floor":11},{"not_picked":["Sentinel","Clothesline","Wild Strike"],"picked":"SKIP","floor":14},{"not_picked":["Impervious","Juggernaut"],"picked":"Berserk","floor":16},{"not_picked":["Body Slam","Reckless Charge"],"picked":"Evolve+1","floor":18},{"not_picked":["Wild Strike","Entrench+1"],"picked":"Clash","floor":20},{"not_picked":["Wild Strike","Body Slam+1","Clash"],"picked":"SKIP","floor":22}],"player_experience":652582,"relics_obtained":[{"floor":8,"key":"Boot"},{"floor":9,"key":"Blue Candle"},{"floor":12,"key":"MawBank"}],"event_choices":[{"damage_healed":0,"gold_gain":0,"player_choice":"Rummage","damage_taken":0,"relics_obtained":["WarpedTongs"],"max_hp_gain":0,"max_hp_loss":0,"event_name":"Accursed Blacksmith","floor":3,"gold_loss":0,"cards_obtained":["Pain"]},{"damage_healed":0,"gold_gain":0,"player_choice":"Grow","damage_taken":0,"max_hp_gain":0,"max_hp_loss":0,"event_name":"Living Wall","floor":5,"gold_loss":0,"cards_upgraded":["Rampage"]},{"damage_healed":0,"gold_gain":0,"player_choice":"1 cards matched","damage_taken":0,"max_hp_gain":0,"max_hp_loss":0,"event_name":"Match and Keep!","floor":19,"gold_loss":0,"cards_obtained":["Enlightenment"]},{"damage_healed":0,"gold_gain":0,"player_choice":"Joined the Cult","damage_taken":6,"max_hp_gain":0,"max_hp_loss":0,"event_name":"Nest","floor":24,"gold_loss":0,"cards_obtained":["RitualDagger"]}],"is_beta":false,"boss_relics":[{"not_picked":["Philosopher\u0027s Stone","Pandora\u0027s Box"],"picked":"Black Blood"}],"items_purged_floors":[],"is_endless":false,"potions_floor_spawned":[2,4,7,14,20],"killed_by":"Snecko","ascension_level":0}