{"gold_per_floor":[115,95,113,126,201,201,217,217,217,236,248,260,260,274,274,376,376,390,315,331,348,348,348,380,380,380,395,406,406,419,419,419,522,522,537,537,637,398,417,417],"floor_reached":40,"playtime":4164,"items_purged":["Defend_B"],"score":442,"play_id":"1c37bd51-a627-4f11-b06c-a99153db5e52","local_time":"20190705011405","is_ascension_mode":true,"campfire_choices":[{"data":"Zap","floor":6,"key":"SMITH"},{"data":"Sweeping Beam","floor":8,"key":"SMITH"},{"data":"Streamline","floor":15,"key":"SMITH"},{"data":"Leap","floor":23,"key":"SMITH"},{"data":"Consume","floor":32,"key":"SMITH"}],"neow_cost":"NONE","seed_source_timestamp":1033436961279700,"circlet_count":0,"master_deck":["Strike_B","Defend_B","Defend_B","Defend_B","Zap+1","Dualcast","Reboot","Sweeping Beam+1","Self Repair","Rebound","Conserve Battery","Streamline+1","Leap+1","Echo Form","Stack","Skim+1","Necronomicurse","Hello World+1","Leap","Consume+1","J.A.X.","Core Surge","Shame","Self Repair+1","Consume+1","Gash","Loop","Tempest"],"relics":["Cracked Core","Anchor","Velvet Choker","Necronomicon","Mummified Hand","Happy Flower","Thread and Needle","Astrolabe","Peace Pipe"],"potions_floor_usage":[7,16,24,28,30,33,40,40],"damage_taken":[{"damage":0,"enemies":"2 Louse","floor":1,"turns":1},{"damage":0,"enemies":"Cultist","floor":3,"turns":3},{"damage":2,"enemies":"Jaw Worm","floor":4,"turns":3},{"damage":1,"enemies":"3 Louse","floor":7,"turns":3},{"damage":2,"enemies":"Looter","floor":10,"turns":3},{"damage":13,"enemies":"Blue Slaver","floor":11,"turns":4},{"damage":0,"enemies":"2 Fungi Beasts","floor":12,"turns":3},{"damage":1,"enemies":"3 Louse","floor":14,"turns":3},{"damage":37,"enemies":"Slime Boss","floor":16,"turns":8},{"damage":12,"enemies":"Shell Parasite","floor":18,"turns":6},{"damage":0,"enemies":"Chosen","floor":20,"turns":4},{"damage":20,"enemies":"Centurion and Healer","floor":21,"turns":7},{"damage":28,"enemies":"Slavers","floor":24,"turns":4},{"damage":35,"enemies":"Snake Plant","floor":27,"turns":4},{"damage":1,"enemies":"Snecko","floor":28,"turns":5},{"damage":7,"enemies":"Shelled Parasite and Fungi","floor":30,"turns":3},{"damage":37,"enemies":"Champ","floor":33,"turns":9},{"damage":15,"enemies":"Orb Walker","floor":35,"turns":5},{"damage":5,"enemies":"Mind Bloom Boss Battle","floor":37,"turns":7},{"damage":12,"enemies":"3 Shapes","floor":39,"turns":3},{"damage":60,"enemies":"Giant Head","floor":40,"turns":8}],"seed_played":"-4536460940427159573","potions_obtained":[{"floor":2,"key":"Energy Potion"},{"floor":7,"key":"LiquidBronze"},{"floor":10,"key":"Swift Potion"},{"floor":14,"key":"Block Potion"},{"floor":18,"key":"PowerPotion"},{"floor":27,"key":"Block Potion"},{"floor":37,"key":"Fire Potion"},{"floor":39,"key":"LiquidBronze"}],"is_trial":false,"path_per_floor":["M","?","M","M","?","R","M","R","T","M","M","M","?","M","R","B",null,"M","?","M","M","?","R","E","?","T","M","M","?","M","?","R","B",null,"M","?","?","$","M","E"],"character_chosen":"DEFECT","items_purchased":["Gash","Loop","Tempest"],"campfire_rested":0,"item_purchase_floors":[38,38,38],"current_hp_per_floor":[75,75,75,75,64,64,70,70,70,75,69,75,80,79,79,42,80,75,75,75,69,53,53,39,39,39,11,17,43,43,43,43,13,80,80,80,80,80,80,20],"gold":417,"neow_bonus":"ONE_RANDOM_RARE_CARD","is_prod":false,"is_daily":false,"chose_seed":false,"campfire_upgraded":5,"win_rate":0,"timestamp":1562303645,"path_taken":["M","?","M","?","?","R","M","R","T","M","M","M","?","M","R","BOSS","M","?","M","M","?","R","E","?","T","M","M","?","M","?","R","BOSS","M","?","?","$","M","E"],"build_version":"2019-07-01","purchased_purges":1,"victory":false,"max_hp_per_floor":[75,75,75,75,75,75,75,75,75,75,75,75,80,80,80,80,80,80,80,80,80,80,80,80,80,80,80,80,80,80,80,80,80,80,80,80,80,80,80,80],"card_choices":[{"not_picked":["Redo","Chaos"],"picked":"Sweeping Beam","floor":1},{"not_picked":["Sweeping Beam","Doom and Gloom"],"picked":"Self Repair","floor":3},{"not_picked":["Chill","Aggregate"],"picked":"Rebound","floor":4},{"not_picked":["Barrage","Scrape","Redo"],"picked":"SKIP","floor":7},{"not_picked":["Steam","Hello World"],"picked":"Conserve Battery","floor":10},{"not_picked":["Turbo","Stack","Cold Snap"],"picked":"SKIP","floor":11},{"not_picked":["Scrape","Barrage"],"picked":"Streamline","floor":12},{"not_picked":["Streamline","Rainbow"],"picked":"Leap","floor":14},{"not_picked":["Meteor Strike","Amplify"],"picked":"Echo Form","floor":16},{"not_picked":["Go for the Eyes","Beam Cell"],"picked":"Stack","floor":18},{"not_picked":["Turbo","Streamline","Stack"],"picked":"SKIP","floor":20},{"not_picked":["Streamline","Go for the Eyes"],"picked":"Skim+1","floor":21},{"not_picked":["Beam Cell","Sweeping Beam"],"picked":"Hello World+1","floor":24},{"not_picked":["Streamline","Leap","Go for the Eyes"],"picked":"SKIP","floor":27},{"not_picked":["FTL","Conserve Battery"],"picked":"Leap","floor":28},{"not_picked":["Go for the Eyes+1","Melter"],"picked":"Consume","floor":30},{"not_picked":["Meteor Strike","Biased Cognition"],"picked":"Core Surge","floor":33},{"not_picked":["Stack+1","Double Energy","Lockon"],"picked":"SKIP","floor":35},{"not_picked":["Consume","Redo","Compile Driver+1"],"picked":"SKIP","floor":39}],"player_experience":614701,"relics_obtained":[{"floor":9,"key":"Anchor"},{"floor":22,"key":"Necronomicon"},{"floor":24,"key":"Mummified Hand"},{"floor":26,"key":"Thread and Needle"},{"floor":37,"key":"Peace Pipe"}],"event_choices":[{"damage_healed":0,"gold_gain":0,"player_choice":"Bought 1 Potion","damage_taken":0,"max_hp_gain":0,"max_hp_loss":0,"event_name":"The Woman in Blue","floor":2,"gold_loss":0},{"damage_healed":0,"gold_gain":75,"player_choice":"Gather Gold","damage_taken":11,"max_hp_gain":0,"max_hp_loss":0,"event_name":"World of Goop","floor":5,"gold_loss":0},{"damage_healed":0,"gold_gain":0,"player_choice":"Donut","damage_taken":0,"max_hp_gain":5,"max_hp_loss":0,"event_name":"Big Fish","floor":13,"gold_loss":0},{"cards_removed":["Strike_B"],"damage_healed":0,"gold_gain":0,"player_choice":"Gave Gold","damage_taken":0,"max_hp_gain":0,"max_hp_loss":0,"event_name":"Beggar","floor":19,"gold_loss":75},{"damage_healed":0,"gold_gain":0,"player_choice":"Obtained Book","damage_taken":16,"max_hp_gain":0,"max_hp_loss":0,"event_name":"Cursed Tome","floor":22,"gold_loss":0},{"damage_healed":0,"gold_gain":0,"player_choice":"Opened","damage_taken":0,"relics_obtained":["Happy Flower"],"max_hp_gain":0,"max_hp_loss":0,"event_name":"The Mausoleum","floor":25,"gold_loss":0,"cards_obtained":["Writhe"]},{"damage_healed":26,"gold_gain":0,"player_choice":"Heal","damage_taken":0,"max_hp_gain":0,"max_hp_loss":0,"event_name":"The Library","floor":29,"gold_loss":0},{"damage_healed":0,"gold_gain":0,"player_choice":"Obtain J.A.X.","damage_taken":0,"max_hp_gain":0,"max_hp_loss":0,"event_name":"Drug Dealer","floor":31,"gold_loss":0,"cards_obtained":["J.A.X."]},{"damage_healed":0,"gold_gain":0,"player_choice":"Ignored","damage_taken":0,"max_hp_gain":0,"max_hp_loss":0,"event_name":"Mysterious Sphere","floor":36,"gold_loss":0},{"damage_healed":0,"gold_gain":0,"player_choice":"Fight","damage_taken":0,"max_hp_gain":0,"max_hp_loss":0,"event_name":"MindBloom","floor":37,"gold_loss":0}],"is_beta":false,"boss_relics":[{"not_picked":["Runic Dome","Cursed Key"],"picked":"Velvet Choker"},{"not_picked":["Pandora\u0027s Box","Tiny House"],"picked":"Astrolabe"}],"items_purged_floors":[38],"is_endless":false,"potions_floor_spawned":[7,10,14,18,20,27,37,39],"killed_by":"Giant Head","ascension_level":2}