{"gold_per_floor":[118,132,150,165,181,181,246,22,22,104,116,148,185,197,209,318,330,359,385,9,9,9,44,44,44,44,59,71,90,90,109,109,109],"floor_reached":33,"playtime":1960,"items_purged":["Strike_B","Strike_B"],"score":346,"play_id":"414d36e9-990b-4ee9-a928-25698516935b","local_time":"20190715201135","is_ascension_mode":true,"campfire_choices":[{"data":"Reinforced Body","floor":6.0,"key":"SMITH"},{"data":"White Noise","floor":15.0,"key":"SMITH"},{"data":"Apotheosis","floor":24.0,"key":"SMITH"},{"data":"White Noise","floor":30.0,"key":"SMITH"},{"data":"Hyperbeam","floor":32.0,"key":"SMITH"}],"neow_cost":"NONE","seed_source_timestamp":0,"circlet_count":0,"master_deck":["Defend_B","Defend_B","Defend_B","Defend_B","Zap","Dualcast","Cold Snap","Sunder","Turbo","White Noise+1","Conserve Battery","Reinforced Body+1","White Noise+1","Hyperbeam+1","Stack+1","Apotheosis+1","Bite","Bite","Bite","Bite","Bite","White Noise","Ghostly","Ghostly","Ghostly","Ghostly","Ghostly","Conserve Battery"],"special_seed":0,"relics":["Cracked Core","Tiny Chest","PreservedInsect","MawBank","Smiling Mask","Empty Cage","Bronze Scales","MutagenicStrength","Juzu Bracelet","Pocketwatch"],"potions_floor_usage":[],"damage_taken":[{"damage":0.0,"enemies":"Small Slimes","floor":1.0,"turns":3.0},{"damage":7.0,"enemies":"Jaw Worm","floor":2.0,"turns":2.0},{"damage":0.0,"enemies":"2 Louse","floor":3.0,"turns":2.0},{"damage":0.0,"enemies":"Looter","floor":4.0,"turns":1.0},{"damage":7.0,"enemies":"Blue Slaver","floor":5.0,"turns":3.0},{"damage":13.0,"enemies":"Gremlin Nob","floor":7.0,"turns":4.0},{"damage":13.0,"enemies":"Exordium Wildlife","floor":12.0,"turns":3.0},{"damage":33.0,"enemies":"Slime Boss","floor":16.0,"turns":10.0},{"damage":15.0,"enemies":"2 Thieves","floor":18.0,"turns":2.0},{"damage":0.0,"enemies":"Chosen","floor":19.0,"turns":6.0},{"damage":33.0,"enemies":"Gremlin Leader","floor":23.0,"turns":5.0},{"damage":14.0,"enemies":"Snake Plant","floor":27.0,"turns":5.0},{"damage":0.0,"enemies":"Centurion and Healer","floor":28.0,"turns":7.0},{"damage":8.0,"enemies":"Cultist and Chosen","floor":29.0,"turns":7.0},{"damage":0.0,"enemies":"3 Cultists","floor":31.0,"turns":7.0},{"damage":0,"enemies":"Collector","floor":33,"turns":1}],"seed_played":"-1178223830873040410","potions_obtained":[{"floor":1.0,"key":"Fire Potion"},{"floor":4.0,"key":"SpeedPotion"},{"floor":5.0,"key":"Fruit Juice"},{"floor":12.0,"key":"Block Potion"},{"floor":19.0,"key":"Block Potion"},{"floor":27.0,"key":"Fruit Juice"},{"floor":29.0,"key":"Fire Potion"}],"is_trial":false,"path_per_floor":["M","M","M","M","M","R","E","$","T","?","$","M","T","T","R","B",null,"M","M","$","?","?","E","R","?","T","M","M","M","R","M","R","B"],"character_chosen":"DEFECT","items_purchased":["PreservedInsect","Bronze Scales","Apotheosis"],"campfire_rested":0,"item_purchase_floors":[8,20,20],"current_hp_per_floor":[75,68,68,68,66,66,53,53,53,53,53,40,40,40,40,7,80,65,65,65,56,56,32,32,28,28,20,28,33,33,33,33,33],"gold":109,"neow_bonus":"THREE_CARDS","is_prod":false,"is_daily":false,"chose_seed":false,"campfire_upgraded":5,"win_rate":0,"timestamp":1563235895,"path_taken":["M","M","M","M","M","R","E","$","T","?","$","M","?","?","R","BOSS","M","M","$","?","?","E","R","?","T","M","M","M","R","M","R","BOSS"],"build_version":"2019-07-05","purchased_purges":2,"victory":false,"max_hp_per_floor":[75,75,75,75,80,80,80,80,80,80,80,80,80,80,80,80,80,80,80,80,56,56,56,56,28,28,28,28,33,33,33,33,33],"card_choices":[{"not_picked":["Coolheaded","Ball Lightning"],"picked":"Cold Snap","floor":0.0},{"not_picked":["Sweeping Beam","Scrape"],"picked":"Sunder","floor":1.0},{"not_picked":["Reprogram","Self Repair"],"picked":"Turbo","floor":2.0},{"not_picked":["Coolheaded","Ball Lightning"],"picked":"White Noise","floor":3.0},{"not_picked":["Rebound","Cold Snap"],"picked":"Conserve Battery","floor":4.0},{"not_picked":["Auto Shields","Leap"],"picked":"Reinforced Body","floor":5.0},{"not_picked":["Steam","Stack","Leap"],"picked":"SKIP","floor":7.0},{"not_picked":["Coolheaded","Compile Driver"],"picked":"White Noise","floor":12.0},{"not_picked":["Machine Learning","Biased Cognition"],"picked":"Hyperbeam","floor":16.0},{"not_picked":["Barrage","Streamline+1","Coolheaded"],"picked":"SKIP","floor":18.0},{"not_picked":["FTL","Go for the Eyes"],"picked":"Stack+1","floor":19.0},{"not_picked":["Compile Driver","Streamline+1"],"picked":"White Noise","floor":23.0},{"not_picked":["Undo","Compile Driver","Barrage"],"picked":"SKIP","floor":27.0},{"not_picked":["Ball Lightning+1","Redo","Turbo"],"picked":"SKIP","floor":28.0},{"not_picked":["All For One","Cold Snap"],"picked":"Conserve Battery","floor":29.0},{"not_picked":["Beam Cell+1","Rebound+1","Coolheaded"],"picked":"SKIP","floor":31.0}],"player_experience":722220,"relics_obtained":[{"floor":7.0,"key":"Tiny Chest"},{"floor":9.0,"key":"MawBank"},{"floor":13.0,"key":"Smiling Mask"},{"floor":23.0,"key":"Juzu Bracelet"},{"floor":26.0,"key":"Pocketwatch"}],"event_choices":[{"damage_healed":0.0,"max_hp_gain":0.0,"max_hp_loss":0.0,"gold_gain":70.0,"event_name":"Golden Wing","player_choice":"Gained Gold","floor":10.0,"gold_loss":0.0,"damage_taken":0.0},{"damage_healed":0.0,"max_hp_gain":0.0,"max_hp_loss":24.0,"gold_gain":0.0,"event_name":"Vampires","player_choice":"Became a vampire","floor":21.0,"gold_loss":0.0,"damage_taken":0.0,"cards_obtained":["Bite","Bite","Bite","Bite","Bite"]},{"damage_healed":0.0,"max_hp_gain":0.0,"max_hp_loss":0.0,"gold_gain":0.0,"event_name":"Drug Dealer","player_choice":"Inject Mutagens","floor":22.0,"gold_loss":0.0,"damage_taken":0.0,"relics_obtained":["MutagenicStrength"]},{"damage_healed":0.0,"max_hp_gain":0.0,"max_hp_loss":28.0,"gold_gain":0.0,"event_name":"Ghosts","player_choice":"Became a Ghost","floor":25.0,"gold_loss":0.0,"damage_taken":0.0,"cards_obtained":["Ghostly","Ghostly","Ghostly","Ghostly","Ghostly"]}],"is_beta":false,"boss_relics":[{"not_picked":["Eternal Feather","Pandora\u0027s Box"],"picked":"Empty Cage"}],"items_purged_floors":[8,20],"is_endless":false,"potions_floor_spawned":[1,4,5,12,19,27,29],"killed_by":"Collector","ascension_level":2}