{"gold_per_floor":[115,135,135,149,167,167,201,221,245,245],"floor_reached":10,"playtime":560,"items_purged":[],"score":99,"play_id":"f4c4a4af-5de0-4a9a-9ef8-bb82a11850f1","local_time":"20190701211558","is_ascension_mode":true,"campfire_choices":[{"data":"Neutralize","floor":6,"key":"SMITH"}],"neow_cost":"NONE","seed_source_timestamp":763559551353600,"circlet_count":0,"master_deck":["Strike_G","Strike_G","Strike_G","Strike_G","Strike_G","Defend_G","Defend_G","Defend_G","Defend_G","Defend_G","Survivor","Neutralize+1","Riddle With Holes","Dagger Spray","Slice","Venomology","Riddle With Holes+1","Bane+1"],"relics":["Ring of the Snake","Pear","Molten Egg 2","Ancient Tea Set"],"potions_floor_usage":[7],"damage_taken":[{"damage":1,"enemies":"Cultist","floor":1,"turns":4},{"damage":2,"enemies":"Jaw Worm","floor":2,"turns":5},{"damage":0,"enemies":"2 Louse","floor":4,"turns":2},{"damage":7,"enemies":"Large Slime","floor":5,"turns":7},{"damage":29,"enemies":"Gremlin Nob","floor":7,"turns":4},{"damage":2,"enemies":"Looter","floor":8,"turns":2},{"damage":3,"enemies":"Exordium Wildlife","floor":10,"turns":3}],"seed_played":"5214069944465769333","potions_obtained":[{"floor":1,"key":"Swift Potion"},{"floor":7,"key":"FearPotion"}],"is_trial":false,"path_per_floor":["M","M","T","M","M","R","E","M","T","M"],"character_chosen":"THE_SILENT","items_purchased":[],"campfire_rested":0,"item_purchase_floors":[],"current_hp_per_floor":[76,74,84,84,77,77,48,46,46,43],"gold":245,"neow_bonus":"TEN_PERCENT_HP_BONUS","is_prod":false,"is_daily":false,"chose_seed":false,"campfire_upgraded":1,"win_rate":0,"timestamp":1562030158,"path_taken":["M","M","?","M","M","R","E","M","T","M"],"build_version":"2019-07-01","purchased_purges":0,"victory":false,"max_hp_per_floor":[77,77,87,87,87,87,87,87,87,87],"card_choices":[{"not_picked":["Deadly Poison","Deflect"],"picked":"Riddle With Holes","floor":1},{"not_picked":["Quick Slash","Leg Sweep"],"picked":"Dagger Spray","floor":2},{"not_picked":["Deadly Poison","Dagger Spray"],"picked":"Slice","floor":4},{"not_picked":["Dagger Spray","Acrobatics"],"picked":"Venomology","floor":5},{"not_picked":["PiercingWail","After Image"],"picked":"Riddle With Holes","floor":7},{"not_picked":["Backflip","Outmaneuver"],"picked":"Bane+1","floor":8}],"player_experience":545483,"relics_obtained":[{"floor":3,"key":"Pear"},{"floor":7,"key":"Molten Egg 2"},{"floor":9,"key":"Ancient Tea Set"}],"event_choices":[],"is_beta":false,"boss_relics":[],"items_purged_floors":[],"is_endless":false,"potions_floor_spawned":[1,7],"killed_by":"Exordium Wildlife","ascension_level":1}