{"gold_per_floor":[113,127,137,154,179,179,214,232,232,250,278,278,11,42,42,42],"floor_reached":16,"playtime":498,"items_purged":[],"score":207,"play_id":"c59085bc-3373-471a-af65-b82f4627d7a0","local_time":"20190721200712","is_ascension_mode":true,"campfire_choices":[{"data":"Flex","floor":6,"key":"SMITH"},{"floor":12,"key":"REST"},{"data":"Heavy Blade","floor":15,"key":"SMITH"}],"neow_cost":"NONE","seed_source_timestamp":248148631984700,"circlet_count":0,"master_deck":["AscendersBane","Strike_R","Strike_R","Strike_R","Strike_R","Strike_R","Defend_R","Defend_R","Defend_R","Defend_R","Bash","Heavy Blade+1","Battle Trance","Hemokinesis","Flex+1","Juggernaut","Anger","Rupture+1","Rupture+1","Wild Strike"],"relics":["Burning Blood","NeowsBlessing","Pen Nib","Anchor","Frozen Egg 2","Pear","ClockworkSouvenir","Ornamental Fan"],"potions_floor_usage":[7,8,11,16],"damage_taken":[{"damage":0,"enemies":"Cultist","floor":1,"turns":1},{"damage":0,"enemies":"2 Louse","floor":2,"turns":1},{"damage":0,"enemies":"Small Slimes","floor":3,"turns":1},{"damage":7,"enemies":"3 Louse","floor":4,"turns":3},{"damage":36,"enemies":"Lagavulin","floor":7,"turns":5},{"damage":4,"enemies":"Looter","floor":8,"turns":2},{"damage":16,"enemies":"Exordium Wildlife","floor":10,"turns":5},{"damage":16,"enemies":"3 Sentries","floor":11,"turns":6},{"damage":23,"enemies":"Lagavulin","floor":14,"turns":4},{"damage":44,"enemies":"The Guardian","floor":16,"turns":6}],"seed_played":"-9153755608274361946","potions_obtained":[{"floor":2,"key":"Swift Potion"},{"floor":3,"key":"SpeedPotion"},{"floor":7,"key":"Swift Potion"},{"floor":14,"key":"SkillPotion"}],"is_trial":false,"path_per_floor":["M","M","M","M","T","R","E","M","T","M","E","R","$","E","R","B"],"character_chosen":"IRONCLAD","items_purchased":["ClockworkSouvenir","Rupture+1"],"campfire_rested":1,"item_purchase_floors":[13,13],"current_hp_per_floor":[74,75,75,74,74,74,44,46,46,36,36,61,61,44,44,0],"gold":42,"neow_bonus":"THREE_ENEMY_KILL","is_prod":false,"is_daily":false,"chose_seed":false,"campfire_upgraded":2,"win_rate":0,"timestamp":1563754032,"path_taken":["M","?","M","M","?","R","E","M","T","M","E","R","$","E","R","BOSS"],"build_version":"2019-07-17","purchased_purges":0,"victory":false,"max_hp_per_floor":[75,75,75,75,75,75,75,75,75,75,85,85,85,85,85,85],"card_choices":[{"not_picked":["Evolve","Searing Blow"],"picked":"Heavy Blade","floor":1},{"not_picked":["Wild Strike","Sentinel"],"picked":"Battle Trance","floor":2},{"not_picked":["Evolve","Perfected Strike"],"picked":"Hemokinesis","floor":3},{"not_picked":["Heavy Blade","Twin Strike"],"picked":"Flex","floor":4},{"not_picked":["Battle Trance","Perfected Strike"],"picked":"Juggernaut","floor":7},{"not_picked":["Body Slam","Flex","Bloodletting"],"picked":"SKIP","floor":8},{"not_picked":["Dual Wield","Clash"],"picked":"Anger","floor":10},{"not_picked":["Uppercut","Metallicize+1"],"picked":"Rupture+1","floor":11},{"not_picked":["True Grit","Flex"],"picked":"Wild Strike","floor":14}],"player_experience":681290,"relics_obtained":[{"floor":5,"key":"Pen Nib"},{"floor":7,"key":"Anchor"},{"floor":9,"key":"Frozen Egg 2"},{"floor":11,"key":"Pear"},{"floor":14,"key":"Ornamental Fan"}],"event_choices":[],"is_beta":false,"boss_relics":[],"items_purged_floors":[],"is_endless":false,"potions_floor_spawned":[2,3,7,14],"killed_by":"The Guardian","ascension_level":14}