{"gold_per_floor":[112,112,126,126,138,155,155,166,166,341,406,438,438,427,427,548,548,533,552,552,572,597,597,577,613,695,708,729,747,747,768,768,891,891,912,536,556,18,32,32,32,32,56,56,0,125,149,149,149,149,149,149,48,87,87],"floor_reached":56,"playtime":4407,"items_purged":["Blood for Blood","Power Through"],"score":1251,"play_id":"055ec3c6-375f-49b0-aa1c-b2de1744fe18","local_time":"20181109192458","is_ascension_mode":false,"campfire_choices":[{"data":"Flame Barrier","floor":7,"key":"SMITH"},{"data":"Doubt","floor":15,"key":"PURGE"},{"data":"Injury","floor":23,"key":"PURGE"},{"data":"Demon Form","floor":30,"key":"SMITH"},{"data":"Metallicize","floor":32,"key":"SMITH"},{"data":"Metallicize","floor":40,"key":"SMITH"},{"data":"Enlightenment","floor":42,"key":"SMITH"},{"data":"Demon Form","floor":44,"key":"SMITH"},{"floor":49,"key":"RECALL"},{"data":"Sentinel","floor":52,"key":"PURGE"}],"neow_cost":"NONE","seed_source_timestamp":177631928411966,"circlet_count":0,"master_deck":["Bash","Flame Barrier+1","Iron Wave","Sentinel","Shrug It Off","Metallicize+1","Demon Form+1","Barricade","Rage","Shrug It Off+1","Battle Trance+1","Entrench","Shrug It Off","Twin Strike","Metallicize+1","Infernal Blade","Body Slam","Demon Form+1","Enlightenment+1","Entrench"],"relics":["Burning Blood","Ornamental Fan","Lantern","Peace Pipe","Golden Idol","Snecko Eye","Omamori","Kunai","Pandora\u0027s Box","Lee\u0027s Waffle","OrangePellets","Bottled Lightning","Red Mask","Incense Burner","Darkstone Periapt","Strawberry"],"potions_floor_usage":[8,12,12,16,21,22,25,25,27,33,33,50,54,55,55,55],"damage_taken":[{"damage":6,"enemies":"Cultist","floor":1,"turns":3},{"damage":0,"enemies":"Small Slimes","floor":3,"turns":3},{"damage":0,"enemies":"2 Louse","floor":5,"turns":3},{"damage":3,"enemies":"2 Fungi Beasts","floor":6,"turns":5},{"damage":0,"enemies":"3 Louse","floor":8,"turns":5},{"damage":37,"enemies":"Gremlin Nob","floor":11,"turns":6},{"damage":29,"enemies":"Gremlin Nob","floor":12,"turns":6},{"damage":9,"enemies":"Exordium Thugs","floor":14,"turns":4},{"damage":7,"enemies":"The Guardian","floor":16,"turns":12},{"damage":8,"enemies":"2 Thieves","floor":18,"turns":4},{"damage":0,"enemies":"Chosen","floor":19,"turns":6},{"damage":15,"enemies":"Centurion and Healer","floor":21,"turns":7},{"damage":11,"enemies":"Shelled Parasite and Fungi","floor":22,"turns":7},{"damage":28,"enemies":"Slavers","floor":25,"turns":8},{"damage":27,"enemies":"Sentry and Sphere","floor":27,"turns":10},{"damage":0,"enemies":"Snake Plant","floor":28,"turns":4},{"damage":4,"enemies":"Cultist and Chosen","floor":29,"turns":10},{"damage":6,"enemies":"Centurion and Healer","floor":31,"turns":9},{"damage":34,"enemies":"Champ","floor":33,"turns":12},{"damage":3,"enemies":"Orb Walker","floor":35,"turns":4},{"damage":4,"enemies":"3 Darklings","floor":37,"turns":9},{"damage":55,"enemies":"Writhing Mass","floor":39,"turns":10},{"damage":0,"enemies":"Mind Bloom Boss Battle","floor":46,"turns":8},{"damage":0,"enemies":"Spire Growth","floor":47,"turns":5},{"damage":0,"enemies":"Awakened One","floor":50,"turns":15},{"damage":69,"enemies":"Shield and Spear","floor":54,"turns":10},{"damage":56,"enemies":"The Heart","floor":55,"turns":11}],"seed_played":"6578406755484961507","potions_obtained":[{"floor":1,"key":"Block Potion"},{"floor":5,"key":"PowerPotion"},{"floor":6,"key":"AttackPotion"},{"floor":11,"key":"Block Potion"},{"floor":14,"key":"Poison Potion"},{"floor":16,"key":"Swift Potion"},{"floor":19,"key":"LiquidBronze"},{"floor":21,"key":"LiquidBronze"},{"floor":24,"key":"Strength Potion"},{"floor":25,"key":"LiquidBronze"},{"floor":31,"key":"SkillPotion"},{"floor":33,"key":"Regen Potion"},{"floor":37,"key":"FearPotion"},{"floor":46,"key":"GamblersBrew"}],"is_trial":false,"path_per_floor":["M","?","M","?","M","M","R","M","T","?","?","E","?","M","R","B",null,"M","M","?","M","M","R","?","E","T","M","M","M","R","M","R","B",null,"M","$","M","$","M","R","?","R","T","R","?","?","M","T","R","B",null,"R","$","E","B",null],"character_chosen":"IRONCLAD","items_purchased":["FairyPotion","Lee\u0027s Waffle","OrangePellets","Bottled Lightning","EntropicBrew"],"campfire_rested":0,"item_purchase_floors":[36,36,38,38,53],"current_hp_per_floor":[88,70,76,69,75,78,78,84,84,84,53,30,30,27,27,26,88,86,88,88,79,74,74,74,52,52,31,37,39,39,39,39,11,88,88,95,95,95,46,46,46,46,46,46,46,52,58,58,58,79,95,95,95,39,15],"gold":87,"neow_bonus":"TEN_PERCENT_HP_BONUS","is_prod":false,"is_daily":false,"chose_seed":false,"campfire_upgraded":6,"win_rate":0,"timestamp":1541809498,"path_taken":["M","?","M","?","M","M","R","M","T","?","?","E","?","M","R","BOSS","M","M","?","M","?","R","?","E","T","M","M","?","R","M","R","BOSS","M","$","M","$","M","R","?","R","T","R","?","?","M","?","R","BOSS","R","$","E","BOSS"],"build_version":"2018-11-08","purchased_purges":2,"victory":true,"max_hp_per_floor":[88,88,88,88,88,88,88,88,88,88,88,88,88,88,88,88,88,88,88,88,88,88,88,88,88,88,88,88,88,88,88,88,88,88,88,95,95,95,95,95,95,95,95,95,95,95,95,95,95,95,95,95,95,102,102],"card_choices":[{"not_picked":["Headbutt","Hemokinesis"],"picked":"Flame Barrier","floor":1},{"not_picked":["Clash","Pummel"],"picked":"Iron Wave","floor":3},{"not_picked":["True Grit","Rupture","Anger"],"picked":"SKIP","floor":5},{"not_picked":["Cleave","Sword Boomerang","Anger"],"picked":"SKIP","floor":6},{"not_picked":["Thunderclap","Whirlwind"],"picked":"Sentinel","floor":8},{"not_picked":["True Grit","Searing Blow"],"picked":"Shrug It Off","floor":11},{"not_picked":["Flex","Shrug It Off"],"picked":"Metallicize","floor":12},{"not_picked":["Pommel Strike","Pummel"],"picked":"Demon Form","floor":14},{"not_picked":["Reaper","Demon Form"],"picked":"Barricade","floor":16},{"not_picked":["Reckless Charge","Clothesline"],"picked":"Rage","floor":18},{"not_picked":["Wild Strike+1","Perfected Strike","Sword Boomerang+1"],"picked":"SKIP","floor":19},{"not_picked":["Warcry","Seeing Red"],"picked":"Shrug It Off+1","floor":21},{"not_picked":["Sword Boomerang","Flex","Wild Strike+1"],"picked":"SKIP","floor":22},{"not_picked":["Dual Wield","Twin Strike"],"picked":"Battle Trance+1","floor":25},{"not_picked":["Headbutt","Havoc+1","Clothesline"],"picked":"SKIP","floor":27},{"not_picked":["Wild Strike","Sentinel+1","Twin Strike"],"picked":"SKIP","floor":28},{"not_picked":["Blood for Blood","Clash+1","Corruption"],"picked":"SKIP","floor":29},{"not_picked":["Dark Embrace","Armaments"],"picked":"Entrench","floor":31},{"not_picked":["Iron Wave","Body Slam","Bloodletting"],"picked":"SKIP","floor":35},{"not_picked":["Sword Boomerang","Shockwave+1"],"picked":"Demon Form","floor":37},{"not_picked":["Whirlwind+1","Havoc","Anger+1"],"picked":"SKIP","floor":39},{"not_picked":["Trip","Madness"],"picked":"Enlightenment","floor":41},{"not_picked":["Headbutt+1","Pommel Strike+1"],"picked":"Entrench","floor":47},{"not_picked":["Disarm","Sever Soul+1","Evolve+1"],"picked":"SKIP","floor":54}],"player_experience":265687,"relics_obtained":[{"floor":9,"key":"Ornamental Fan"},{"floor":11,"key":"Lantern"},{"floor":12,"key":"Peace Pipe"},{"floor":25,"key":"Omamori"},{"floor":26,"key":"Kunai"},{"floor":46,"key":"Incense Burner"},{"floor":48,"key":"Darkstone Periapt"},{"floor":54,"key":"Strawberry"}],"event_choices":[{"damage_healed":0,"gold_gain":0,"player_choice":"Entered Light","damage_taken":18,"max_hp_gain":0,"max_hp_loss":0,"event_name":"Shining Light","floor":2,"gold_loss":0,"cards_upgraded":["Defend_R","Strike_R"]},{"cards_removed":["Strike_R"],"damage_healed":0,"gold_gain":0,"player_choice":"Card Removal","damage_taken":7,"max_hp_gain":0,"max_hp_loss":0,"event_name":"Golden Wing","floor":4,"gold_loss":0},{"damage_healed":0,"gold_gain":175,"player_choice":"AGREE","damage_taken":0,"max_hp_gain":0,"max_hp_loss":0,"event_name":"Liars Game","floor":10,"gold_loss":0,"cards_obtained":["Doubt"]},{"damage_healed":0,"gold_gain":30,"player_choice":"Searched \u00272\u0027 times","damage_taken":0,"max_hp_gain":0,"max_hp_loss":0,"event_name":"Dead Adventurer","floor":11,"gold_loss":0},{"damage_healed":0,"gold_gain":0,"player_choice":"Take Wound","damage_taken":0,"relics_obtained":["Golden Idol"],"max_hp_gain":0,"max_hp_loss":0,"event_name":"Golden Idol","floor":13,"gold_loss":0,"cards_obtained":["Injury"]},{"damage_healed":0,"gold_gain":0,"player_choice":"Got Potions","damage_taken":0,"max_hp_gain":0,"max_hp_loss":0,"event_name":"Lab","floor":20,"gold_loss":0},{"damage_healed":0,"gold_gain":0,"player_choice":"Bought 1 Potion","damage_taken":0,"max_hp_gain":0,"max_hp_loss":0,"event_name":"The Woman in Blue","floor":24,"gold_loss":0},{"damage_healed":0,"gold_gain":0,"player_choice":"Memory 1","damage_taken":0,"max_hp_gain":0,"max_hp_loss":0,"event_name":"SensoryStone","floor":41,"gold_loss":0},{"damage_healed":0,"gold_gain":0,"player_choice":"Paid","damage_taken":0,"relics_obtained":["Red Mask"],"max_hp_gain":0,"max_hp_loss":0,"event_name":"Tomb of Lord Red Mask","floor":45,"gold_loss":56},{"damage_healed":0,"gold_gain":0,"player_choice":"Fight","damage_taken":0,"max_hp_gain":0,"max_hp_loss":0,"event_name":"MindBloom","floor":46,"gold_loss":0}],"is_beta":true,"boss_relics":[{"not_picked":["Lizard Tail","Orrery"],"picked":"Snecko Eye"},{"not_picked":["Eternal Feather","Mark of Pain"],"picked":"Pandora\u0027s Box"}],"items_purged_floors":[36,38],"is_endless":false,"potions_floor_spawned":[1,5,6,11,14,16,19,21,25,31,33,37,46],"ascension_level":0}