{"gold_per_floor":[114,114,114,129,142,142,217,246,317,342,34,51,51,67,67,170,170,190,190,190,222,272,298,298,99,99,99,126,145,161,196,196,297,297,316,316,327,29,48,66,97,97,97,97,115,115,144,163,163,163,163,163,40,74,74],"floor_reached":55,"playtime":4296,"items_purged":[],"score":856,"play_id":"0a985b8b-3fbb-45ce-a9ce-a7e2141cd87e","local_time":"20190527223100","is_ascension_mode":true,"campfire_choices":[{"floor":6.0,"key":"RECALL"},{"floor":15.0,"key":"REST"},{"data":"Demon Form","floor":24.0,"key":"SMITH"},{"data":"Seeing Red","floor":27.0,"key":"SMITH"},{"floor":32.0,"key":"REST"},{"floor":42.0,"key":"REST"},{"floor":46.0,"key":"REST"},{"floor":49,"key":"REST"},{"data":"Limit Break","floor":52,"key":"SMITH"}],"neow_cost":"NONE","seed_source_timestamp":0,"circlet_count":0,"master_deck":["Bash","Uppercut","Sever Soul","Spot Weakness","Exhume","Heavy Blade","Anger","Demon Form+1","Twin Strike","Metallicize","Battle Trance","Wild Strike","Barricade","Reaper","Thunderclap","Bludgeon","Anger","Seeing Red+1","Armaments","Flex","Rage","Shrug It Off+1","Flex","Iron Wave+1","Limit Break+1","Shrug It Off","The Bomb","Armaments+1","Disarm+1","Anger+1","Spot Weakness","Flex+1","Dual Wield+1","Seeing Red","Rampage+1"],"special_seed":0,"relics":["Burning Blood","NeowsBlessing","Strawberry","Ornamental Fan","Gremlin Horn","Omamori","StoneCalendar","Pandora\u0027s Box","Red Mask","Pantograph","Anchor","Torii","Dead Branch","Blue Candle","White Beast Statue","PreservedInsect","Ancient Tea Set","Potion Belt","Dodecahedron","Boot","Sundial"],"potions_floor_usage":[48,48,50,50,50,55,55,55],"damage_taken":[{"damage":0.0,"enemies":"2 Louse","floor":1.0,"turns":1.0},{"damage":0.0,"enemies":"Small Slimes","floor":4.0,"turns":1.0},{"damage":0.0,"enemies":"Cultist","floor":5.0,"turns":1.0},{"damage":24.0,"enemies":"Gremlin Nob","floor":8.0,"turns":4.0},{"damage":43.0,"enemies":"Lagavulin","floor":10.0,"turns":7.0},{"damage":0.0,"enemies":"3 Louse","floor":12.0,"turns":3.0},{"damage":1.0,"enemies":"Exordium Wildlife","floor":14.0,"turns":2.0},{"damage":65.0,"enemies":"Hexaghost","floor":16.0,"turns":11.0},{"damage":25.0,"enemies":"3 Byrds","floor":18.0,"turns":5.0},{"damage":20.0,"enemies":"Masked Bandits","floor":21.0,"turns":4.0},{"damage":26.0,"enemies":"Slavers","floor":23.0,"turns":3.0},{"damage":36.0,"enemies":"Gremlin Leader","floor":28.0,"turns":5.0},{"damage":29.0,"enemies":"Shell Parasite","floor":29.0,"turns":6.0},{"damage":28.0,"enemies":"3 Cultists","floor":30.0,"turns":6.0},{"damage":25.0,"enemies":"Slavers","floor":31.0,"turns":5.0},{"damage":57.0,"enemies":"Collector","floor":33.0,"turns":8.0},{"damage":23.0,"enemies":"3 Darklings","floor":35.0,"turns":4.0},{"damage":1.0,"enemies":"Orb Walker","floor":37.0,"turns":3.0},{"damage":34.0,"enemies":"Maw","floor":39.0,"turns":7.0},{"damage":62.0,"enemies":"4 Shapes","floor":40.0,"turns":5.0},{"damage":44.0,"enemies":"Giant Head","floor":41.0,"turns":8.0},{"damage":16.0,"enemies":"Writhing Mass","floor":45.0,"turns":7.0},{"damage":70.0,"enemies":"Nemesis","floor":47.0,"turns":7.0},{"damage":0,"enemies":"Jaw Worm Horde","floor":48,"turns":1},{"damage":92,"enemies":"Awakened One","floor":50,"turns":11},{"damage":38,"enemies":"Shield and Spear","floor":54,"turns":5},{"damage":107,"enemies":"The Heart","floor":55,"turns":5}],"seed_played":"9115602690762505555","potions_obtained":[{"floor":4.0,"key":"Ancient Potion"},{"floor":10.0,"key":"SkillPotion"},{"floor":14.0,"key":"Regen Potion"},{"floor":16.0,"key":"FearPotion"},{"floor":21.0,"key":"SneckoOil"},{"floor":23.0,"key":"SteroidPotion"},{"floor":28.0,"key":"Strength Potion"},{"floor":29.0,"key":"GamblersBrew"},{"floor":31.0,"key":"Weak Potion"},{"floor":33.0,"key":"Ancient Potion"},{"floor":35.0,"key":"EssenceOfSteel"},{"floor":37.0,"key":"PowerPotion"},{"floor":39.0,"key":"Explosive Potion"},{"floor":40.0,"key":"Weak Potion"},{"floor":41.0,"key":"Block Potion"},{"floor":44.0,"key":"Poison Potion"},{"floor":44.0,"key":"Energy Potion"},{"floor":44.0,"key":"Energy Potion"},{"floor":45.0,"key":"Dexterity Potion"},{"floor":47.0,"key":"AttackPotion"},{"floor":48,"key":"Explosive Potion"},{"floor":54,"key":"Fire Potion"}],"is_trial":false,"path_per_floor":["M","?","?","M","M","R","?","E","T","E","$","M","T","M","R","B",null,"M","?","?","?","?","E","R","$","T","R","E","M","M","E","R","B",null,"M","?","M","$","M","M","E","R","T","?","M","R","E","M","R","B",null,"R","$","E","B"],"character_chosen":"IRONCLAD","items_purchased":["StoneCalendar","Anchor","Flex","PreservedInsect","Ancient Tea Set","Energy Potion","BloodPotion"],"campfire_rested":5,"item_purchase_floors":[11,25,25,38,38,53,53],"current_hp_per_floor":[80,80,87,87,87,87,76,58,58,21,21,27,27,32,58,14,87,76,76,76,62,62,60,60,60,60,60,44,30,32,13,39,46,87,70,70,79,79,87,55,39,65,65,65,71,87,36,42,68,15,87,87,87,55,0],"gold":74,"neow_bonus":"THREE_ENEMY_KILL","is_prod":false,"is_daily":false,"chose_seed":false,"campfire_upgraded":3,"win_rate":0,"timestamp":1559010660,"path_taken":["M","?","?","M","?","R","?","E","T","E","?","?","?","M","R","BOSS","M","?","?","?","?","E","R","$","T","R","E","?","?","E","R","BOSS","M","?","M","$","M","M","E","R","T","?","M","R","E","M","R","BOSS","R","$","E","BOSS"],"build_version":"2019-01-23","purchased_purges":0,"victory":false,"max_hp_per_floor":[80,80,87,87,87,87,87,87,87,87,87,87,87,87,87,87,87,87,87,87,87,87,87,87,87,87,87,87,87,87,87,87,87,87,87,87,87,87,87,87,87,87,87,87,87,87,87,87,87,87,87,87,87,87,87],"card_choices":[{"not_picked":["Pommel Strike","Iron Wave"],"picked":"Sword Boomerang","floor":1.0},{"not_picked":["Perfected Strike","Sword Boomerang"],"picked":"Uppercut","floor":4.0},{"not_picked":["Sword Boomerang","Warcry"],"picked":"Sever Soul","floor":5.0},{"not_picked":["Armaments","Cleave"],"picked":"Spot Weakness","floor":8.0},{"not_picked":["Havoc","Clash"],"picked":"Exhume","floor":10.0},{"not_picked":["Blood for Blood","Headbutt"],"picked":"Heavy Blade","floor":12.0},{"not_picked":["Heavy Blade","Pommel Strike"],"picked":"Anger","floor":14.0},{"not_picked":["Reaper","Berserk"],"picked":"Demon Form","floor":16.0},{"not_picked":["Body Slam","Iron Wave"],"picked":"Anger","floor":18.0},{"not_picked":["Warcry","Rupture"],"picked":"Seeing Red","floor":21.0},{"not_picked":["Combust","Uppercut"],"picked":"Armaments","floor":23.0},{"not_picked":["Fiend Fire","Clash+1"],"picked":"Rage","floor":28.0},{"not_picked":["Body Slam","Warcry"],"picked":"Shrug It Off+1","floor":29.0},{"not_picked":["Whirlwind","Sword Boomerang+1"],"picked":"Flex","floor":30.0},{"not_picked":["Sever Soul","Rage"],"picked":"Iron Wave+1","floor":31.0},{"not_picked":["Berserk","Demon Form"],"picked":"Limit Break","floor":33.0},{"not_picked":["Clash+1","Flex+1"],"picked":"Shrug It Off","floor":35.0},{"not_picked":["Swift Strike","Deep Breath"],"picked":"The Bomb","floor":36.0},{"not_picked":["Battle Trance","Burning Pact"],"picked":"Armaments+1","floor":37.0},{"not_picked":["Body Slam","Reckless Charge+1"],"picked":"Disarm+1","floor":39.0},{"not_picked":["Shrug It Off","Clash"],"picked":"Anger+1","floor":40.0},{"not_picked":["Berserk","Armaments"],"picked":"Spot Weakness","floor":41.0},{"not_picked":["Headbutt","Corruption"],"picked":"Flex+1","floor":45.0},{"not_picked":["Cleave","Havoc+1"],"picked":"Dual Wield+1","floor":47.0},{"not_picked":["Clash","Shrug It Off"],"picked":"Seeing Red","floor":48},{"not_picked":["Havoc+1","Berserk"],"picked":"Rampage+1","floor":54}],"player_experience":392197,"relics_obtained":[{"floor":8.0,"key":"Ornamental Fan"},{"floor":9.0,"key":"Gremlin Horn"},{"floor":10.0,"key":"Omamori"},{"floor":21.0,"key":"Red Mask"},{"floor":23.0,"key":"Pantograph"},{"floor":26.0,"key":"Torii"},{"floor":28.0,"key":"Dead Branch"},{"floor":31.0,"key":"Blue Candle"},{"floor":41.0,"key":"Potion Belt"},{"floor":43.0,"key":"Dodecahedron"},{"floor":47.0,"key":"Boot"},{"floor":54,"key":"Sundial"}],"event_choices":[{"damage_healed":0.0,"max_hp_gain":0.0,"max_hp_loss":0.0,"gold_gain":0.0,"event_name":"Golden Wing","player_choice":"Ignored","floor":2.0,"gold_loss":0.0,"damage_taken":0.0},{"cards_removed":["Sword Boomerang"],"damage_healed":0.0,"max_hp_gain":0.0,"max_hp_loss":0.0,"gold_gain":0.0,"event_name":"WeMeetAgain","player_choice":"Gave Card","floor":3.0,"gold_loss":0.0,"damage_taken":0.0,"relics_obtained":["Strawberry"]},{"damage_healed":0.0,"max_hp_gain":0.0,"max_hp_loss":0.0,"gold_gain":75.0,"event_name":"World of Goop","player_choice":"Gather Gold","floor":7.0,"gold_loss":0.0,"damage_taken":11.0},{"cards_removed":["Brutality"],"damage_healed":0.0,"max_hp_gain":0.0,"max_hp_loss":0.0,"gold_gain":0.0,"event_name":"Back to Basics","player_choice":"Elegance","floor":19.0,"gold_loss":0.0,"damage_taken":0.0},{"damage_healed":0.0,"max_hp_gain":0.0,"max_hp_loss":0.0,"gold_gain":0.0,"event_name":"Ghosts","player_choice":"Ignored","floor":20.0,"gold_loss":0.0,"damage_taken":0.0},{"damage_healed":0.0,"max_hp_gain":0.0,"max_hp_loss":0.0,"gold_gain":0.0,"event_name":"Masked Bandits","player_choice":"Fought Bandits","floor":21.0,"gold_loss":0.0,"damage_taken":0.0},{"damage_healed":0.0,"max_hp_gain":0.0,"max_hp_loss":0.0,"gold_gain":100.0,"event_name":"The Joust","player_choice":"Bet on Murderer","floor":22.0,"gold_loss":50.0,"damage_taken":0.0},{"damage_healed":0.0,"max_hp_gain":0.0,"max_hp_loss":0.0,"gold_gain":0.0,"event_name":"SensoryStone","player_choice":"Memory 1","floor":36.0,"gold_loss":0.0,"damage_taken":0.0},{"damage_healed":0.0,"max_hp_gain":0.0,"max_hp_loss":0.0,"gold_gain":0.0,"event_name":"Lab","player_choice":"Got Potions","floor":44.0,"gold_loss":0.0,"damage_taken":0.0}],"is_beta":false,"boss_relics":[{"not_picked":["Tiny House","Runic Dome"],"picked":"Pandora\u0027s Box"},{"not_picked":["Runic Cube","Fusion Hammer"],"picked":"White Beast Statue"}],"items_purged_floors":[],"is_endless":false,"potions_floor_spawned":[4,10,14,16,21,23,28,29,31,33,35,37,39,40,41,45,47,48,54],"killed_by":"The Heart","ascension_level":1}