{"gold_per_floor":[119,119,135,114,134,159,159,179,233,247,277,277,105,135,135,231,281,299,299,55,65,65,94,104,104,150,177,177,196,227,227,227,227],"floor_reached":33,"playtime":5555,"items_purged":["Strike_G"],"score":389,"play_id":"3977d700-47fa-43b1-bebe-05fb2611c856","local_time":"20190714130321","is_ascension_mode":true,"campfire_choices":[{"floor":7,"key":"REST"},{"floor":12,"key":"REST"},{"floor":15,"key":"REST"},{"floor":25,"key":"REST"},{"floor":28,"key":"REST"},{"floor":32,"key":"REST"}],"neow_cost":"NONE","seed_source_timestamp":93620790149850,"circlet_count":0,"master_deck":["Defend_G","Defend_G","Defend_G","Defend_G","Defend_G","Survivor","Neutralize","Finisher","Sucker Punch","Infinite Blades+1","Envenom","Accuracy","Heel Hook","Dodge and Roll","Acrobatics","Dagger Spray","Storm of Steel","Deflect","Backflip+1","Bite","Bite","Bite","Bite","Bite","Leg Sweep","Backflip","Blade Dance+1","PiercingWail","Acrobatics+1"],"relics":["Ring of the Snake","NeowsBlessing","CultistMask","Pear","Potion Belt","Pen Nib","Tiny House","Shuriken","Tingsha","Torii","Paper Crane"],"potions_floor_usage":[8,11,11,16,18,18,18,18,23,27,27,30],"damage_taken":[{"damage":0,"enemies":"Cultist","floor":1,"turns":1},{"damage":0,"enemies":"2 Louse","floor":3,"turns":1},{"damage":0,"enemies":"Jaw Worm","floor":5,"turns":1},{"damage":43,"enemies":"Lagavulin","floor":6,"turns":8},{"damage":6,"enemies":"Large Slime","floor":8,"turns":4},{"damage":7,"enemies":"Blue Slaver","floor":10,"turns":5},{"damage":15,"enemies":"3 Sentries","floor":11,"turns":6},{"damage":20,"enemies":"Lagavulin","floor":14,"turns":9},{"damage":31,"enemies":"The Guardian","floor":16,"turns":14},{"damage":22,"enemies":"Spheric Guardian","floor":18,"turns":6},{"damage":11,"enemies":"3 Byrds","floor":21,"turns":7},{"damage":37,"enemies":"Book of Stabbing","floor":23,"turns":11},{"damage":16,"enemies":"Snecko","floor":24,"turns":5},{"damage":22,"enemies":"Slavers","floor":27,"turns":5},{"damage":13,"enemies":"Centurion and Healer","floor":29,"turns":6},{"damage":15,"enemies":"Book of Stabbing","floor":30,"turns":6},{"damage":74,"enemies":"Collector","floor":33,"turns":11}],"seed_played":"-8204440954049797519","potions_obtained":[{"floor":1,"key":"SteroidPotion"},{"floor":3,"key":"LiquidBronze"},{"floor":10,"key":"SteroidPotion"},{"floor":11,"key":"FearPotion"},{"floor":17,"key":"EntropicBrew"},{"floor":18,"key":"GhostInAJar"},{"floor":24,"key":"PowerPotion"},{"floor":29,"key":"SteroidPotion"}],"is_trial":false,"path_per_floor":["M","?","M","?","M","E","R","M","T","M","E","R","$","E","R","B",null,"M","?","$","M","?","E","M","R","T","E","R","M","E","?","R","B"],"character_chosen":"THE_SILENT","items_purchased":["Dodge and Roll","Acrobatics","Shuriken"],"campfire_rested":6,"item_purchase_floors":[13,13,20],"current_hp_per_floor":[70,70,70,70,70,37,61,55,55,50,37,61,61,43,67,38,85,63,63,63,56,56,29,15,40,40,24,49,40,31,31,56,0],"gold":227,"neow_bonus":"THREE_ENEMY_KILL","is_prod":false,"is_daily":false,"chose_seed":false,"campfire_upgraded":0,"win_rate":0,"timestamp":1563127401,"path_taken":["M","?","?","?","M","E","R","M","T","M","E","R","$","E","R","BOSS","M","?","$","M","?","E","M","R","T","E","R","M","E","?","R","BOSS"],"build_version":"2019-07-05","purchased_purges":1,"victory":false,"max_hp_per_floor":[70,70,70,70,70,80,80,80,80,80,80,80,80,80,80,80,85,85,85,85,85,85,85,85,85,85,85,85,85,85,85,85,85],"card_choices":[{"not_picked":["Deadly Poison","Deflect"],"picked":"Finisher","floor":1},{"not_picked":["Underhanded Strike","Backflip"],"picked":"Sucker Punch","floor":3},{"not_picked":["PiercingWail","Calculated Gamble"],"picked":"Infinite Blades","floor":5},{"not_picked":["Dagger Throw","Prepared"],"picked":"Envenom","floor":6},{"not_picked":["Endless Agony","Acrobatics"],"picked":"Accuracy","floor":8},{"not_picked":["Finisher","Flying Knee","Catalyst"],"picked":"SKIP","floor":10},{"not_picked":["Underhanded Strike","Bane"],"picked":"Heel Hook","floor":11},{"not_picked":["Acrobatics","Catalyst"],"picked":"Dagger Spray","floor":14},{"not_picked":["Unload","After Image"],"picked":"Storm of Steel","floor":16},{"not_picked":["Bane","Riddle With Holes"],"picked":"Deflect","floor":17},{"not_picked":["Catalyst","Flying Knee+1"],"picked":"Backflip+1","floor":18},{"not_picked":["Noxious Fumes+1","Masterful Stab"],"picked":"Leg Sweep","floor":21},{"not_picked":["Dagger Throw","Endless Agony"],"picked":"Backflip","floor":23},{"not_picked":["PiercingWail","Dodge and Roll"],"picked":"Blade Dance+1","floor":24},{"not_picked":["Crippling Poison","Heel Hook","Dash+1"],"picked":"SKIP","floor":27},{"not_picked":["Heel Hook","Blade Dance"],"picked":"PiercingWail","floor":29},{"not_picked":["Outmaneuver","Catalyst"],"picked":"Acrobatics+1","floor":30}],"player_experience":159310,"relics_obtained":[{"floor":6,"key":"Pear"},{"floor":9,"key":"Blood Vial"},{"floor":11,"key":"Potion Belt"},{"floor":14,"key":"Pen Nib"},{"floor":23,"key":"Tingsha"},{"floor":27,"key":"Torii"},{"floor":30,"key":"Paper Crane"}],"event_choices":[{"damage_healed":0,"gold_gain":0,"player_choice":"Trade","damage_taken":0,"relics_obtained":["CultistMask"],"max_hp_gain":0,"max_hp_loss":0,"event_name":"FaceTrader","floor":2,"gold_loss":0},{"damage_healed":0,"gold_gain":0,"player_choice":"Left Gold","damage_taken":0,"max_hp_gain":0,"max_hp_loss":0,"event_name":"World of Goop","floor":4,"gold_loss":21},{"damage_healed":0,"gold_gain":0,"player_choice":"Became a vampire (Vial)","damage_taken":0,"max_hp_gain":0,"max_hp_loss":0,"event_name":"Vampires","floor":19,"relics_lost":["Blood Vial"],"gold_loss":0,"cards_obtained":["Bite","Bite","Bite","Bite","Bite"]},{"damage_healed":0,"gold_gain":0,"player_choice":"Ignored","damage_taken":0,"max_hp_gain":0,"max_hp_loss":0,"event_name":"Ghosts","floor":31,"gold_loss":0}],"is_beta":false,"boss_relics":[{"not_picked":["Pandora\u0027s Box","Orrery"],"picked":"Tiny House"}],"items_purged_floors":[13],"is_endless":false,"potions_floor_spawned":[1,3,10,11,18,24,29],"killed_by":"Collector","ascension_level":1}