{"gold_per_floor":[99,113,113,124,140,166,166,195,249,249],"floor_reached":10,"playtime":395,"items_purged":[],"score":125,"play_id":"64c07e58-84b8-471a-bf69-f70313e9d20b","local_time":"20190727180110","is_ascension_mode":true,"campfire_choices":[{"floor":7,"key":"REST"}],"neow_cost":"NONE","seed_source_timestamp":307881072198150,"circlet_count":0,"master_deck":["AscendersBane","Strike_G","Strike_G","Strike_G","Strike_G","Strike_G","Defend_G","Defend_G","Defend_G","Defend_G","Defend_G","Survivor","Neutralize","Dagger Spray","Deadly Poison","Escape Plan","PiercingWail","Corpse Explosion"],"relics":["Ring of the Snake","Calipers","PreservedInsect","Boot","Tiny Chest"],"potions_floor_usage":[10],"damage_taken":[{"damage":8,"enemies":"2 Louse","floor":1,"turns":3},{"damage":2,"enemies":"Cultist","floor":2,"turns":4},{"damage":0,"enemies":"Small Slimes","floor":4,"turns":3},{"damage":0,"enemies":"Blue Slaver","floor":5,"turns":4},{"damage":46,"enemies":"Lagavulin","floor":6,"turns":11},{"damage":35,"enemies":"Gremlin Nob","floor":8,"turns":4},{"damage":10,"enemies":"Lagavulin","floor":10,"turns":2}],"seed_played":"-8894174253682351147","potions_obtained":[{"floor":2,"key":"Swift Potion"},{"floor":6,"key":"Energy Potion"}],"is_trial":false,"path_per_floor":["M","M","?","M","M","E","R","E","T","E"],"character_chosen":"THE_SILENT","items_purchased":[],"campfire_rested":1,"item_purchase_floors":[],"current_hp_per_floor":[62,60,60,60,60,14,37,2,2,0],"gold":249,"neow_bonus":"TEN_PERCENT_HP_BONUS","is_prod":false,"is_daily":false,"chose_seed":false,"campfire_upgraded":0,"win_rate":0,"timestamp":1564268470,"path_taken":["M","M","?","?","M","E","R","E","T","E"],"build_version":"2019-07-17","purchased_purges":0,"victory":false,"max_hp_per_floor":[77,77,77,77,77,77,77,77,77,77],"card_choices":[{"not_picked":["Slice","Underhanded Strike"],"picked":"Dagger Spray","floor":1},{"not_picked":["Poisoned Stab","Outmaneuver"],"picked":"Deadly Poison","floor":2},{"not_picked":["Cloak And Dagger","Finisher"],"picked":"Escape Plan","floor":4},{"not_picked":["Heel Hook","Quick Slash"],"picked":"PiercingWail","floor":5},{"not_picked":["Bane","Well Laid Plans"],"picked":"Corpse Explosion","floor":6},{"not_picked":["Terror","Flying Knee","Dagger Throw"],"picked":"SKIP","floor":8}],"player_experience":241073,"relics_obtained":[{"floor":6,"key":"PreservedInsect"},{"floor":8,"key":"Boot"},{"floor":9,"key":"Tiny Chest"}],"event_choices":[{"damage_healed":0,"gold_gain":0,"player_choice":"Gave Potion","damage_taken":0,"relics_obtained":["Calipers"],"max_hp_gain":0,"max_hp_loss":0,"event_name":"WeMeetAgain","floor":3,"gold_loss":0}],"is_beta":false,"boss_relics":[],"items_purged_floors":[],"is_endless":false,"potions_floor_spawned":[2,6],"killed_by":"Lagavulin","ascension_level":12}