{"gold_per_floor":[109,121,86,86,98,98,115,91,91,104,116,116,116,128,128,207,207,221,221,255,215],"floor_reached":21,"playtime":846,"items_purged":[],"score":346,"play_id":"643466a4-c587-43eb-9f23-c202ba77854e","local_time":"20190401174438","is_ascension_mode":true,"campfire_choices":[{"data":"Blizzard","floor":6.0,"key":"SMITH"},{"data":"Capacitor","floor":12.0,"key":"SMITH"},{"data":"Cold Snap","floor":15.0,"key":"SMITH"}],"neow_cost":"NONE","seed_source_timestamp":801056528909097,"circlet_count":0,"master_deck":["AscendersBane","Strike_B","Strike_B","Defend_B","Defend_B","Defend_B","Defend_B","Zap","Dualcast","Glacier","Blizzard+1","Core Surge","Capacitor+1","Cold Snap+1","White Noise","Reprogram","Creative AI"],"special_seed":0,"relics":["Cracked Core","Mercury Hourglass","Nuclear Battery","Red Mask"],"potions_floor_usage":[20],"damage_taken":[{"damage":2.0,"enemies":"Jaw Worm","floor":1.0,"turns":4.0},{"damage":3.0,"enemies":"Small Slimes","floor":2.0,"turns":4.0},{"damage":0.0,"enemies":"Cultist","floor":5.0,"turns":4.0},{"damage":11.0,"enemies":"Large Slime","floor":7.0,"turns":6.0},{"damage":17.0,"enemies":"Exordium Thugs","floor":8.0,"turns":5.0},{"damage":0.0,"enemies":"3 Louse","floor":10.0,"turns":2.0},{"damage":9.0,"enemies":"Looter","floor":11.0,"turns":2.0},{"damage":0.0,"enemies":"Blue Slaver","floor":14.0,"turns":4.0},{"damage":49.0,"enemies":"Hexaghost","floor":16.0,"turns":11.0},{"damage":0.0,"enemies":"Chosen","floor":18.0,"turns":6.0},{"damage":46,"enemies":"Masked Bandits","floor":20,"turns":7},{"damage":14,"enemies":"2 Thieves","floor":21,"turns":1}],"seed_played":"-133506067880624195","potions_obtained":[{"floor":1.0,"key":"Regen Potion"},{"floor":2.0,"key":"GamblersBrew"},{"floor":8.0,"key":"PowerPotion"},{"floor":16.0,"key":"Block Potion"}],"is_trial":false,"path_per_floor":["M","M","?","?","M","R","M","M","T","M","M","R","?","M","R","B",null,"M","?","?","M"],"character_chosen":"DEFECT","items_purchased":[],"campfire_rested":0,"item_purchase_floors":[],"current_hp_per_floor":[69,66,78,78,78,78,67,64,64,64,55,55,55,55,55,6,60,60,60,14,0],"gold":215,"neow_bonus":"TEN_PERCENT_HP_BONUS","is_prod":false,"is_daily":false,"chose_seed":false,"campfire_upgraded":3,"win_rate":0,"timestamp":1554155078,"path_taken":["M","M","?","?","M","R","M","M","T","?","M","R","?","M","R","BOSS","M","?","?","M"],"build_version":"2019-03-15","purchased_purges":0,"victory":false,"max_hp_per_floor":[78,78,78,78,78,78,78,78,78,78,78,78,78,78,78,78,78,78,78,78,78],"card_choices":[{"not_picked":["Redo","Compile Driver"],"picked":"Glacier","floor":1.0},{"not_picked":["Conserve Battery","Streamline"],"picked":"Blizzard","floor":2.0},{"not_picked":["Redo","Beam Cell"],"picked":"Core Surge","floor":5.0},{"not_picked":["Go for the Eyes","Stack"],"picked":"Capacitor","floor":7.0},{"not_picked":["Barrage","Gash"],"picked":"Cold Snap","floor":8.0},{"not_picked":["Double Energy","Compile Driver","Leap"],"picked":"SKIP","floor":10.0},{"not_picked":["Double Energy","Compile Driver","Leap"],"picked":"SKIP","floor":10.0},{"not_picked":["Turbo","Beam Cell"],"picked":"White Noise","floor":11.0},{"not_picked":["Stack","Steam"],"picked":"Reprogram","floor":14.0},{"not_picked":["Thunder Strike","Buffer"],"picked":"Creative AI","floor":16.0},{"not_picked":["Barrage","Streamline","Gash"],"picked":"SKIP","floor":18.0}],"player_experience":1051692,"relics_obtained":[{"floor":9.0,"key":"Mercury Hourglass"},{"floor":20,"key":"Red Mask"}],"event_choices":[{"damage_healed":19.0,"max_hp_gain":0.0,"max_hp_loss":0.0,"gold_gain":0.0,"event_name":"The Cleric","player_choice":"Healed","floor":3.0,"gold_loss":35.0,"damage_taken":0.0},{"cards_removed":["Strike_B"],"damage_healed":0.0,"max_hp_gain":0.0,"max_hp_loss":0.0,"gold_gain":0.0,"event_name":"Purifier","player_choice":"Purged","floor":4.0,"gold_loss":0.0,"damage_taken":0.0},{"cards_removed":["Strike_B"],"damage_healed":0.0,"max_hp_gain":0.0,"max_hp_loss":0.0,"gold_gain":0.0,"event_name":"Bonfire Elementals","player_choice":"Offered Basic","floor":13.0,"gold_loss":0.0,"damage_taken":0.0},{"damage_healed":0.0,"max_hp_gain":0.0,"max_hp_loss":0.0,"gold_gain":0.0,"event_name":"Beggar","player_choice":"Ignored","floor":19.0,"gold_loss":0.0,"damage_taken":0.0},{"damage_healed":0,"gold_gain":0,"player_choice":"Fought Bandits","damage_taken":0,"max_hp_gain":0,"max_hp_loss":0,"event_name":"Masked Bandits","floor":20,"gold_loss":0}],"is_beta":true,"boss_relics":[{"not_picked":["Pandora\u0027s Box","Cursed Key"],"picked":"Nuclear Battery"}],"items_purged_floors":[],"is_endless":false,"potions_floor_spawned":[1,2,8,11,16],"killed_by":"2 Thieves","ascension_level":20}