{"gold_per_floor":[112,59,70,80,94,94,120,120,120,132,187,22,22,22,22,22],"floor_reached":16,"playtime":621,"items_purged":[],"score":190,"play_id":"68cc10c3-c42e-4740-8864-202df309d006","local_time":"20190215212052","is_ascension_mode":true,"campfire_choices":[{"data":"Armaments","floor":6.0,"key":"SMITH"},{"floor":8.0,"key":"REST"},{"data":"Evolve","floor":15.0,"key":"SMITH"}],"neow_cost":"NONE","seed_source_timestamp":175000078969622,"circlet_count":0,"master_deck":["AscendersBane","Strike_R","Strike_R","Strike_R","Strike_R","Strike_R","Defend_R","Defend_R","Defend_R","Defend_R","Bash","Shrug It Off","True Grit","Battle Trance","Clothesline","Armaments+1","Ghostly Armor","Offering","Evolve+1"],"special_seed":0,"relics":["Burning Blood","Juzu Bracelet","Torii","Magic Flower"],"potions_floor_usage":[16],"damage_taken":[{"damage":7.0,"enemies":"Cultist","floor":1.0,"turns":4.0},{"damage":3.0,"enemies":"2 Louse","floor":3.0,"turns":4.0},{"damage":0.0,"enemies":"Jaw Worm","floor":4.0,"turns":4.0},{"damage":7.0,"enemies":"2 Fungi Beasts","floor":5.0,"turns":4.0},{"damage":58.0,"enemies":"Gremlin Nob","floor":7.0,"turns":6.0},{"damage":1.0,"enemies":"Looter","floor":10.0,"turns":4.0},{"damage":55,"enemies":"Slime Boss","floor":16,"turns":11}],"seed_played":"2884410673129368267","potions_obtained":[{"floor":4.0,"key":"Energy Potion"},{"floor":10.0,"key":"Swift Potion"}],"is_trial":false,"path_per_floor":["M","$","M","M","M","R","E","R","T","M","?","$","?","$","R","B"],"character_chosen":"IRONCLAD","items_purchased":["True Grit","Offering","Evolve"],"campfire_rested":1,"item_purchase_floors":[2,12,12],"current_hp_per_floor":[67,67,70,75,74,74,22,44,44,52,52,52,52,52,52,0],"gold":22,"neow_bonus":"RANDOM_COMMON_RELIC","is_prod":false,"is_daily":false,"chose_seed":false,"campfire_upgraded":2,"win_rate":0,"timestamp":1550283652,"path_taken":["M","?","M","M","M","R","E","R","T","M","?","?","?","$","R","BOSS"],"build_version":"2019-02-06","purchased_purges":0,"victory":false,"max_hp_per_floor":[75,75,75,75,75,75,75,75,75,75,75,75,75,75,75,75],"card_choices":[{"not_picked":["True Grit","Sever Soul"],"picked":"Shrug It Off","floor":1.0},{"not_picked":["Body Slam","Shrug It Off"],"picked":"Battle Trance","floor":3.0},{"not_picked":["Heavy Blade","Pommel Strike"],"picked":"Clothesline","floor":4.0},{"not_picked":["Iron Wave","Clothesline"],"picked":"Armaments","floor":5.0},{"not_picked":["Sever Soul","Heavy Blade","Clothesline"],"picked":"SKIP","floor":7.0},{"not_picked":["Heavy Blade","Cleave"],"picked":"Ghostly Armor","floor":10.0}],"player_experience":976825,"relics_obtained":[{"floor":7.0,"key":"Torii"},{"floor":9.0,"key":"Magic Flower"}],"event_choices":[{"damage_healed":0.0,"max_hp_gain":0.0,"max_hp_loss":0.0,"gold_gain":55.0,"event_name":"Golden Wing","player_choice":"Gained Gold","floor":11.0,"gold_loss":0.0,"damage_taken":0.0},{"damage_healed":0.0,"max_hp_gain":0.0,"max_hp_loss":0.0,"gold_gain":0.0,"event_name":"The Cleric","player_choice":"Leave","floor":13.0,"gold_loss":0.0,"damage_taken":0.0}],"is_beta":true,"boss_relics":[],"items_purged_floors":[],"is_endless":false,"potions_floor_spawned":[4,10],"killed_by":"Slime Boss","ascension_level":18}