{"gold_per_floor":[110,122,142,157,157,157,171,171,218,234,246,276,288,351,351,423,423,434,434,445,445,476,511,561,561,585,585,596,613,630,650,650,650],"floor_reached":33,"playtime":1910,"items_purged":[],"score":532,"play_id":"6a2c58f6-518b-4243-81ef-2193ca02ab1b","local_time":"20190221160756","is_ascension_mode":true,"campfire_choices":[{"floor":6.0,"key":"REST"},{"data":"Leg Sweep","floor":8.0,"key":"SMITH"},{"data":"Footwork","floor":15.0,"key":"SMITH"},{"floor":25,"key":"REST"},{"floor":27,"key":"REST"},{"data":"Footwork","floor":32,"key":"SMITH"}],"neow_cost":"TEN_PERCENT_HP_LOSS","seed_source_timestamp":673300487536988,"circlet_count":0,"master_deck":["AscendersBane","Defend_G+1","Defend_G","Defend_G","Defend_G","Defend_G","Strike_G","Strike_G","Strike_G+1","Strike_G","Strike_G","Survivor","Neutralize","Adrenaline","Dagger Throw","Leg Sweep+1","Footwork+1","Catalyst","Dash","Cloak And Dagger","Terror","Footwork+1","Escape Plan","Corpse Explosion","Prepared","Escape Plan","Dodge and Roll","Grand Finale","Well Laid Plans","PiercingWail"],"special_seed":0,"relics":["Ring of the Snake","Bag of Preparation","Mercury Hourglass","Busted Crown","Red Mask","Bronze Scales","Oddly Smooth Stone"],"potions_floor_usage":[33,33],"damage_taken":[{"damage":0.0,"enemies":"2 Louse","floor":1.0,"turns":3.0},{"damage":7.0,"enemies":"Jaw Worm","floor":2.0,"turns":5.0},{"damage":0.0,"enemies":"Cultist","floor":3.0,"turns":5.0},{"damage":7.0,"enemies":"Large Slime","floor":4.0,"turns":12.0},{"damage":12.0,"enemies":"Looter","floor":7.0,"turns":3.0},{"damage":0.0,"enemies":"Exordium Thugs","floor":10.0,"turns":5.0},{"damage":8.0,"enemies":"Lots of Slimes","floor":11.0,"turns":7.0},{"damage":3.0,"enemies":"3 Sentries","floor":12.0,"turns":12.0},{"damage":3.0,"enemies":"Blue Slaver","floor":13.0,"turns":4.0},{"damage":10.0,"enemies":"Slime Boss","floor":16.0,"turns":11.0},{"damage":8.0,"enemies":"Spheric Guardian","floor":18.0,"turns":8.0},{"damage":14.0,"enemies":"2 Thieves","floor":20.0,"turns":3.0},{"damage":0.0,"enemies":"Masked Bandits","floor":22.0,"turns":2.0},{"damage":21.0,"enemies":"Slavers","floor":23.0,"turns":5.0},{"damage":6,"enemies":"Snake Plant","floor":28,"turns":4},{"damage":6,"enemies":"Sentry and Sphere","floor":29,"turns":9},{"damage":0,"enemies":"Centurion and Healer","floor":30,"turns":7},{"damage":2,"enemies":"Shelled Parasite and Fungi","floor":31,"turns":5},{"damage":33,"enemies":"Champ","floor":33,"turns":10}],"seed_played":"3709053552660613941","potions_obtained":[{"floor":2.0,"key":"Strength Potion"},{"floor":7.0,"key":"Swift Potion"},{"floor":10.0,"key":"Block Potion"},{"floor":12.0,"key":"Strength Potion"},{"floor":20.0,"key":"Poison Potion"},{"floor":22.0,"key":"Swift Potion"},{"floor":23.0,"key":"Fire Potion"},{"floor":31,"key":"FearPotion"}],"is_trial":false,"path_per_floor":["M","M","M","M","?","R","M","R","T","M","M","E","M","?","R","B",null,"M","?","M","?","?","E","?","R","T","R","M","M","M","M","R","B"],"character_chosen":"THE_SILENT","items_purchased":[],"campfire_rested":3,"item_purchase_floors":[],"current_hp_per_floor":[59,52,52,45,27,45,33,33,33,33,25,22,19,19,19,9,47,39,39,25,25,25,4,4,22,22,40,34,28,28,26,26,0],"gold":650,"neow_bonus":"THREE_RARE_CARDS","is_prod":false,"is_daily":false,"chose_seed":false,"campfire_upgraded":3,"win_rate":0,"timestamp":1550783276,"path_taken":["M","M","M","M","?","R","M","R","T","M","M","E","M","?","R","BOSS","M","?","?","?","?","E","?","R","T","R","M","M","M","?","R","BOSS"],"build_version":"2019-02-06","purchased_purges":0,"victory":false,"max_hp_per_floor":[60,60,60,60,60,60,60,60,60,60,60,60,60,60,60,60,60,60,60,60,60,60,60,60,60,60,60,60,60,60,60,60,60],"card_choices":[{"not_picked":["Night Terror","Die Die Die"],"picked":"Adrenaline","floor":0.0},{"not_picked":["Poisoned Stab","Quick Slash"],"picked":"Dagger Throw","floor":1.0},{"not_picked":["Outmaneuver","Slice"],"picked":"Leg Sweep","floor":2.0},{"not_picked":["Riddle With Holes","Deflect"],"picked":"Footwork","floor":3.0},{"not_picked":["Acrobatics","Sucker Punch"],"picked":"Catalyst","floor":4.0},{"not_picked":["Prepared","Skewer"],"picked":"Dash","floor":7.0},{"not_picked":["Dagger Spray","Blade Dance"],"picked":"Cloak And Dagger","floor":10.0},{"not_picked":["Outmaneuver","Endless Agony"],"picked":"Terror","floor":11.0},{"not_picked":["Bane","Terror"],"picked":"Footwork","floor":12.0},{"not_picked":["Predator","Skewer"],"picked":"Escape Plan","floor":13.0},{"not_picked":["Glass Knife","Night Terror"],"picked":"Corpse Explosion","floor":16.0},{"not_picked":[],"picked":"Prepared","floor":18.0},{"not_picked":["Slice"],"picked":"SKIP","floor":20.0},{"not_picked":[],"picked":"Grand Finale","floor":23.0},{"not_picked":["Dagger Throw"],"picked":"SKIP","floor":28},{"not_picked":[],"picked":"Well Laid Plans","floor":29},{"not_picked":["Flying Knee"],"picked":"SKIP","floor":30},{"not_picked":[],"picked":"PiercingWail","floor":31}],"player_experience":1000645,"relics_obtained":[{"floor":9.0,"key":"Bag of Preparation"},{"floor":12.0,"key":"Mercury Hourglass"},{"floor":22.0,"key":"Red Mask"},{"floor":23.0,"key":"Bronze Scales"},{"floor":26,"key":"Oddly Smooth Stone"}],"event_choices":[{"damage_healed":0.0,"max_hp_gain":0.0,"max_hp_loss":0.0,"gold_gain":0.0,"event_name":"Shining Light","player_choice":"Entered Light","floor":5.0,"gold_loss":0.0,"damage_taken":18.0,"cards_upgraded":["Strike_G","Defend_G"]},{"damage_healed":0.0,"max_hp_gain":0.0,"max_hp_loss":0.0,"gold_gain":63.0,"event_name":"Golden Wing","player_choice":"Gained Gold","floor":14.0,"gold_loss":0.0,"damage_taken":0.0},{"damage_healed":0.0,"max_hp_gain":0.0,"max_hp_loss":0.0,"gold_gain":0.0,"event_name":"Match and Keep!","player_choice":"2 cards matched","floor":19.0,"gold_loss":0.0,"damage_taken":0.0,"cards_obtained":["Escape Plan","Dodge and Roll"]},{"damage_healed":0.0,"max_hp_gain":0.0,"max_hp_loss":0.0,"gold_gain":0.0,"event_name":"Cursed Tome","player_choice":"Ignored","floor":21.0,"gold_loss":0.0,"damage_taken":0.0},{"damage_healed":0.0,"max_hp_gain":0.0,"max_hp_loss":0.0,"gold_gain":0.0,"event_name":"Masked Bandits","player_choice":"Fought Bandits","floor":22.0,"gold_loss":0.0,"damage_taken":0.0},{"damage_healed":0,"gold_gain":100,"player_choice":"Bet on Murderer","damage_taken":0,"max_hp_gain":0,"max_hp_loss":0,"event_name":"The Joust","floor":24,"gold_loss":50}],"is_beta":true,"boss_relics":[{"not_picked":["Ectoplasm","Velvet Choker"],"picked":"Busted Crown"}],"items_purged_floors":[],"is_endless":false,"potions_floor_spawned":[2,7,10,12,13,20,22,23,31],"killed_by":"Champ","ascension_level":19}