{"gold_per_floor":[212,212,268,278,21,48,48,64,64,79,95,95,114,124,124,220,220,240,254,254,1,1,1,15,42,119,139,150,150,162,162,162,263,293,308,278,29,29,48,48,83,83,83,83,0,18,44,76,76,76],"floor_reached":50,"playtime":4014,"items_purged":[],"score":547,"play_id":"840468b1-1985-4c3e-b7cc-2f432118f083","local_time":"20180627213330","is_ascension_mode":false,"campfire_choices":[{"floor":7.0,"key":"REST"},{"data":"Havoc","floor":12.0,"key":"SMITH"},{"data":"Whirlwind","floor":15.0,"key":"SMITH"},{"data":"Bludgeon","floor":23.0,"key":"SMITH"},{"data":"Searing Blow","floor":29.0,"key":"SMITH"},{"data":"Writhe","floor":32.0,"key":"PURGE"},{"data":"Searing Blow+1","floor":40.0,"key":"SMITH"},{"data":"Uppercut","floor":42,"key":"SMITH"},{"data":"Body Slam","floor":44,"key":"SMITH"},{"data":"Anger","floor":49,"key":"SMITH"}],"neow_cost":"","seed_source_timestamp":0,"circlet_count":0,"master_deck":["Strike_R","Strike_R","Strike_R","Strike_R","Strike_R+1","Defend_R","Defend_R","Defend_R+1","Defend_R","Bash+1","Iron Wave","Sword Boomerang","Uppercut+1","Havoc+1","True Grit","Blood for Blood","Whirlwind+1","Sentinel+1","Clash","Body Slam+1","Bludgeon+1","Rupture+1","Havoc+1","Inflame","Double Tap+1","Bloodletting+1","Searing Blow+2","Shrug It Off+1","Reaper","Anger+1","Second Wind+1","Dark Shackles+1","Blind+1","Anger+1","Wild Strike+1","Entrench+1","Dual Wield+1"],"special_seed":0,"relics":["Burning Blood","Anchor","Magic Flower","Toxic Egg 2","Coffee Dripper","Enchiridion","Bag of Preparation","Bronze Scales","Dodecahedron","Peace Pipe","Tiny House","Meat on the Bone","Happy Flower","Paper Frog","Red Mask","Omamori","Thread and Needle"],"potions_floor_usage":[41,41,41,46,48],"damage_taken":[{"damage":2.0,"enemies":"2 Louse","floor":1.0,"turns":3.0},{"damage":2.0,"enemies":"Small Slimes","floor":4.0,"turns":3.0},{"damage":55.0,"enemies":"Lagavulin","floor":6.0,"turns":9.0},{"damage":2.0,"enemies":"Jaw Worm","floor":8.0,"turns":6.0},{"damage":2.0,"enemies":"Blue Slaver","floor":10.0,"turns":4.0},{"damage":0.0,"enemies":"3 Louse","floor":11.0,"turns":2.0},{"damage":0.0,"enemies":"Looter","floor":13.0,"turns":4.0},{"damage":0.0,"enemies":"Gremlin Gang","floor":14.0,"turns":2.0},{"damage":39.0,"enemies":"Hexaghost","floor":16.0,"turns":9.0},{"damage":0.0,"enemies":"Chosen","floor":18.0,"turns":4.0},{"damage":8.0,"enemies":"2 Thieves","floor":19.0,"turns":4.0},{"damage":9.0,"enemies":"Snake Plant","floor":24.0,"turns":3.0},{"damage":17.0,"enemies":"Gremlin Leader","floor":25.0,"turns":7.0},{"damage":14.0,"enemies":"3 Cultists","floor":27.0,"turns":4.0},{"damage":3.0,"enemies":"Centurion and Healer","floor":28.0,"turns":5.0},{"damage":11.0,"enemies":"Snecko","floor":30.0,"turns":3.0},{"damage":44.0,"enemies":"Champ","floor":33.0,"turns":11.0},{"damage":26.0,"enemies":"3 Darklings","floor":35.0,"turns":3.0},{"damage":16.0,"enemies":"Orb Walker","floor":39.0,"turns":3.0},{"damage":46,"enemies":"Nemesis","floor":41,"turns":7},{"damage":55,"enemies":"Sphere and 2 Shapes","floor":46,"turns":5},{"damage":14,"enemies":"2 Orb Walkers","floor":48,"turns":4},{"damage":85,"enemies":"Donu and Deca","floor":50,"turns":9}],"seed_played":"-6227974251473544738","potions_obtained":[{"floor":6.0,"key":"Dexterity Potion"},{"floor":10.0,"key":"LiquidBronze"},{"floor":13.0,"key":"FearPotion"},{"floor":18.0,"key":"LiquidBronze"},{"floor":24.0,"key":"Block Potion"},{"floor":28.0,"key":"Energy Potion"},{"floor":33.0,"key":"Poison Potion"},{"floor":34.0,"key":"FearPotion"},{"floor":36.0,"key":"EssenceOfSteel"},{"floor":36.0,"key":"Strength Potion"},{"floor":41,"key":"PowerPotion"},{"floor":46,"key":"Block Potion"}],"is_trial":false,"path_per_floor":["M","?","?","M","$","E","R","M","T","M","M","R","M","M","R","B",null,"M","M","?","$","?","R","M","E","T","M","M","R","M","?","R","B",null,"M","?","$","?","M","R","E","R","T","R","?","M","T","E","R"],"character_chosen":"IRONCLAD","items_purchased":["Uppercut","Anchor","Havoc","Fruit Juice","Bag of Preparation","Meat on the Bone"],"campfire_rested":1,"item_purchase_floors":[],"current_hp_per_floor":[80,64,64,68,68,19,43,50,50,57,66,66,75,80,80,50,80,80,80,64,69,69,69,69,61,61,56,62,62,60,60,60,25,90,73,73,73,68,70,70,69,69,69,69,69,53,53,72,72,0],"gold":76,"neow_bonus":"","is_prod":false,"is_daily":false,"chose_seed":false,"campfire_upgraded":8,"win_rate":0.0,"timestamp":1530149610,"path_taken":["M","?","?","?","$","E","R","M","T","M","M","R","M","M","R","BOSS","M","M","?","$","?","R","M","E","T","M","M","R","?","?","R","BOSS","M","?","?","?","M","R","E","R","T","R","?","?","?","E","R","BOSS"],"build_version":"2018-06-21v2","purchased_purges":0,"victory":false,"max_hp_per_floor":[80,80,80,80,80,80,80,80,80,80,80,80,80,80,80,80,80,80,80,80,85,85,85,85,85,85,85,85,85,85,85,85,85,90,90,90,90,90,90,90,90,90,90,90,90,90,90,90,90,90],"card_choices":[{"not_picked":["Blood for Blood","Twin Strike"],"picked":"Iron Wave","floor":1.0},{"not_picked":["Dual Wield","Sever Soul"],"picked":"Sword Boomerang","floor":4.0},{"not_picked":["Anger","Thunderclap"],"picked":"True Grit","floor":6.0},{"not_picked":["True Grit","Rage"],"picked":"Blood for Blood","floor":8.0},{"not_picked":["Anger","Feel No Pain"],"picked":"Whirlwind","floor":10.0},{"not_picked":["Intimidate+1","Pommel Strike"],"picked":"Sentinel+1","floor":11.0},{"not_picked":["Clothesline","Rupture"],"picked":"Clash","floor":13.0},{"not_picked":["Clothesline","Demon Form"],"picked":"Body Slam","floor":14.0},{"not_picked":["Exhume+1","Feed"],"picked":"Bludgeon","floor":16.0},{"not_picked":["True Grit+1","Perfected Strike"],"picked":"Rupture+1","floor":18.0},{"not_picked":["Body Slam","Thunderclap"],"picked":"Havoc+1","floor":19.0},{"not_picked":["Headbutt","Heavy Blade"],"picked":"Inflame","floor":24.0},{"not_picked":["Whirlwind","Pommel Strike"],"picked":"Double Tap+1","floor":25.0},{"not_picked":["Pommel Strike","Heavy Blade"],"picked":"Bloodletting+1","floor":27.0},{"not_picked":["Heavy Blade","Demon Form"],"picked":"Searing Blow","floor":28.0},{"not_picked":["Evolve","Anger+1"],"picked":"Shrug It Off+1","floor":30.0},{"not_picked":["Bludgeon","Dark Embrace"],"picked":"Reaper","floor":33.0},{"not_picked":["Bloodletting+1","Twin Strike"],"picked":"Anger","floor":34.0},{"not_picked":["Shrug It Off+1","Warcry+1"],"picked":"Second Wind+1","floor":35.0},{"not_picked":["Jack Of All Trades+1","Secret Technique+1"],"picked":"Dark Shackles+1","floor":38.0},{"not_picked":["Jack Of All Trades+1","Mind Blast"],"picked":"Blind+1","floor":38.0},{"not_picked":["Sword Boomerang+1","Warcry+1"],"picked":"Anger+1","floor":39.0},{"not_picked":["Heavy Blade+1","Sever Soul"],"picked":"Wild Strike+1","floor":41},{"not_picked":["Fire Breathing+1","Perfected Strike"],"picked":"Entrench+1","floor":46},{"not_picked":["Uppercut+1","Power Through+1"],"picked":"Dual Wield+1","floor":48}],"player_experience":68026,"relics_obtained":[{"floor":6.0,"key":"Magic Flower"},{"floor":9.0,"key":"Toxic Egg 2"},{"floor":20.0,"key":"Enchiridion"},{"floor":25.0,"key":"Bronze Scales"},{"floor":26.0,"key":"Dodecahedron"},{"floor":41,"key":"Happy Flower"},{"floor":43,"key":"Paper Frog"},{"floor":47,"key":"Omamori"},{"floor":48,"key":"Thread and Needle"}],"event_choices":[{"event_name":"Shining Light","player_choice":"Entered Light","floor":2.0,"damage_taken":0.0},{"event_name":"Golden Wing","player_choice":"Gained Gold","floor":3.0,"damage_taken":0.0},{"event_name":"Cursed Tome","player_choice":"Obtained Book","floor":20.0,"damage_taken":0.0},{"event_name":"Beggar","player_choice":"Ignored","floor":22.0,"damage_taken":0.0},{"event_name":"The Mausoleum","player_choice":"Yes","floor":31.0,"damage_taken":0.0},{"event_name":"The Woman in Blue","player_choice":"Bought 2 Potions","floor":36.0,"damage_taken":0.0},{"event_name":"SensoryStone","player_choice":"Memory 2","floor":38.0,"damage_taken":0.0},{"event_name":"Tomb of Lord Red Mask","player_choice":"Paid","floor":45,"damage_taken":0}],"boss_relics":[{"not_picked":["Lizard Tail","Cursed Key"],"picked":"Coffee Dripper"},{"not_picked":["Empty Cage","White Beast Statue"],"picked":"Tiny House"}],"items_purged_floors":[],"is_endless":false,"potions_floor_spawned":[6,10,13,18,24,28,33,41,46],"killed_by":"Donu and Deca","ascension_level":0}