{"gold_per_floor":[109,124,124,124,124,157,57,57,57,77,89,104,15,30,30,126,126,126],"floor_reached":18,"playtime":3335,"items_purged":["Strike_G"],"score":237,"play_id":"30751e20-4d9d-4478-87c9-ee9e3cc91414","local_time":"20190623212649","is_ascension_mode":false,"campfire_choices":[{"data":"Die Die Die","floor":8.0,"key":"SMITH"},{"data":"Dodge and Roll","floor":15.0,"key":"SMITH"}],"neow_cost":"NONE","seed_source_timestamp":0,"circlet_count":0,"master_deck":["Defend_G","Defend_G","Defend_G","Defend_G","Defend_G+1","Strike_G","Strike_G+1","Strike_G","Survivor","Neutralize","Backflip","Deadly Poison","Blur","Die Die Die+1","Outmaneuver","Footwork","Slice","Slice","Footwork","Dodge and Roll+1","A Thousand Cuts"],"special_seed":0,"relics":["Ring of the Snake","NeowsBlessing","Ginger","Ninja Scroll","WristBlade"],"potions_floor_usage":[],"damage_taken":[{"damage":0.0,"enemies":"2 Louse","floor":1.0,"turns":1.0},{"damage":0.0,"enemies":"Jaw Worm","floor":2.0,"turns":1.0},{"damage":0.0,"enemies":"3 Sentries","floor":6.0,"turns":1.0},{"damage":0.0,"enemies":"Small Slimes","floor":10.0,"turns":1.0},{"damage":0.0,"enemies":"Gremlin Gang","floor":11.0,"turns":4.0},{"damage":0.0,"enemies":"Red Slaver","floor":12.0,"turns":4.0},{"damage":0.0,"enemies":"Exordium Wildlife","floor":14.0,"turns":1.0},{"damage":0.0,"enemies":"The Guardian","floor":16.0,"turns":16.0},{"damage":0,"enemies":"2 Thieves","floor":18,"turns":1}],"seed_played":"2955999704606102905","potions_obtained":[{"floor":2.0,"key":"FearPotion"},{"floor":12.0,"key":"GamblersBrew"},{"floor":14.0,"key":"Regen Potion"}],"is_trial":false,"path_per_floor":["M","M","?","?","?","E","$","R","T","M","M","M","$","M","R","B",null,"M"],"character_chosen":"THE_SILENT","items_purchased":["Outmaneuver","Slice","Footwork"],"campfire_rested":0,"item_purchase_floors":[7,13,13],"current_hp_per_floor":[70,70,56,56,56,56,56,56,56,56,56,56,56,56,56,56,70,70],"gold":126,"neow_bonus":"THREE_ENEMY_KILL","is_prod":false,"is_daily":false,"chose_seed":false,"campfire_upgraded":2,"win_rate":0,"timestamp":1561339609,"path_taken":["M","M","?","?","?","E","$","R","T","M","M","M","?","M","R","BOSS","M"],"build_version":"2019-01-23","purchased_purges":1,"victory":false,"max_hp_per_floor":[70,70,70,70,70,70,70,70,70,70,70,70,70,70,70,70,70,70],"card_choices":[{"not_picked":["Cloak And Dagger","Prepared"],"picked":"Backflip","floor":1.0},{"not_picked":["Well Laid Plans","Dodge and Roll"],"picked":"Deadly Poison","floor":2.0},{"not_picked":["Blade Dance","Dagger Spray"],"picked":"Die Die Die","floor":6.0},{"not_picked":["Slice","Underhanded Strike"],"picked":"Footwork","floor":10.0},{"not_picked":["Underhanded Strike","Riddle With Holes","Outmaneuver"],"picked":"SKIP","floor":11.0},{"not_picked":["Outmaneuver","Escape Plan"],"picked":"Slice","floor":12.0},{"not_picked":["PiercingWail","Backflip"],"picked":"Dodge and Roll","floor":14.0},{"not_picked":["Glass Knife","Die Die Die"],"picked":"A Thousand Cuts","floor":16.0}],"player_experience":474759,"relics_obtained":[{"floor":6.0,"key":"Ginger"},{"floor":9.0,"key":"Ninja Scroll"}],"event_choices":[{"damage_healed":0.0,"max_hp_gain":0.0,"max_hp_loss":0.0,"gold_gain":0.0,"event_name":"Shining Light","player_choice":"Entered Light","floor":3.0,"gold_loss":0.0,"damage_taken":14.0,"cards_upgraded":["Defend_G","Strike_G"]},{"damage_healed":0.0,"max_hp_gain":0.0,"max_hp_loss":0.0,"gold_gain":0.0,"event_name":"Scrap Ooze","player_choice":"Fled","floor":4.0,"gold_loss":0.0,"damage_taken":0.0},{"damage_healed":0.0,"max_hp_gain":0.0,"max_hp_loss":0.0,"gold_gain":0.0,"cards_transformed":["Strike_G"],"event_name":"Living Wall","player_choice":"Change","floor":5.0,"gold_loss":0.0,"damage_taken":0.0,"cards_obtained":["Blur"]}],"is_beta":false,"boss_relics":[{"not_picked":["Runic Pyramid","Empty Cage"],"picked":"WristBlade"}],"items_purged_floors":[7],"is_endless":false,"potions_floor_spawned":[2,12,14],"killed_by":"2 Thieves","ascension_level":0}