{"gold_per_floor":[117,129,129,144,134,134,134,144,144,158,175,209,223,250,250,352,352,339,352,366,384,384],"floor_reached":22,"playtime":3129,"items_purged":[],"score":254,"play_id":"1ace878f-c209-429d-b898-94caa6d28f4f","local_time":"20180915123922","is_ascension_mode":false,"campfire_choices":[{"data":"Barricade","floor":6,"key":"SMITH"},{"floor":15,"key":"REST"}],"neow_cost":"NONE","seed_source_timestamp":355479677950508,"circlet_count":0,"master_deck":["Strike_R","Strike_R","Strike_R","Strike_R","Strike_R","Defend_R","Defend_R","Defend_R","Defend_R","Bash","Barricade+1","Pommel Strike","Pommel Strike","Shrug It Off","Armaments","Anger","Rage","Perfected Strike","Intimidate","Heavy Blade","Armaments","Bludgeon","Thunderclap","Pommel Strike","Flame Barrier","Flex+1"],"relics":["Burning Blood","Kunai","Bag of Preparation","StoneCalendar","Black Star"],"potions_floor_usage":[10,11,12,14,16,20,22,22,22],"damage_taken":[{"damage":4,"enemies":"2 Louse","floor":1,"turns":4},{"damage":10,"enemies":"Small Slimes","floor":2,"turns":5},{"damage":5,"enemies":"Jaw Worm","floor":4,"turns":4},{"damage":14,"enemies":"Exordium Thugs","floor":5,"turns":4},{"damage":12,"enemies":"3 Louse","floor":8,"turns":7},{"damage":14,"enemies":"2 Fungi Beasts","floor":10,"turns":4},{"damage":3,"enemies":"Exordium Wildlife","floor":11,"turns":7},{"damage":12,"enemies":"3 Sentries","floor":12,"turns":9},{"damage":8,"enemies":"Large Slime","floor":13,"turns":8},{"damage":36,"enemies":"Gremlin Nob","floor":14,"turns":6},{"damage":0,"enemies":"Slime Boss","floor":16,"turns":15},{"damage":17,"enemies":"2 Thieves","floor":18,"turns":4},{"damage":31,"enemies":"Spheric Guardian","floor":19,"turns":7},{"damage":33,"enemies":"Snecko","floor":20,"turns":6},{"damage":3,"enemies":"Centurion and Healer","floor":21,"turns":9},{"damage":23,"enemies":"Snake Plant","floor":22,"turns":4}],"seed_played":"2813562931360409954","potions_obtained":[{"floor":2,"key":"Ancient Potion"},{"floor":4,"key":"EssenceOfSteel"},{"floor":5,"key":"Energy Potion"},{"floor":10,"key":"LiquidBronze"},{"floor":13,"key":"Weak Potion"},{"floor":16,"key":"EntropicBrew"},{"floor":18,"key":"Dexterity Potion"},{"floor":20,"key":"Energy Potion"}],"is_trial":false,"path_per_floor":["M","M","?","M","M","R","$","M","T","M","M","E","M","E","R","B",null,"M","M","M","M"],"character_chosen":"IRONCLAD","items_purchased":[],"campfire_rested":1,"item_purchase_floors":[],"current_hp_per_floor":[80,76,76,77,69,69,69,63,63,55,58,52,50,20,44,50,80,69,44,17,20,0],"gold":384,"neow_bonus":"ONE_RANDOM_RARE_CARD","is_prod":false,"is_daily":false,"chose_seed":false,"campfire_upgraded":1,"win_rate":0.0,"timestamp":1537033162,"path_taken":["M","M","?","M","M","R","$","M","T","M","M","E","M","E","R","BOSS","M","M","M","M","M"],"build_version":"2018-09-06","purchased_purges":0,"victory":false,"max_hp_per_floor":[80,80,80,80,80,80,80,80,80,80,80,80,80,80,80,80,80,80,80,80,80,80],"card_choices":[{"not_picked":["Armaments","Rupture"],"picked":"Pommel Strike","floor":1},{"not_picked":["True Grit","Clothesline"],"picked":"Pommel Strike","floor":2},{"not_picked":["Dual Wield","Armaments"],"picked":"Shrug It Off","floor":4},{"not_picked":["Battle Trance","Fire Breathing"],"picked":"Armaments","floor":5},{"not_picked":["Rupture","Shrug It Off"],"picked":"Anger","floor":8},{"not_picked":["Body Slam","Impervious"],"picked":"Rage","floor":10},{"not_picked":["Searing Blow","Flex"],"picked":"Perfected Strike","floor":11},{"not_picked":["Headbutt","Body Slam"],"picked":"Intimidate","floor":12},{"not_picked":["Flame Barrier","Inflame"],"picked":"Heavy Blade","floor":13},{"not_picked":["Body Slam","Shrug It Off"],"picked":"Armaments","floor":14},{"not_picked":["Brutality","Barricade"],"picked":"Bludgeon","floor":16},{"not_picked":["Inflame","Feel No Pain"],"picked":"Thunderclap","floor":18},{"not_picked":["Body Slam","Intimidate+1"],"picked":"Pommel Strike","floor":19},{"not_picked":["Hemokinesis","Warcry"],"picked":"Flame Barrier","floor":20},{"not_picked":["Rupture","Clash"],"picked":"Flex+1","floor":21}],"player_experience":6953,"relics_obtained":[{"floor":9,"key":"Kunai"},{"floor":12,"key":"Bag of Preparation"},{"floor":14,"key":"StoneCalendar"}],"event_choices":[{"event_name":"Golden Wing","player_choice":"Ignored","floor":3,"damage_taken":0}],"is_beta":false,"boss_relics":[{"not_picked":["Astrolabe","Cursed Key"],"picked":"Black Star"}],"items_purged_floors":[],"is_endless":false,"potions_floor_spawned":[2,4,5,10,13,16,18,20],"killed_by":"Snake Plant","ascension_level":0}