{"gold_per_floor":[109,120,120,120,135,161,179,109,109,109,141,154,166,185,185,185],"floor_reached":16,"playtime":687,"items_purged":[],"score":120,"play_id":"a7b2e58c-f903-484e-bf48-cd6e29cf626a","local_time":"20190507221256","is_ascension_mode":true,"campfire_choices":[{"floor":15,"key":"RECALL"}],"neow_cost":"NONE","seed_source_timestamp":96891278530218,"circlet_count":0,"master_deck":["Strike_R","Strike_R","Strike_R","Strike_R","Strike_R","Defend_R","Defend_R","Defend_R","Defend_R","Bash","Intimidate","Anger","Twin Strike","Flex","Inflame","Entrench","Perfected Strike","Spot Weakness","Shrug It Off"],"relics":["Sozu","Boot","Dodecahedron"],"potions_floor_usage":[],"damage_taken":[{"damage":7,"enemies":"2 Louse","floor":1,"turns":2},{"damage":3,"enemies":"Jaw Worm","floor":2,"turns":2},{"damage":1,"enemies":"Cultist","floor":5,"turns":3},{"damage":31,"enemies":"Gremlin Nob","floor":6,"turns":5},{"damage":8,"enemies":"3 Louse","floor":7,"turns":3},{"damage":18,"enemies":"Lagavulin","floor":11,"turns":4},{"damage":2,"enemies":"Blue Slaver","floor":12,"turns":3},{"damage":6,"enemies":"Exordium Wildlife","floor":13,"turns":4},{"damage":5,"enemies":"Looter","floor":14,"turns":2},{"damage":57,"enemies":"The Guardian","floor":16,"turns":9}],"seed_played":"-2984160406409422020","potions_obtained":[],"is_trial":false,"path_per_floor":["M","M","?","?","M","E","M","$","T","?","E","M","M","M","R","B"],"character_chosen":"IRONCLAD","items_purchased":["Inflame"],"campfire_rested":0,"item_purchase_floors":[8],"current_hp_per_floor":[73,70,75,75,74,43,35,35,35,85,67,65,59,54,54,0],"gold":185,"neow_bonus":"BOSS_RELIC","is_prod":false,"is_daily":false,"chose_seed":false,"campfire_upgraded":0,"win_rate":0,"timestamp":1557281576,"path_taken":["M","M","?","?","M","E","M","?","T","?","E","M","M","?","R","BOSS"],"build_version":"2019-01-23","purchased_purges":0,"victory":false,"max_hp_per_floor":[80,80,85,85,85,85,85,85,85,85,85,85,85,85,85,85],"card_choices":[{"not_picked":["Rage","Power Through"],"picked":"Intimidate","floor":1},{"not_picked":["Perfected Strike","Headbutt"],"picked":"Spot Weakness","floor":2},{"not_picked":["Heavy Blade","Dropkick"],"picked":"Anger","floor":5},{"not_picked":["True Grit","Clash"],"picked":"Twin Strike","floor":6},{"not_picked":["Clash","Warcry"],"picked":"Flex","floor":7},{"not_picked":["Perfected Strike","Reaper"],"picked":"Entrench","floor":11},{"not_picked":["Power Through","Body Slam"],"picked":"Perfected Strike","floor":12},{"not_picked":["Hemokinesis","Armaments"],"picked":"Spot Weakness","floor":13},{"not_picked":["Burning Pact","Feel No Pain"],"picked":"Shrug It Off","floor":14}],"player_experience":323691,"relics_obtained":[{"floor":6,"key":"Boot"},{"floor":11,"key":"Dodecahedron"}],"event_choices":[{"damage_healed":0,"gold_gain":0,"player_choice":"Donut","damage_taken":0,"max_hp_gain":5,"max_hp_loss":0,"event_name":"Big Fish","floor":3,"gold_loss":0},{"damage_healed":0,"gold_gain":0,"player_choice":"Ignored","damage_taken":0,"max_hp_gain":0,"max_hp_loss":0,"event_name":"Golden Wing","floor":4,"gold_loss":0},{"cards_removed":["Spot Weakness"],"damage_healed":50,"gold_gain":0,"player_choice":"Offered Uncommon","damage_taken":0,"max_hp_gain":0,"max_hp_loss":0,"event_name":"Bonfire Elementals","floor":10,"gold_loss":0}],"is_beta":false,"boss_relics":[],"items_purged_floors":[],"is_endless":false,"potions_floor_spawned":[1,2,11,13],"killed_by":"The Guardian","ascension_level":1}