{"gold_per_floor":[109,127,147,147,166,166,3,16,316,316,342,374,374,374,374,449,449,434,446,483,385,397],"floor_reached":22,"playtime":954,"items_purged":[],"score":353,"play_id":"6678ce06-4d5a-4299-beb0-45c32d57bbda","local_time":"20190126103652","is_ascension_mode":true,"campfire_choices":[{"data":"Footwork","floor":6.0,"key":"SMITH"},{"data":"Neutralize","floor":10.0,"key":"SMITH"},{"floor":13.0,"key":"REST"},{"floor":15.0,"key":"REST"}],"neow_cost":"NONE","seed_source_timestamp":171901647226409,"circlet_count":0,"master_deck":["AscendersBane","Defend_G","Defend_G","Defend_G","Defend_G+1","Defend_G","Survivor","Neutralize","Cloak And Dagger","Footwork+1","Heel Hook+1","Neutralize+1","Die Die Die","Quick Slash","Predator","Acrobatics","Cloak And Dagger","Grand Finale","Venomology","Doubt","Decay","Bite","Bite","Bite","Bite","Bite","PiercingWail"],"special_seed":0,"relics":["Ring of the Snake","Whetstone","Old Coin","Dream Catcher","Ninja Scroll","Calling Bell","MawBank","Pantograph","Unceasing Top","Red Mask"],"potions_floor_usage":[22],"damage_taken":[{"damage":0.0,"enemies":"Small Slimes","floor":1.0,"turns":6.0},{"damage":3.0,"enemies":"Cultist","floor":2.0,"turns":5.0},{"damage":0.0,"enemies":"Jaw Worm","floor":3.0,"turns":6.0},{"damage":0.0,"enemies":"2 Fungi Beasts","floor":5.0,"turns":3.0},{"damage":0.0,"enemies":"Large Slime","floor":8.0,"turns":6.0},{"damage":23.0,"enemies":"3 Sentries","floor":12.0,"turns":7.0},{"damage":6.0,"enemies":"Hexaghost","floor":16.0,"turns":15.0},{"damage":44.0,"enemies":"2 Thieves","floor":18.0,"turns":5.0},{"damage":27.0,"enemies":"Masked Bandits","floor":20.0,"turns":4.0},{"damage":15,"enemies":"Spheric Guardian","floor":22,"turns":3}],"seed_played":"-7483092642036462799","potions_obtained":[{"floor":1.0,"key":"SkillPotion"},{"floor":5.0,"key":"Poison Potion"}],"is_trial":false,"path_per_floor":["M","M","M","?","M","R","$","M","T","R","T","E","R","?","R","B",null,"M","?","?","?","M"],"character_chosen":"THE_SILENT","items_purchased":["Whetstone"],"campfire_rested":2,"item_purchase_floors":[7],"current_hp_per_floor":[65,62,62,62,62,62,62,62,62,62,62,39,60,60,72,66,71,27,27,8,8,0],"gold":397,"neow_bonus":"TEN_PERCENT_HP_BONUS","is_prod":false,"is_daily":false,"chose_seed":false,"campfire_upgraded":2,"win_rate":0,"timestamp":1548517012,"path_taken":["M","M","M","?","?","R","?","M","T","R","?","E","R","?","R","BOSS","M","?","?","?","M"],"build_version":"2019-01-23","purchased_purges":0,"victory":false,"max_hp_per_floor":[72,72,72,72,72,72,72,72,72,72,72,72,72,72,72,72,72,72,50,50,50,50],"card_choices":[{"not_picked":["All Out Attack","Tactician"],"picked":"Cloak And Dagger","floor":1.0},{"not_picked":["Outmaneuver","Backstab"],"picked":"Footwork","floor":2.0},{"not_picked":["Blade Dance","Slice"],"picked":"Heel Hook","floor":3.0},{"not_picked":["Poisoned Stab","All Out Attack"],"picked":"Quick Slash","floor":5.0},{"not_picked":["Bane","Prepared"],"picked":"Predator","floor":8.0},{"not_picked":["All Out Attack","Quick Slash"],"picked":"Acrobatics","floor":12.0},{"not_picked":["Eviscerate","Slice"],"picked":"Cloak And Dagger","floor":13.0},{"not_picked":["Reflex","Flechettes"],"picked":"Grand Finale","floor":15.0},{"not_picked":["Wraith Form v2","Phantasmal Killer"],"picked":"Venomology","floor":16.0},{"not_picked":["Dagger Spray","Sucker Punch","All Out Attack"],"picked":"SKIP","floor":18.0},{"not_picked":["Infinite Blades","Quick Slash"],"picked":"PiercingWail","floor":20.0}],"player_experience":866040,"relics_obtained":[{"floor":9.0,"key":"Old Coin"},{"floor":11.0,"key":"Dream Catcher"},{"floor":12.0,"key":"Ninja Scroll"},{"floor":17.0,"key":"MawBank"},{"floor":17.0,"key":"Pantograph"},{"floor":17.0,"key":"Unceasing Top"},{"floor":20.0,"key":"Red Mask"}],"event_choices":[{"damage_healed":0.0,"max_hp_gain":0.0,"max_hp_loss":0.0,"gold_gain":0.0,"event_name":"Match and Keep!","player_choice":"2 cards matched","floor":4.0,"gold_loss":0.0,"damage_taken":0.0,"cards_obtained":["Neutralize","Die Die Die"]},{"damage_healed":0.0,"max_hp_gain":0.0,"max_hp_loss":0.0,"gold_gain":0.0,"event_name":"The Cleric","player_choice":"Leave","floor":14.0,"gold_loss":0.0,"damage_taken":0.0},{"damage_healed":0.0,"max_hp_gain":0.0,"max_hp_loss":22.0,"gold_gain":0.0,"event_name":"Vampires","player_choice":"Became a vampire","floor":19.0,"gold_loss":0.0,"damage_taken":0.0,"cards_obtained":["Bite","Bite","Bite","Bite","Bite"]},{"damage_healed":0.0,"max_hp_gain":0.0,"max_hp_loss":0.0,"gold_gain":0.0,"event_name":"Masked Bandits","player_choice":"Fought Bandits","floor":20.0,"gold_loss":0.0,"damage_taken":0.0},{"cards_removed":["Regret"],"damage_healed":0.0,"max_hp_gain":0.0,"max_hp_loss":0.0,"gold_gain":0.0,"event_name":"Designer","player_choice":"Upgrade and Remove","floor":21.0,"gold_loss":110.0,"damage_taken":0.0,"cards_upgraded":["Defend_G"]}],"is_beta":true,"boss_relics":[{"not_picked":["Empty Cage","Sozu"],"picked":"Calling Bell"}],"items_purged_floors":[],"is_endless":false,"potions_floor_spawned":[1,5,12],"killed_by":"Spheric Guardian","ascension_level":16}