{"gold_per_floor":[118,129,141,141,91,91,91,104,104,117,140,140,157,177,177,273,273,289,289,229,248,265,265,285,319,319,319,52,52,52,69,69,174,174,188,188,242,189,189,220,220,239,239,239,253,9,21,32,32,32],"floor_reached":51,"playtime":3377,"items_purged":["Anger"],"score":945,"play_id":"01713ce0-eb52-4c84-a987-0d79d8f5619e","local_time":"20181202145936","is_ascension_mode":true,"campfire_choices":[{"data":"Rampage","floor":6,"key":"SMITH"},{"data":"Metallicize","floor":15,"key":"SMITH"},{"data":"Juggernaut","floor":23,"key":"SMITH"},{"data":"Armaments","floor":29,"key":"SMITH"},{"data":"Iron Wave","floor":32,"key":"SMITH"},{"floor":41,"key":"REST"},{"floor":49,"key":"REST"}],"neow_cost":"NONE","seed_source_timestamp":343355551013358,"circlet_count":0,"master_deck":["Defend_R","Defend_R","Defend_R","Defend_R","Bash+1","Rampage+1","Body Slam+1","Iron Wave+1","Metallicize+1","Exhume","Intimidate","Juggernaut+1","Clothesline+1","Double Tap","Shockwave","Metallicize+1","Armaments+1","Intimidate+1","Offering","Power Through+1","Armaments","Finesse","Armaments+1","Body Slam+1"],"relics":["Burning Blood","Red Skull","PreservedInsect","Bag of Marbles","Velvet Choker","Nilry\u0027s Codex","Paper Frog","Darkstone Periapt","Ancient Tea Set","Omamori","Empty Cage","Whetstone","Bronze Scales","Torii","HandDrill"],"potions_floor_usage":[16,22,25,25,33,33,33,45,50,50,50],"damage_taken":[{"damage":1,"enemies":"Cultist","floor":1,"turns":3},{"damage":7,"enemies":"2 Louse","floor":2,"turns":4},{"damage":3,"enemies":"Small Slimes","floor":3,"turns":4},{"damage":9,"enemies":"Red Slaver","floor":8,"turns":6},{"damage":1,"enemies":"Exordium Wildlife","floor":10,"turns":4},{"damage":1,"enemies":"Looter","floor":13,"turns":4},{"damage":6,"enemies":"Blue Slaver","floor":14,"turns":3},{"damage":29,"enemies":"The Guardian","floor":16,"turns":12},{"damage":19,"enemies":"Spheric Guardian","floor":18,"turns":4},{"damage":8,"enemies":"Shell Parasite","floor":21,"turns":5},{"damage":4,"enemies":"3 Cultists","floor":22,"turns":5},{"damage":10,"enemies":"Centurion and Healer","floor":24,"turns":5},{"damage":4,"enemies":"Slavers","floor":25,"turns":4},{"damage":5,"enemies":"Snecko","floor":31,"turns":4},{"damage":45,"enemies":"Champ","floor":33,"turns":9},{"damage":14,"enemies":"3 Shapes","floor":35,"turns":6},{"damage":37,"enemies":"Giant Head","floor":40,"turns":8},{"damage":7,"enemies":"Orb Walker","floor":42,"turns":4},{"damage":23,"enemies":"3 Darklings","floor":45,"turns":7},{"damage":18,"enemies":"Maw","floor":47,"turns":7},{"damage":7,"enemies":"Jaw Worm Horde","floor":48,"turns":4},{"damage":15,"enemies":"Donu and Deca","floor":50,"turns":8}],"seed_played":"-8620631128685216546","potions_obtained":[{"floor":1,"key":"AttackPotion"},{"floor":2,"key":"AttackPotion"},{"floor":14,"key":"Regen Potion"},{"floor":21,"key":"Explosive Potion"},{"floor":24,"key":"Energy Potion"},{"floor":25,"key":"FearPotion"},{"floor":31,"key":"LiquidBronze"},{"floor":33,"key":"GamblersBrew"},{"floor":40,"key":"Block Potion"},{"floor":47,"key":"EssenceOfSteel"},{"floor":48,"key":"PowerPotion"}],"is_trial":false,"path_per_floor":["M","M","M","?","?","R","?","M","T","M","T","?","M","M","R","B",null,"M","?","?","M","M","R","M","E","T","?","$","R","?","M","R","B",null,"M","?","T","$","?","E","R","M","T","$","M","$","M","M","R","B",null],"character_chosen":"IRONCLAD","items_purchased":["Ancient Tea Set","Dexterity Potion","Armaments","HandDrill","Swift Potion"],"campfire_rested":2,"item_purchase_floors":[28,28,38,46,46],"current_hp_per_floor":[77,76,79,72,72,72,72,69,69,74,74,79,84,84,84,61,79,66,50,50,48,50,50,46,60,60,60,60,60,66,67,67,28,75,67,67,67,67,67,36,63,62,62,62,45,45,33,32,59,50],"gold":32,"neow_bonus":"RANDOM_COMMON_RELIC","is_prod":false,"is_daily":false,"chose_seed":false,"campfire_upgraded":5,"win_rate":0,"timestamp":1543780776,"path_taken":["M","M","?","?","?","R","?","M","T","?","?","?","M","M","R","BOSS","M","?","?","M","M","R","?","E","T","?","$","R","?","M","R","BOSS","M","?","?","$","?","E","R","M","T","?","M","$","M","?","R","BOSS"],"build_version":"2018-11-15","purchased_purges":1,"victory":true,"max_hp_per_floor":[80,80,80,80,80,80,80,80,80,80,80,85,85,85,85,85,85,85,85,85,85,85,85,85,85,85,85,85,85,91,91,91,91,91,91,91,91,91,91,91,91,91,91,91,91,91,91,91,91,91],"card_choices":[{"not_picked":["Carnage","Rupture"],"picked":"Rampage","floor":1},{"not_picked":["Sword Boomerang","Perfected Strike"],"picked":"Body Slam","floor":2},{"not_picked":["Twin Strike","Havoc","Burning Pact"],"picked":"SKIP","floor":3},{"not_picked":["Thunderclap","Warcry"],"picked":"Iron Wave","floor":8},{"not_picked":["Flex","Headbutt"],"picked":"Metallicize","floor":10},{"not_picked":["Bloodletting","Clash"],"picked":"Exhume","floor":13},{"not_picked":["Pommel Strike","Wild Strike"],"picked":"Intimidate","floor":14},{"not_picked":["Dark Embrace","Berserk"],"picked":"Juggernaut","floor":16},{"not_picked":["Blood for Blood","Body Slam"],"picked":"Clothesline+1","floor":18},{"not_picked":["Iron Wave","Clothesline"],"picked":"Shockwave","floor":21},{"not_picked":["Body Slam","Uppercut"],"picked":"Metallicize+1","floor":22},{"not_picked":["Thunderclap+1","Seeing Red","Wild Strike"],"picked":"SKIP","floor":24},{"not_picked":["Anger+1","Sever Soul","Evolve+1"],"picked":"SKIP","floor":25},{"not_picked":["Evolve+1","Infernal Blade"],"picked":"Intimidate+1","floor":31},{"not_picked":["Exhume","Berserk"],"picked":"Offering","floor":33},{"not_picked":["Iron Wave","Hemokinesis+1"],"picked":"Power Through+1","floor":35},{"not_picked":["Madness","Mind Blast"],"picked":"Finesse","floor":39},{"not_picked":["Havoc","Body Slam","Hemokinesis"],"picked":"SKIP","floor":40},{"not_picked":["Headbutt","Body Slam"],"picked":"Armaments+1","floor":42},{"not_picked":["Pommel Strike+1","Burning Pact","Searing Blow+1"],"picked":"SKIP","floor":45},{"not_picked":["Clothesline","Body Slam","Heavy Blade+1"],"picked":"SKIP","floor":47},{"not_picked":["Dropkick","Havoc+1"],"picked":"Body Slam+1","floor":48}],"player_experience":568443,"relics_obtained":[{"floor":9,"key":"PreservedInsect"},{"floor":11,"key":"Bag of Marbles"},{"floor":19,"key":"Nilry\u0027s Codex"},{"floor":25,"key":"Paper Frog"},{"floor":26,"key":"Darkstone Periapt"},{"floor":37,"key":"Whetstone"},{"floor":40,"key":"Bronze Scales"},{"floor":43,"key":"Torii"}],"event_choices":[{"cards_removed":["Strike_R"],"damage_healed":0,"gold_gain":0,"player_choice":"Card Removal","damage_taken":7,"max_hp_gain":0,"max_hp_loss":0,"event_name":"Golden Wing","floor":4,"gold_loss":0},{"cards_removed":["Strike_R"],"damage_healed":0,"gold_gain":0,"player_choice":"Card Removal","damage_taken":0,"max_hp_gain":0,"max_hp_loss":0,"event_name":"The Cleric","floor":5,"gold_loss":50},{"damage_healed":0,"gold_gain":0,"player_choice":"Upgraded","damage_taken":0,"max_hp_gain":0,"max_hp_loss":0,"event_name":"Upgrade Shrine","floor":7,"gold_loss":0,"cards_upgraded":["Body Slam"]},{"damage_healed":0,"gold_gain":0,"player_choice":"Donut","damage_taken":0,"max_hp_gain":5,"max_hp_loss":0,"event_name":"Big Fish","floor":12,"gold_loss":0},{"damage_healed":0,"gold_gain":0,"player_choice":"Obtained Book","damage_taken":16,"max_hp_gain":0,"max_hp_loss":0,"event_name":"Cursed Tome","floor":19,"gold_loss":0},{"damage_healed":0,"gold_gain":0,"cards_transformed":["Strike_R","Strike_R"],"player_choice":"Transformed Cards","damage_taken":0,"max_hp_gain":0,"max_hp_loss":0,"event_name":"Designer","floor":20,"gold_loss":60,"cards_obtained":["Double Tap","Anger"]},{"damage_healed":0,"gold_gain":0,"player_choice":"Read","damage_taken":0,"max_hp_gain":0,"max_hp_loss":0,"event_name":"The Library","floor":27,"gold_loss":0,"cards_obtained":["Armaments"]},{"damage_healed":0,"gold_gain":0,"player_choice":"Opened","damage_taken":0,"relics_obtained":["Omamori"],"max_hp_gain":0,"max_hp_loss":0,"event_name":"The Mausoleum","floor":30,"gold_loss":0,"cards_obtained":["Writhe"]},{"damage_healed":0,"gold_gain":0,"player_choice":"Ignored","damage_taken":0,"max_hp_gain":0,"max_hp_loss":0,"event_name":"Tomb of Lord Red Mask","floor":36,"gold_loss":0},{"damage_healed":0,"gold_gain":0,"player_choice":"Memory 1","damage_taken":0,"max_hp_gain":0,"max_hp_loss":0,"event_name":"SensoryStone","floor":39,"gold_loss":0}],"is_beta":true,"boss_relics":[{"not_picked":["Snecko Eye","Sozu"],"picked":"Velvet Choker"},{"not_picked":["Mark of Pain","Black Blood"],"picked":"Empty Cage"}],"items_purged_floors":[28],"is_endless":false,"potions_floor_spawned":[1,2,14,21,24,25,31,33,40,47,48],"ascension_level":8}