{"path_per_floor":["M","?","M","M","?","R","?","R","T","M","E","$","M","M","R","B",null,"M","?","?","M","M","R","?","R","T","$","M","$","M","$","R","B",null,"M","M","?","M","M","R","?","R","T","R","M","R","M","$","R"],"character_chosen":"IRONCLAD","items_purchased":["Dream Catcher","Lee\u0027s Waffle"],"gold_per_floor":[117,192,211,221,171,171,171,171,171,191,223,69,85,102,102,197,197,215,130,130,140,152,152,152,152,209,3,16,16,26,26,26,126,126,144,156,156,167,183,183,0,0,0,0,14,14,31,31,31],"floor_reached":50,"campfire_rested":3,"playtime":4186,"current_hp_per_floor":[88,77,82,82,82,82,75,75,75,81,48,48,54,58,58,55,88,88,88,88,88,70,70,70,70,70,95,92,92,88,88,88,7,95,84,46,46,12,27,27,27,55,65,96,82,105,96,96,96],"items_purged":[],"gold":31,"score":464,"play_id":"6ab28a4d-29df-4420-8b25-1f86b9d75068","is_prod":false,"is_daily":false,"is_ascension_mode":true,"campfire_upgraded":8,"path_taken":["M","?","M","?","?","R","?","R","T","M","E","$","?","M","R","BOSS","M","?","?","?","M","R","?","R","T","?","M","$","M","$","R","BOSS","M","?","?","M","M","R","?","R","T","R","?","R","M","?","R","BOSS"],"build_version":"2018-02-12-PROD1","purchased_purges":1,"victory":false,"master_deck":["Strike_R","Strike_R","Defend_R","Defend_R","Defend_R","Defend_R","Bash","Seeing Red+1","Battle Trance+1","Thunderclap","Rampage+1","Dropkick","Flame Barrier+1","Fire Breathing+1","Spot Weakness+1","Double Tap+1","Metallicize+1","Shrug It Off+1","Metallicize+1","Iron Wave+1","Iron Wave+1"],"max_hp_per_floor":[88,88,88,88,88,88,88,88,88,88,88,88,88,88,88,88,88,88,88,88,88,88,88,88,88,88,95,95,95,95,95,95,95,95,95,95,95,95,95,95,95,95,105,105,105,105,105,105,105],"relics":["Burning Blood","Bag of Preparation","Centennial Puzzle","Dream Catcher","Lizard Tail","Molten Egg 2","Tiny Chest","Lee\u0027s Waffle","White Beast Statue","Red Mask","Pear"],"card_choices":[{"not_picked":["Sentinel","Body Slam"],"picked":"Seeing Red"},{"not_picked":["Twin Strike","Brutality"],"picked":"Battle Trance"},{"not_picked":["Cleave","Anger"],"picked":"Thunderclap"},{"not_picked":["Havoc","Warcry"],"picked":"Rampage"},{"not_picked":["Demon Form","Twin Strike"],"picked":"Dropkick"},{"not_picked":["True Grit","Infernal Blade"],"picked":"Flame Barrier"},{"not_picked":["Flex","Second Wind"],"picked":"Fire Breathing"},{"not_picked":["Wild Strike","Dual Wield"],"picked":"Spot Weakness"},{"not_picked":["Berserk","Bludgeon"],"picked":"Double Tap"},{"not_picked":["Perfected Strike","Cleave"],"picked":"Metallicize"},{"not_picked":["Evolve","Armaments"],"picked":"Shrug It Off"},{"not_picked":["Offering","Heavy Blade"],"picked":"Metallicize"},{"not_picked":["Ghostly Armor","Blood for Blood"],"picked":"Iron Wave"},{"not_picked":["Thunderclap","Anger"],"picked":"Iron Wave"}],"player_experience":112155,"potions_floor_usage":[16,18,33,33,33,39,39,39,50,50,50],"damage_taken":[{"damage":1,"enemies":"Small Slimes","floor":1,"turns":5},{"damage":1,"enemies":"Jaw Worm","floor":3,"turns":5},{"damage":6,"enemies":"Blue Slaver","floor":4,"turns":8},{"damage":0,"enemies":"2 Fungi Beasts","floor":10,"turns":2},{"damage":39,"enemies":"Lagavulin","floor":11,"turns":7},{"damage":0,"enemies":"3 Louse","floor":13,"turns":2},{"damage":2,"enemies":"Exordium Thugs","floor":14,"turns":3},{"damage":9,"enemies":"The Guardian","floor":16,"turns":8},{"damage":4,"enemies":"3 Byrds","floor":18,"turns":4},{"damage":0,"enemies":"Chosen","floor":21,"turns":5},{"damage":24,"enemies":"Snake Plant","floor":22,"turns":5},{"damage":9,"enemies":"Slaver and Parasite","floor":28,"turns":5},{"damage":10,"enemies":"Chosen and Byrds","floor":30,"turns":3},{"damage":87,"enemies":"Collector","floor":33,"turns":8},{"damage":17,"enemies":"3 Shapes","floor":35,"turns":4},{"damage":44,"enemies":"3 Darklings","floor":36,"turns":4},{"damage":40,"enemies":"4 Shapes","floor":38,"turns":10},{"damage":47,"enemies":"Maw","floor":39,"turns":8},{"damage":20,"enemies":"Sphere and 2 Shapes","floor":45,"turns":5},{"damage":15,"enemies":"3 Darklings","floor":47,"turns":5},{"damage":100,"enemies":"Time Eater","floor":50,"turns":13}],"event_choices":[{"event_name":"World of Goop","player_choice":"Gather Gold","floor":2,"damage_taken":0},{"event_name":"The Cleric","player_choice":"Card Removal","floor":5,"damage_taken":0},{"event_name":"Golden Wing","player_choice":"Card Removal","floor":7,"damage_taken":0},{"event_name":"Addict","player_choice":"Obtained Relic","floor":19,"damage_taken":0},{"event_name":"Cursed Tome","player_choice":"Ignored","floor":20,"damage_taken":0},{"event_name":"Back to Basics","player_choice":"Elegance","floor":24,"damage_taken":0},{"event_name":"The Lab","player_choice":"Got Potions","floor":37,"damage_taken":0},{"event_name":"Tomb of Lord Red Mask","player_choice":"Paid","floor":41,"damage_taken":0}],"boss_relics":[{"not_picked":["Mark of Pain","Eternal Feather"],"picked":"Lizard Tail"},{"not_picked":["Runic Cube","Philosopher\u0027s Stone"],"picked":"White Beast Statue"}],"potions_floor_spawned":[1,3,18,21,30,35,36,38,39,45,47],"seed_played":"-6050696428194259024","killed_by":"Time Eater","ascension_level":1,"is_trial":false}