{"gold_per_floor":[117,130,147,158,170,186,211,25,25,25,125,125],"floor_reached":12,"playtime":983,"items_purged":[],"score":82,"play_id":"a70548de-a9a6-4311-af92-adab1fe28637","local_time":"20190511165900","is_ascension_mode":false,"campfire_choices":[{"floor":10,"key":"RECALL"}],"neow_cost":"NONE","seed_source_timestamp":423350091063197,"circlet_count":0,"master_deck":["Defend_G","Defend_G","Defend_G","Defend_G","Defend_G","Strike_G","Strike_G","Strike_G","Strike_G","Strike_G","Survivor","Neutralize","Blade Dance","Blade Dance","Slice","Outmaneuver","Sucker Punch","Deadly Poison","Prepared","Cloak And Dagger","Distraction","Slice","Dash","Doppelganger","Transmutation","PiercingWail"],"relics":["Orrery","Juzu Bracelet"],"potions_floor_usage":[7,7,7,12],"damage_taken":[{"damage":0,"enemies":"Small Slimes","floor":1,"turns":3},{"damage":0,"enemies":"Cultist","floor":2,"turns":3},{"damage":6,"enemies":"Jaw Worm","floor":3,"turns":3},{"damage":6,"enemies":"Blue Slaver","floor":4,"turns":4},{"damage":8,"enemies":"Exordium Wildlife","floor":5,"turns":3},{"damage":1,"enemies":"2 Fungi Beasts","floor":6,"turns":4},{"damage":23,"enemies":"Gremlin Nob","floor":7,"turns":5},{"damage":35,"enemies":"Lagavulin","floor":12,"turns":11}],"seed_played":"-6027796369669947611","potions_obtained":[{"floor":3,"key":"Fire Potion"},{"floor":4,"key":"Weak Potion"},{"floor":6,"key":"Block Potion"},{"floor":7,"key":"Weak Potion"}],"is_trial":false,"path_per_floor":["M","M","M","M","M","M","E","$","T","R","?","E"],"character_chosen":"THE_SILENT","items_purchased":["Transmutation","PiercingWail"],"campfire_rested":0,"item_purchase_floors":[8,8],"current_hp_per_floor":[70,70,64,58,50,49,26,26,26,26,26,0],"gold":125,"neow_bonus":"BOSS_RELIC","is_prod":false,"is_daily":false,"chose_seed":false,"campfire_upgraded":0,"win_rate":0,"timestamp":1557608340,"path_taken":["M","M","M","M","M","M","E","$","T","R","?","E"],"build_version":"2019-01-23","purchased_purges":0,"victory":false,"max_hp_per_floor":[70,70,70,70,70,70,70,70,70,70,70,70],"card_choices":[{"not_picked":["Backflip","Flying Knee"],"picked":"Blade Dance","floor":0},{"not_picked":["Poisoned Stab","Prepared"],"picked":"Blade Dance","floor":0},{"not_picked":["Calculated Gamble","Underhanded Strike"],"picked":"Slice","floor":0},{"not_picked":["Prepared","Setup"],"picked":"Outmaneuver","floor":0},{"not_picked":["Outmaneuver","Heel Hook"],"picked":"Sucker Punch","floor":0},{"not_picked":["Deflect","Acrobatics"],"picked":"Deadly Poison","floor":1},{"not_picked":["Acrobatics","Bane"],"picked":"Prepared","floor":2},{"not_picked":["Burst","PiercingWail"],"picked":"Cloak And Dagger","floor":3},{"not_picked":["Deflect","Caltrops"],"picked":"Distraction","floor":4},{"not_picked":["Leg Sweep","Deadly Poison"],"picked":"Slice","floor":5},{"not_picked":["Deadly Poison","Sucker Punch"],"picked":"Dash","floor":6},{"not_picked":["Prepared","Catalyst"],"picked":"Doppelganger","floor":7}],"player_experience":335753,"relics_obtained":[{"floor":7,"key":"Juzu Bracelet"}],"event_choices":[{"damage_healed":0,"gold_gain":100,"player_choice":"Pray","damage_taken":0,"max_hp_gain":0,"max_hp_loss":0,"event_name":"Golden Shrine","floor":11,"gold_loss":0}],"is_beta":false,"boss_relics":[],"items_purged_floors":[],"is_endless":false,"potions_floor_spawned":[3,4,6,7],"killed_by":"Lagavulin","ascension_level":0}