{"gold_per_floor":[366,390,402,412,428,428,440,469,548,548],"floor_reached":10,"playtime":571,"items_purged":[],"score":74,"play_id":"b0e3b3a2-822b-406c-8783-4dcf0a7af4a6","local_time":"20190527100030","is_ascension_mode":true,"campfire_choices":[{"data":"Blade Dance","floor":6,"key":"SMITH"}],"neow_cost":"CURSE","seed_source_timestamp":300340930077778,"circlet_count":0,"master_deck":["Defend_G","Defend_G","Defend_G","Defend_G","Defend_G","Strike_G","Strike_G","Strike_G","Strike_G","Strike_G","Survivor","Neutralize","Injury","Quick Slash","Blade Dance+1","Sucker Punch","Cloak And Dagger","Burst","Venomology"],"relics":["Ring of the Snake","Dream Catcher","Letter Opener","Molten Egg 2"],"potions_floor_usage":[4,7,8,10],"damage_taken":[{"damage":7,"enemies":"Cultist","floor":1,"turns":5},{"damage":3,"enemies":"Jaw Worm","floor":3,"turns":5},{"damage":0,"enemies":"Small Slimes","floor":4,"turns":2},{"damage":0,"enemies":"Blue Slaver","floor":5,"turns":5},{"damage":6,"enemies":"Red Slaver","floor":7,"turns":5},{"damage":34,"enemies":"Gremlin Nob","floor":8,"turns":6},{"damage":21,"enemies":"3 Sentries","floor":10,"turns":5}],"seed_played":"9145268928542333413","potions_obtained":[{"floor":3,"key":"Explosive Potion"},{"floor":5,"key":"PowerPotion"},{"floor":7,"key":"Dexterity Potion"}],"is_trial":false,"path_per_floor":["M","T","M","M","M","R","M","E","T","E"],"character_chosen":"THE_SILENT","items_purchased":[],"campfire_rested":0,"item_purchase_floors":[],"current_hp_per_floor":[63,63,60,60,60,60,54,20,20,0],"gold":548,"neow_bonus":"TWO_FIFTY_GOLD","is_prod":false,"is_daily":false,"chose_seed":false,"campfire_upgraded":1,"win_rate":0,"timestamp":1558965630,"path_taken":["M","?","M","M","M","R","M","E","T","E"],"build_version":"2019-01-23","purchased_purges":0,"victory":false,"max_hp_per_floor":[70,70,70,70,70,70,70,70,70,70],"card_choices":[{"not_picked":["Bane","Backflip"],"picked":"Quick Slash","floor":1},{"not_picked":["Caltrops","Endless Agony"],"picked":"Blade Dance","floor":3},{"not_picked":["Predator","Concentrate"],"picked":"Sucker Punch","floor":4},{"not_picked":["Noxious Fumes","Setup"],"picked":"Cloak And Dagger","floor":5},{"not_picked":["Slice","Blur"],"picked":"Burst","floor":7},{"not_picked":["Quick Slash","PiercingWail"],"picked":"Venomology","floor":8}],"player_experience":384168,"relics_obtained":[{"floor":2,"key":"Dream Catcher"},{"floor":8,"key":"Letter Opener"},{"floor":9,"key":"Molten Egg 2"}],"event_choices":[],"is_beta":false,"boss_relics":[],"items_purged_floors":[],"is_endless":false,"potions_floor_spawned":[3,5,7],"killed_by":"3 Sentries","ascension_level":1}