{"gold_per_floor":[211,286,296,296,296,296,41,41,118,132,132,132,132,142,142,220,220,190,190,150,163,173,173,173,13,67,79,103,115,42,54,66,150,162,194,206],"floor_reached":36,"playtime":2579,"items_purged":[],"score":699,"play_id":"48e9eeaf-9973-4c60-b987-cfa6974017e0","local_time":"20190213150919","is_ascension_mode":true,"campfire_choices":[{"floor":6,"key":"REST"},{"data":"Neutralize","floor":8,"key":"SMITH"},{"data":"Dodge and Roll","floor":12,"key":"SMITH"},{"data":"Cloak And Dagger","floor":15,"key":"SMITH"},{"floor":23,"key":"REST"},{"data":"Noxious Fumes","floor":29,"key":"SMITH"},{"floor":32,"key":"REST"}],"neow_cost":"NONE","seed_source_timestamp":1299084880728286,"circlet_count":0,"master_deck":["AscendersBane","Defend_G+1","Defend_G+1","Defend_G+1","Defend_G+1","Defend_G+1","Strike_G+1","Strike_G+1","Strike_G+1","Strike_G+1","Survivor","Neutralize+1","Dodge and Roll+1","Bane","Bane","Dodge and Roll+1","Cloak And Dagger+1","Terror","Well Laid Plans","Venomology","Backflip","RitualDagger","Crippling Poison","Noxious Fumes+1","Infinite Blades","Backflip","Venomology","Decay","Decay","Parasite","Dodge and Roll+1"],"relics":["Ring of the Snake","Blood Vial","Question Card","Kunai","Lizard Tail","MawBank","Blue Candle","Calling Bell","Bronze Scales","Toxic Egg 2","The Specimen"],"potions_floor_usage":[18,18,21,21,22,24,24,28,28,33,33],"damage_taken":[{"damage":7,"enemies":"Small Slimes","floor":1,"turns":4},{"damage":0,"enemies":"Jaw Worm","floor":3,"turns":7},{"damage":0,"enemies":"2 Louse","floor":10,"turns":3},{"damage":0,"enemies":"Red Slaver","floor":14,"turns":5},{"damage":6,"enemies":"Hexaghost","floor":16,"turns":17},{"damage":2,"enemies":"2 Thieves","floor":18,"turns":4},{"damage":6,"enemies":"Spheric Guardian","floor":21,"turns":14},{"damage":30,"enemies":"Snake Plant","floor":22,"turns":8},{"damage":0,"enemies":"Slavers","floor":24,"turns":1},{"damage":9,"enemies":"Centurion and Healer","floor":28,"turns":12},{"damage":42,"enemies":"Collector","floor":33,"turns":15},{"damage":81,"enemies":"3 Darklings","floor":35,"turns":6}],"seed_played":"-33902739774013767","potions_obtained":[{"floor":10,"key":"Block Potion"},{"floor":14,"key":"Block Potion"},{"floor":20,"key":"Weak Potion"},{"floor":22,"key":"Weak Potion"},{"floor":33,"key":"SteroidPotion"}],"is_trial":false,"path_per_floor":["M","?","M","?","?","R","$","R","T","M","?","R","T","M","R","B",null,"M","?","?","M","M","R","E","$","T","?","M","R","?","?","R","B",null,"M","?"],"character_chosen":"THE_SILENT","items_purchased":["Blood Vial","Dodge and Roll","Cloak And Dagger","Infinite Blades","Backflip","Dexterity Potion"],"campfire_rested":3,"item_purchase_floors":[7,7,7,25,25,25],"current_hp_per_floor":[52,41,41,41,21,40,40,40,40,42,42,42,42,44,44,40,60,60,54,54,50,22,41,43,43,43,43,36,36,36,36,55,15,53,7,0],"gold":206,"neow_bonus":"HUNDRED_GOLD","is_prod":false,"is_daily":false,"chose_seed":false,"campfire_upgraded":4,"win_rate":0,"timestamp":1550088559,"path_taken":["M","?","M","?","?","R","$","R","T","M","?","R","?","M","R","BOSS","M","?","?","M","?","R","E","$","T","?","M","R","?","?","R","BOSS","M","?"],"build_version":"2019-02-06","purchased_purges":0,"victory":false,"max_hp_per_floor":[66,66,66,66,66,66,66,66,66,66,66,66,66,66,66,66,66,66,66,66,66,66,66,66,66,66,66,66,66,66,66,66,66,66,66,66],"card_choices":[{"not_picked":["Outmaneuver","Expertise"],"picked":"Dodge and Roll","floor":1},{"not_picked":["Concentrate","Outmaneuver"],"picked":"Bane","floor":3},{"not_picked":["Backstab","Tactician","Flying Knee"],"picked":"Terror","floor":10},{"not_picked":["Bane","Sucker Punch","Terror"],"picked":"Well Laid Plans","floor":14},{"not_picked":["Glass Knife","Night Terror","A Thousand Cuts"],"picked":"Venomology","floor":16},{"not_picked":["Underhanded Strike","Quick Slash","Bane"],"picked":"Backflip","floor":18},{"not_picked":["Slice","Flying Knee","Blade Dance"],"picked":"Crippling Poison","floor":21},{"not_picked":["Underhanded Strike","Sucker Punch","Bouncing Flask+1"],"picked":"Noxious Fumes","floor":22},{"not_picked":["Reflex","Quick Slash","Acrobatics","Slice"],"picked":"SKIP","floor":28},{"not_picked":["Burst","Corpse Explosion","Wraith Form v2"],"picked":"Venomology","floor":33},{"not_picked":["All Out Attack","Blade Dance+1","Sucker Punch"],"picked":"Dodge and Roll+1","floor":35}],"player_experience":949281,"relics_obtained":[{"floor":9,"key":"Question Card"},{"floor":13,"key":"Kunai"},{"floor":26,"key":"MawBank"},{"floor":34,"key":"Bronze Scales"},{"floor":34,"key":"Toxic Egg 2"},{"floor":34,"key":"The Specimen"}],"event_choices":[{"damage_healed":0,"gold_gain":75,"player_choice":"Gather Gold","damage_taken":11,"max_hp_gain":0,"max_hp_loss":0,"event_name":"World of Goop","floor":2,"gold_loss":0},{"damage_healed":0,"gold_gain":0,"cards_transformed":["Strike_G"],"player_choice":"Change","damage_taken":0,"max_hp_gain":0,"max_hp_loss":0,"event_name":"Living Wall","floor":4,"gold_loss":0,"cards_obtained":["Bane"]},{"damage_healed":0,"gold_gain":0,"player_choice":"Entered Light","damage_taken":20,"max_hp_gain":0,"max_hp_loss":0,"event_name":"Shining Light","floor":5,"gold_loss":0,"cards_upgraded":["Dodge and Roll","Defend_G"]},{"damage_healed":0,"gold_gain":0,"player_choice":"Ignored","damage_taken":0,"max_hp_gain":0,"max_hp_loss":0,"event_name":"Golden Wing","floor":11,"gold_loss":0},{"damage_healed":0,"gold_gain":0,"player_choice":"Joined the Cult","damage_taken":6,"max_hp_gain":0,"max_hp_loss":0,"event_name":"Nest","floor":19,"gold_loss":0,"cards_obtained":["RitualDagger"]},{"damage_healed":0,"gold_gain":0,"player_choice":"Bought 3 Potions","damage_taken":0,"max_hp_gain":0,"max_hp_loss":0,"event_name":"The Woman in Blue","floor":20,"gold_loss":0},{"damage_healed":0,"gold_gain":0,"player_choice":"Simplicity","damage_taken":0,"max_hp_gain":0,"max_hp_loss":0,"event_name":"Back to Basics","floor":27,"gold_loss":0,"cards_upgraded":["Defend_G","Defend_G","Defend_G","Defend_G","Strike_G","Strike_G","Strike_G","Strike_G"]},{"damage_healed":0,"gold_gain":0,"player_choice":"Obtained Relic","damage_taken":0,"relics_obtained":["Blue Candle"],"max_hp_gain":0,"max_hp_loss":0,"event_name":"Addict","floor":30,"gold_loss":85},{"damage_healed":0,"gold_gain":0,"player_choice":"Ignored","damage_taken":0,"max_hp_gain":0,"max_hp_loss":0,"event_name":"Vampires","floor":31,"gold_loss":0}],"is_beta":true,"boss_relics":[{"not_picked":["Runic Dome","Snecko Eye"],"picked":"Lizard Tail"},{"not_picked":["Fusion Hammer","WristBlade"],"picked":"Calling Bell"}],"items_purged_floors":[],"is_endless":false,"potions_floor_spawned":[10,14,22,33],"ascension_level":18}