{"gold_per_floor":[99,99,99,99,99,99,99,99,99,99,99,69,69,69,69,69,69,69,69,69,69,69,69,69,69,69,69,0,0,0,0,0,0,0,0,0,0,0,0,0,0,0,0,0,0,0,0,0,0,0],"floor_reached":50,"playtime":2539,"items_purged":[],"score":568,"play_id":"9ba7d89a-49b8-4367-9c90-3f31da47aec8","local_time":"20190601173557","is_ascension_mode":true,"campfire_choices":[{"floor":8.0,"key":"REST"},{"floor":15.0,"key":"REST"},{"floor":23.0,"key":"REST"},{"floor":25.0,"key":"REST"},{"floor":27.0,"key":"RECALL"},{"floor":32,"key":"REST"},{"floor":40,"key":"REST"},{"floor":42,"key":"REST"},{"floor":46,"key":"REST"},{"floor":49,"key":"REST"}],"neow_cost":"NONE","seed_source_timestamp":0,"circlet_count":0,"master_deck":["Strike_R","Strike_R","Strike_R","Strike_R","Strike_R","Defend_R","Defend_R","Defend_R","Defend_R+1","Bash","Rampage","Pommel Strike","Iron Wave","Juggernaut","Shrug It Off+1","Heavy Blade","Infernal Blade","Feed","Sword Boomerang","Iron Wave","Heavy Blade+1","Anger","Reaper","Blood for Blood","Juggernaut","Sword Boomerang+1","Mayhem","Second Wind","Anger","Metallicize+1","Flame Barrier"],"special_seed":0,"relics":["Ectoplasm","Centennial Puzzle","Matryoshka","Orichalcum","Ancient Tea Set","Fusion Hammer","MutagenicStrength","War Paint","Red Skull","Runic Pyramid","MawBank","Ice Cream"],"potions_floor_usage":[30,33,39,45,47,48,50],"damage_taken":[{"damage":2.0,"enemies":"Jaw Worm","floor":1.0,"turns":3.0},{"damage":1.0,"enemies":"Small Slimes","floor":3.0,"turns":3.0},{"damage":0.0,"enemies":"2 Louse","floor":6.0,"turns":2.0},{"damage":16.0,"enemies":"Lagavulin","floor":7.0,"turns":5.0},{"damage":12.0,"enemies":"Large Slime","floor":10.0,"turns":4.0},{"damage":1.0,"enemies":"Looter","floor":12.0,"turns":3.0},{"damage":8.0,"enemies":"Blue Slaver","floor":14.0,"turns":3.0},{"damage":15.0,"enemies":"Hexaghost","floor":16.0,"turns":7.0},{"damage":8.0,"enemies":"3 Byrds","floor":18.0,"turns":5.0},{"damage":22.0,"enemies":"Shell Parasite","floor":19.0,"turns":5.0},{"damage":20.0,"enemies":"Shelled Parasite and Fungi","floor":20.0,"turns":6.0},{"damage":33.0,"enemies":"Snake Plant","floor":22.0,"turns":3.0},{"damage":44,"enemies":"Slavers","floor":30,"turns":7},{"damage":2,"enemies":"Cultist and Chosen","floor":31,"turns":3},{"damage":32,"enemies":"Collector","floor":33,"turns":6},{"damage":55,"enemies":"3 Darklings","floor":35,"turns":6},{"damage":28,"enemies":"3 Shapes","floor":38,"turns":4},{"damage":17,"enemies":"Jaw Worm Horde","floor":39,"turns":4},{"damage":46,"enemies":"Giant Head","floor":41,"turns":7},{"damage":29,"enemies":"4 Shapes","floor":45,"turns":5},{"damage":20,"enemies":"Maw","floor":47,"turns":5},{"damage":20,"enemies":"Writhing Mass","floor":48,"turns":4},{"damage":75,"enemies":"Awakened One","floor":50,"turns":7}],"seed_played":"-5983238334427877886","potions_obtained":[{"floor":1.0,"key":"FairyPotion"},{"floor":6.0,"key":"Fire Potion"},{"floor":7.0,"key":"Fire Potion"},{"floor":12.0,"key":"LiquidBronze"},{"floor":19.0,"key":"Dexterity Potion"},{"floor":31,"key":"PowerPotion"},{"floor":33,"key":"SneckoOil"},{"floor":39,"key":"Swift Potion"},{"floor":41,"key":"Energy Potion"},{"floor":45,"key":"Dexterity Potion"},{"floor":48,"key":"Explosive Potion"}],"is_trial":false,"path_per_floor":["M","?","M","?","?","M","E","R","T","M","?","M","$","M","R","B",null,"M","M","M","?","M","R","?","R","T","R","?","$","E","M","R","B",null,"M","?","?","M","M","R","E","R","T","$","M","R","M","M","R","B"],"character_chosen":"IRONCLAD","items_purchased":[],"campfire_rested":9,"item_purchase_floors":[],"current_hp_per_floor":[78,36,35,35,35,35,19,43,43,31,31,30,30,22,46,31,80,72,50,33,33,8,32,32,56,56,56,56,56,12,13,38,6,86,43,43,43,29,26,51,18,43,43,43,17,43,30,13,40,0],"gold":0,"neow_bonus":"BOSS_RELIC","is_prod":false,"is_daily":false,"chose_seed":false,"campfire_upgraded":0,"win_rate":0,"timestamp":1559424957,"path_taken":["M","?","M","?","?","M","E","R","T","M","?","M","?","M","R","BOSS","M","M","M","?","M","R","?","R","T","R","?","?","E","?","R","BOSS","M","?","?","M","M","R","E","R","T","?","?","R","M","M","R","BOSS"],"build_version":"2019-01-23","purchased_purges":0,"victory":false,"max_hp_per_floor":[80,80,80,80,80,80,80,80,80,80,80,80,80,80,80,80,80,80,80,83,83,83,83,83,83,83,83,83,83,83,86,86,86,86,86,86,86,86,86,86,86,86,86,86,89,89,89,92,92,95],"card_choices":[{"not_picked":["Disarm","Fire Breathing"],"picked":"Rampage","floor":1.0},{"not_picked":["Second Wind","Warcry"],"picked":"Pommel Strike","floor":3.0},{"not_picked":["True Grit","Berserk"],"picked":"Iron Wave","floor":6.0},{"not_picked":["Body Slam","Clothesline"],"picked":"Juggernaut","floor":7.0},{"not_picked":["Havoc","Searing Blow"],"picked":"Shrug It Off","floor":10.0},{"not_picked":["Body Slam","Havoc"],"picked":"Heavy Blade","floor":12.0},{"not_picked":["Hemokinesis","Dual Wield"],"picked":"Infernal Blade","floor":14.0},{"not_picked":["Brutality","Impervious"],"picked":"Feed","floor":16.0},{"not_picked":["Wild Strike","Headbutt"],"picked":"Sword Boomerang","floor":18.0},{"not_picked":["Dropkick+1","Wild Strike+1"],"picked":"Iron Wave","floor":19.0},{"not_picked":["Havoc","Clash"],"picked":"Heavy Blade+1","floor":20.0},{"not_picked":["Warcry","Reckless Charge"],"picked":"Anger","floor":22.0},{"not_picked":["True Grit","Dual Wield+1"],"picked":"Reaper","floor":30},{"not_picked":["Corruption","Battle Trance"],"picked":"Blood for Blood","floor":31},{"not_picked":["Impervious","Immolate"],"picked":"Juggernaut","floor":33},{"not_picked":["Heavy Blade+1","Burning Pact+1"],"picked":"Sword Boomerang+1","floor":35},{"not_picked":["Blind","Transmutation"],"picked":"Mayhem","floor":36},{"not_picked":["Body Slam+1","Iron Wave+1"],"picked":"Second Wind","floor":38},{"not_picked":["Cleave","Sever Soul"],"picked":"Anger","floor":39},{"not_picked":["Offering","Perfected Strike","Havoc"],"picked":"SKIP","floor":41},{"not_picked":["Perfected Strike","Fire Breathing+1"],"picked":"Metallicize+1","floor":45},{"not_picked":["Burning Pact+1","Shrug It Off","Twin Strike"],"picked":"SKIP","floor":47},{"not_picked":["Battle Trance","Wild Strike"],"picked":"Flame Barrier","floor":48}],"player_experience":412976,"relics_obtained":[{"floor":7.0,"key":"Matryoshka"},{"floor":9.0,"key":"Orichalcum"},{"floor":9.0,"key":"Ancient Tea Set"},{"floor":26.0,"key":"War Paint"},{"floor":30,"key":"Red Skull"},{"floor":41,"key":"MawBank"},{"floor":43,"key":"Ice Cream"}],"event_choices":[{"damage_healed":0.0,"max_hp_gain":0.0,"max_hp_loss":0.0,"gold_gain":0.0,"event_name":"Scrap Ooze","player_choice":"Success","floor":2.0,"gold_loss":0.0,"damage_taken":42.0,"relics_obtained":["Centennial Puzzle"]},{"damage_healed":0.0,"max_hp_gain":0.0,"max_hp_loss":0.0,"gold_gain":0.0,"event_name":"Golden Wing","player_choice":"Ignored","floor":4.0,"gold_loss":0.0,"damage_taken":0.0},{"damage_healed":0.0,"max_hp_gain":0.0,"max_hp_loss":0.0,"gold_gain":0.0,"event_name":"The Cleric","player_choice":"Leave","floor":5.0,"gold_loss":0.0,"damage_taken":0.0},{"damage_healed":0.0,"max_hp_gain":0.0,"max_hp_loss":0.0,"gold_gain":0.0,"event_name":"Liars Game","player_choice":"Ignored","floor":11.0,"gold_loss":0.0,"damage_taken":0.0},{"damage_healed":0.0,"max_hp_gain":0.0,"max_hp_loss":0.0,"gold_gain":0.0,"event_name":"Drug Dealer","player_choice":"Inject Mutagens","floor":21.0,"gold_loss":0.0,"damage_taken":0.0,"relics_obtained":["MutagenicStrength"]},{"damage_healed":0.0,"max_hp_gain":0.0,"max_hp_loss":0.0,"gold_gain":0.0,"event_name":"Beggar","player_choice":"Ignored","floor":24.0,"gold_loss":0.0,"damage_taken":0.0},{"damage_healed":0.0,"max_hp_gain":0.0,"max_hp_loss":0.0,"gold_gain":0.0,"event_name":"Masked Bandits","player_choice":"Paid Fearfully","floor":28.0,"gold_loss":69.0,"damage_taken":0.0},{"damage_healed":0,"gold_gain":0,"player_choice":"Memory 1","damage_taken":0,"max_hp_gain":0,"max_hp_loss":0,"event_name":"SensoryStone","floor":36,"gold_loss":0},{"damage_healed":0,"gold_gain":0,"player_choice":"Ignored","damage_taken":0,"max_hp_gain":0,"max_hp_loss":0,"event_name":"The Moai Head","floor":37,"gold_loss":0}],"is_beta":false,"boss_relics":[{"not_picked":["White Beast Statue","Cursed Key"],"picked":"Fusion Hammer"},{"not_picked":["Velvet Choker","Runic Dome"],"picked":"Runic Pyramid"}],"items_purged_floors":[],"is_endless":false,"potions_floor_spawned":[1,6,7,12,19,31,33,39,41,45,48],"killed_by":"Awakened One","ascension_level":2}