{"gold_per_floor":[111,286,306,83,101,130,130,143,196,208,242,52,52,66,66,66],"floor_reached":16,"playtime":681,"items_purged":["Regret","Doubt"],"score":134,"play_id":"176ec8eb-2d8d-4cb2-9dd3-ed115d5e8328","local_time":"20190626224331","is_ascension_mode":true,"campfire_choices":[{"floor":13,"key":"REST"},{"floor":15,"key":"REST"}],"neow_cost":"CURSE","seed_source_timestamp":531317308000,"circlet_count":0,"master_deck":["Strike_R","Strike_R","Strike_R","Strike_R","Defend_R","Defend_R+1","Defend_R","Defend_R","Bash","Shrug It Off","Bludgeon","Twin Strike","Twin Strike","Offering+1","Thunderclap","Uppercut","Warcry","Madness","Shrug It Off"],"relics":["Burning Blood","Thread and Needle","Dodecahedron","War Paint"],"potions_floor_usage":[8,11,14],"damage_taken":[{"damage":10,"enemies":"Jaw Worm","floor":1,"turns":4},{"damage":8,"enemies":"Cultist","floor":3,"turns":5},{"damage":2,"enemies":"Small Slimes","floor":5,"turns":2},{"damage":33,"enemies":"Gremlin Nob","floor":6,"turns":5},{"damage":6,"enemies":"Exordium Wildlife","floor":8,"turns":6},{"damage":11,"enemies":"Lots of Slimes","floor":10,"turns":4},{"damage":43,"enemies":"Lagavulin","floor":11,"turns":7},{"damage":9,"enemies":"3 Louse","floor":14,"turns":3},{"damage":57,"enemies":"Hexaghost","floor":16,"turns":9}],"seed_played":"-1897397283627033359","potions_obtained":[{"floor":6,"key":"Weak Potion"},{"floor":10,"key":"Poison Potion"},{"floor":11,"key":"PowerPotion"}],"is_trial":false,"path_per_floor":["M","?","M","$","M","E","?","M","T","M","E","$","R","M","R","B"],"character_chosen":"IRONCLAD","items_purchased":["Bludgeon","Madness"],"campfire_rested":2,"item_purchase_floors":[4,12],"current_hp_per_floor":[76,76,74,74,78,51,51,51,51,46,9,9,33,30,54,0],"gold":66,"neow_bonus":"ONE_RARE_RELIC","is_prod":false,"is_daily":false,"chose_seed":false,"campfire_upgraded":0,"win_rate":0,"timestamp":1561603411,"path_taken":["M","?","M","$","M","E","?","M","T","?","E","$","R","M","R","BOSS"],"build_version":"2019-01-23","purchased_purges":2,"victory":false,"max_hp_per_floor":[80,80,80,80,80,80,80,80,80,80,80,80,80,80,80,80],"card_choices":[{"not_picked":["True Grit","Wild Strike"],"picked":"Shrug It Off","floor":1},{"not_picked":["Hemokinesis","Battle Trance","Rupture"],"picked":"SKIP","floor":3},{"not_picked":["Warcry","Exhume"],"picked":"Twin Strike","floor":5},{"not_picked":["Perfected Strike","Corruption"],"picked":"Twin Strike","floor":6},{"not_picked":["Rupture","Clash"],"picked":"Thunderclap","floor":8},{"not_picked":["Flex","Shrug It Off"],"picked":"Uppercut","floor":10},{"not_picked":["Fire Breathing","Battle Trance"],"picked":"Warcry","floor":11},{"not_picked":["Dropkick","Barricade"],"picked":"Shrug It Off","floor":14}],"player_experience":513384,"relics_obtained":[{"floor":6,"key":"Dodecahedron"},{"floor":11,"key":"War Paint"}],"event_choices":[{"damage_healed":0,"gold_gain":175,"player_choice":"AGREE","damage_taken":0,"max_hp_gain":0,"max_hp_loss":0,"event_name":"Liars Game","floor":2,"gold_loss":0,"cards_obtained":["Doubt"]},{"damage_healed":0,"gold_gain":0,"cards_transformed":["Strike_R"],"player_choice":"Transformed","damage_taken":0,"max_hp_gain":0,"max_hp_loss":0,"event_name":"Transmorgrifier","floor":7,"gold_loss":0,"cards_obtained":["Offering"]}],"is_beta":false,"boss_relics":[],"items_purged_floors":[4,12],"is_endless":false,"potions_floor_spawned":[6,10,11],"killed_by":"Hexaghost","ascension_level":4}