{"gold_per_floor":[116,131,131,131,156,156,189,202,202,202],"floor_reached":10,"playtime":348,"items_purged":[],"score":108,"play_id":"b74ee2d3-9c49-43cf-8128-919793afc5ff","local_time":"20190727175352","is_ascension_mode":true,"campfire_choices":[{"data":"Neutralize","floor":6,"key":"SMITH"}],"neow_cost":"NONE","seed_source_timestamp":307488856636438,"circlet_count":0,"master_deck":["AscendersBane","Strike_G","Strike_G","Strike_G","Strike_G","Strike_G","Defend_G","Defend_G","Defend_G","Defend_G","Defend_G","Survivor","Neutralize+1","Dagger Throw","Envenom","Bane"],"relics":["Ring of the Snake","NeowsBlessing","Golden Idol","Spirit Poop","Letter Opener","Ginger"],"potions_floor_usage":[7,10],"damage_taken":[{"damage":0,"enemies":"Jaw Worm","floor":1,"turns":1},{"damage":0,"enemies":"2 Louse","floor":2,"turns":1},{"damage":0,"enemies":"Cultist","floor":5,"turns":1},{"damage":44,"enemies":"3 Sentries","floor":7,"turns":12},{"damage":8,"enemies":"Red Slaver","floor":8,"turns":5},{"damage":25,"enemies":"Lagavulin","floor":10,"turns":5}],"seed_played":"7621031897744470580","potions_obtained":[{"floor":5,"key":"LiquidBronze"},{"floor":8,"key":"Fire Potion"}],"is_trial":false,"path_per_floor":["M","M","?","?","M","R","E","M","T","E"],"character_chosen":"THE_SILENT","items_purchased":[],"campfire_rested":0,"item_purchase_floors":[],"current_hp_per_floor":[63,63,63,63,63,63,19,11,11,0],"gold":202,"neow_bonus":"THREE_ENEMY_KILL","is_prod":false,"is_daily":false,"chose_seed":false,"campfire_upgraded":1,"win_rate":0,"timestamp":1564268032,"path_taken":["M","M","?","?","?","R","E","M","T","E"],"build_version":"2019-07-17","purchased_purges":0,"victory":false,"max_hp_per_floor":[70,70,70,70,70,70,70,70,70,70],"card_choices":[{"not_picked":["Prepared","Calculated Gamble"],"picked":"Dagger Throw","floor":1},{"not_picked":["Eviscerate","Prepared","Outmaneuver"],"picked":"SKIP","floor":2},{"not_picked":["Acrobatics","Outmaneuver","Slice"],"picked":"SKIP","floor":5},{"not_picked":["Cloak And Dagger","Quick Slash"],"picked":"Envenom","floor":7},{"not_picked":["Eviscerate","Slice"],"picked":"Bane","floor":8}],"player_experience":240725,"relics_obtained":[{"floor":7,"key":"Letter Opener"},{"floor":9,"key":"Ginger"}],"event_choices":[{"damage_healed":0,"gold_gain":0,"player_choice":"Take Wound","damage_taken":0,"relics_obtained":["Golden Idol"],"max_hp_gain":0,"max_hp_loss":0,"event_name":"Golden Idol","floor":3,"gold_loss":0,"cards_obtained":["Injury"]},{"cards_removed":["Injury"],"damage_healed":0,"gold_gain":0,"player_choice":"Offered Curse","damage_taken":0,"relics_obtained":["Spirit Poop"],"max_hp_gain":0,"max_hp_loss":0,"event_name":"Bonfire Elementals","floor":4,"gold_loss":0}],"is_beta":false,"boss_relics":[],"items_purged_floors":[],"is_endless":false,"potions_floor_spawned":[5,8],"killed_by":"Lagavulin","ascension_level":12}