{"path_per_floor":["M","?","T","?","?","E","R","M","T","R","$","$","M","M","R","B",null,"M","M","$","M","M","R","M","R","T","M","?","?","M","M","R","B",null,"M","$","M","?","?","M","?","R","T","M","M","M","M","M","R","B"],"character_chosen":"DEFECT","items_purchased":["Orichalcum","Mercury Hourglass","Happy Flower","Static Discharge"],"gold_per_floor":[119,194,218,218,468,503,503,514,537,537,66,66,84,95,95,193,193,161,181,24,43,61,61,72,72,72,86,86,86,98,113,113,213,213,226,147,166,166,0,11,11,11,11,21,39,52,71,88,88,88],"floor_reached":51,"campfire_rested":7,"playtime":4213,"current_hp_per_floor":[74,63,63,48,48,12,34,31,31,53,53,53,53,47,69,61,75,43,43,43,40,28,50,43,65,65,59,59,59,45,35,57,16,75,68,68,58,75,75,75,75,75,75,69,63,56,42,24,46,7],"items_purged":["Regret"],"gold":88,"score":630,"play_id":"6c1f361b-cd22-4a69-b7ab-3be0f1ab0894","local_time":"20180509225448","is_prod":false,"is_daily":false,"chose_seed":false,"is_ascension_mode":false,"campfire_upgraded":1,"timestamp":1525920888,"path_taken":["M","?","?","?","?","E","R","M","T","R","?","$","?","M","R","BOSS","M","M","$","M","M","R","M","R","T","M","?","?","?","M","R","BOSS","M","$","M","?","?","M","?","R","T","?","M","M","M","?","R","BOSS"],"build_version":"2018-05-08","seed_source_timestamp":20290217406955,"purchased_purges":2,"victory":true,"master_deck":["Strike_B+1","Strike_B","Strike_B+1","Defend_B","Defend_B","Defend_B+1","Defend_B","Zap","Dualcast","Force Field","White Noise","Chaos+1","Coolheaded","Storm","Capacitor","Undo","Genetic Algorithm","Amplify","Cold Snap","Chill","Skim","Force Field","Sweeping Beam+1","Storm+1","Capacitor+1","Force Field","Static Discharge","Coolheaded","Heatsinks+1","Glacier+1","Static Discharge","Loop+1","Writhe","Storm","Defragment+1","Impulse+1","Undo","Hologram+1","Conserve Battery+1"],"max_hp_per_floor":[75,75,75,75,75,75,75,75,75,75,75,75,75,75,75,75,75,75,75,75,75,75,75,75,75,75,75,75,75,75,75,75,75,75,75,75,75,75,75,75,75,75,75,75,75,75,75,75,75,75],"relics":["Cracked Core","Dream Catcher","Dodecahedron","Whetstone","Orichalcum","Mercury Hourglass","Inserter","Happy Flower","Bottled Flame","White Beast Statue","Red Mask","Centennial Puzzle"],"card_choices":[{"not_picked":["Capacitor","Reprogram"],"picked":"Force Field","floor":1},{"not_picked":["Doom and Gloom","Axe Kick"],"picked":"White Noise","floor":6},{"not_picked":["Streamline","Turbo"],"picked":"Chaos","floor":7},{"not_picked":["Go for the Eyes","Hello World"],"picked":"Coolheaded","floor":8},{"not_picked":["Impulse","Rip and Tear"],"picked":"Storm","floor":10},{"not_picked":["Lockon","Ball Lightning"],"picked":"Capacitor","floor":13},{"not_picked":["Tempest","Ball Lightning"],"picked":"Undo","floor":14},{"not_picked":["Skim","Reprogram"],"picked":"Genetic Algorithm","floor":15},{"not_picked":["Fusion","Buffer"],"picked":"Amplify","floor":16},{"not_picked":["Rebound","Scrape"],"picked":"Cold Snap","floor":18},{"not_picked":["Streamline","Tempest"],"picked":"Chill","floor":19},{"not_picked":["Turbo","Ball Lightning"],"picked":"Skim","floor":21},{"not_picked":["All For One","Beam Cell"],"picked":"Force Field","floor":22},{"not_picked":["Cold Snap","Streamline"],"picked":"Sweeping Beam","floor":23},{"not_picked":["Barrage","Stack"],"picked":"Storm","floor":24},{"not_picked":["Tempest","White Noise"],"picked":"Capacitor","floor":25},{"not_picked":["Skim","Go for the Eyes"],"picked":"Force Field","floor":27},{"not_picked":["Stack","Blizzard"],"picked":"Static Discharge","floor":30},{"not_picked":["Turbo","Steam"],"picked":"Coolheaded","floor":31},{"not_picked":["Capacitor","Barrage"],"picked":"Heatsinks","floor":32},{"not_picked":["Conserve Battery","Auto Shields"],"picked":"Glacier","floor":35},{"not_picked":["Stack","Genetic Algorithm"],"picked":"Loop","floor":37},{"not_picked":["Go for the Eyes","Skim"],"picked":"Storm","floor":40},{"not_picked":["Sweeping Beam","Stack"],"picked":"Defragment","floor":44},{"not_picked":["Ball Lightning","Chaos"],"picked":"Impulse","floor":46},{"not_picked":["Reprogram","Sweeping Beam"],"picked":"Undo","floor":47},{"not_picked":["Gash","Go for the Eyes"],"picked":"Hologram","floor":48},{"not_picked":["Leap","Cold Snap"],"picked":"Conserve Battery","floor":49}],"player_experience":23771,"potions_floor_usage":[16,16,22,33,50,50,50],"damage_taken":[{"damage":1,"enemies":"2 Louse","floor":1,"turns":2},{"damage":36,"enemies":"Lagavulin","floor":6,"turns":8},{"damage":3,"enemies":"Jaw Worm","floor":8,"turns":4},{"damage":0,"enemies":"Cultist","floor":13,"turns":3},{"damage":6,"enemies":"Lots of Slimes","floor":14,"turns":3},{"damage":21,"enemies":"The Guardian","floor":16,"turns":10},{"damage":44,"enemies":"2 Thieves","floor":18,"turns":5},{"damage":10,"enemies":"Spheric Guardian","floor":19,"turns":5},{"damage":3,"enemies":"Centurion and Healer","floor":21,"turns":9},{"damage":31,"enemies":"Snecko","floor":22,"turns":9},{"damage":7,"enemies":"3 Cultists","floor":24,"turns":5},{"damage":6,"enemies":"Chosen and Byrds","floor":27,"turns":6},{"damage":14,"enemies":"Snake Plant","floor":30,"turns":3},{"damage":16,"enemies":"Centurion and Healer","floor":31,"turns":6},{"damage":51,"enemies":"Automaton","floor":33,"turns":11},{"damage":7,"enemies":"Orb Walker","floor":35,"turns":4},{"damage":10,"enemies":"Flame Bruiser 1 Orb","floor":37,"turns":5},{"damage":0,"enemies":"Sphere and 2 Shapes","floor":40,"turns":4},{"damage":6,"enemies":"3 Darklings","floor":44,"turns":4},{"damage":6,"enemies":"Flame Bruiser 2 Orb","floor":45,"turns":3},{"damage":7,"enemies":"Sphere and 2 Shapes","floor":46,"turns":4},{"damage":20,"enemies":"4 Shapes","floor":47,"turns":3},{"damage":18,"enemies":"Flame Bruiser 2 Orb","floor":48,"turns":4},{"damage":79,"enemies":"Time Eater","floor":50,"turns":11}],"event_choices":[{"event_name":"World of Goop","player_choice":"Gather Gold","floor":2,"damage_taken":0},{"event_name":"Shining Light","player_choice":"Entered Light","floor":4,"damage_taken":0},{"event_name":"Golden Shrine","player_choice":"Desecrate","floor":5,"damage_taken":0},{"event_name":"Cursed Tome","player_choice":"Ignored","floor":28,"damage_taken":0},{"event_name":"Beggar","player_choice":"Ignored","floor":29,"damage_taken":0},{"event_name":"Winding Halls","player_choice":"Writhe","floor":38,"damage_taken":0},{"event_name":"Tomb of Lord Red Mask","player_choice":"Paid","floor":39,"damage_taken":0}],"boss_relics":[{"not_picked":["Philosopher\u0027s Stone","Snecko Eye"],"picked":"Inserter"},{"not_picked":["Velvet Choker","Sozu"],"picked":"White Beast Statue"}],"potions_floor_spawned":[6,13,14,22,27,30,35,37,40,44,45,46,47,48],"seed_played":"1078262314686385934","ascension_level":0,"is_trial":false}