{"path_per_floor":["M","M","?","M","M","E","?","R","T","M","M","M","M","?","R","B",null,"M","M","M","$","M","R","M","M","T","R","?","M","M","M","R","B",null,"M","M","?","$","T","R","M","R","T","M","R","M","?","M","R","B"],"character_chosen":"DEFECT","items_purchased":["Mummified Hand","Stack","Calipers"],"gold_per_floor":[110,121,121,139,151,185,185,185,185,205,215,233,251,251,251,350,350,370,387,405,100,117,117,135,150,197,197,197,208,218,238,238,337,337,350,362,362,76,151,151,167,167,243,262,262,281,281,299,299,299],"floor_reached":51,"campfire_rested":5,"playtime":5353,"current_hp_per_floor":[75,75,75,74,62,46,31,31,31,31,24,24,24,24,46,23,75,61,45,20,20,16,38,38,35,35,57,57,47,28,27,49,29,75,75,75,75,75,75,75,60,60,60,56,56,56,56,56,75,75],"items_purged":[],"gold":299,"score":711,"play_id":"471269e2-1d9e-43c9-a6cf-86608b26934d","local_time":"20180510234523","is_prod":false,"is_daily":false,"chose_seed":false,"is_ascension_mode":false,"campfire_upgraded":4,"timestamp":1526010323,"path_taken":["M","M","?","?","?","E","?","R","T","M","M","M","?","?","R","BOSS","M","?","M","$","M","R","M","M","T","R","?","M","M","M","R","BOSS","M","M","?","$","?","R","M","R","T","M","R","?","?","M","R","BOSS"],"build_version":"2018-05-10","seed_source_timestamp":13735780945073,"purchased_purges":2,"victory":true,"master_deck":["Defend_B","Defend_B","Defend_B","Defend_B","Zap+1","Dualcast","Recycle","Axe Kick","Force Field+1","Capacitor+1","Chaos+1","Reprogram","Rainbow","Storm","Aggregate+1","Sunder","Creative AI","Barrage+1","Coolheaded+1","Reboot","Stack","Hologram+1","Coolheaded+1","Loop","Creative AI","Skim+1","Nova","Hologram+1","Buffer+1","Recycle+1","Loop+1","Heatsinks+1","Conserve Battery+1","Glacier","Consume"],"max_hp_per_floor":[75,75,75,75,75,75,75,75,75,75,75,75,75,75,75,75,75,75,75,75,75,75,75,75,75,75,75,75,75,75,75,75,75,75,75,75,75,75,75,75,75,75,75,75,75,75,75,75,75,75],"relics":["Cracked Core","Anchor","Cables","Ornamental Fan","Nuclear Battery","Mummified Hand","Pen Nib","Astrolabe","Calipers","Molten Egg 2","Kunai"],"card_choices":[{"not_picked":["Reinforced Body","Lockon"],"picked":"Recycle","floor":1},{"not_picked":["Go for the Eyes","Turbo"],"picked":"Axe Kick","floor":2},{"not_picked":["Tempest","Recycle"],"picked":"Force Field","floor":4},{"not_picked":["Gash","Rebound"],"picked":"Capacitor","floor":5},{"not_picked":["Beam Cell","Rebound"],"picked":"Chaos","floor":6},{"not_picked":["Beam Cell","Capacitor"],"picked":"Reprogram","floor":10},{"not_picked":["Barrage","Rebound"],"picked":"Rainbow","floor":11},{"not_picked":["Beam Cell","Skim"],"picked":"Storm","floor":12},{"not_picked":["Blizzard","All For One"],"picked":"Aggregate","floor":13},{"not_picked":["Hyperbeam","Echo Form"],"picked":"Creative AI","floor":16},{"not_picked":["Axe Kick","Steam"],"picked":"Barrage","floor":18},{"not_picked":["Scrape","Steam"],"picked":"Coolheaded","floor":19},{"not_picked":["Recycle","Rebound"],"picked":"Reboot","floor":20},{"not_picked":["Turbo","Tempest"],"picked":"Hologram","floor":22},{"not_picked":["Melter","Go for the Eyes"],"picked":"Stack","floor":24},{"not_picked":["Storm","Stack"],"picked":"Coolheaded","floor":25},{"not_picked":["Conserve Battery","Skim"],"picked":"Loop","floor":29},{"not_picked":["White Noise","Hologram"],"picked":"Creative AI","floor":30},{"not_picked":["Barrage","Lockon"],"picked":"Skim","floor":31},{"not_picked":["Meteor Strike","Buffer"],"picked":"Nova","floor":33},{"not_picked":["Go for the Eyes","Gash"],"picked":"Loop","floor":35},{"not_picked":["Leap","Hologram"],"picked":"Heatsinks","floor":36},{"not_picked":["Stack","Tempest"],"picked":"Conserve Battery","floor":41},{"not_picked":["Leap","Hyperbeam"],"picked":"Glacier","floor":44},{"not_picked":["Ball Lightning","BootSequence"],"picked":"Consume","floor":46}],"player_experience":39601,"potions_floor_usage":[16,16,16,20,33,33,33,50,50,50,50],"damage_taken":[{"damage":0,"enemies":"2 Louse","floor":1,"turns":2},{"damage":0,"enemies":"Cultist","floor":2,"turns":4},{"damage":1,"enemies":"Jaw Worm","floor":4,"turns":3},{"damage":12,"enemies":"Gremlin Gang","floor":5,"turns":4},{"damage":16,"enemies":"3 Sentries","floor":6,"turns":8},{"damage":0,"enemies":"Lots of Slimes","floor":10,"turns":4},{"damage":7,"enemies":"Exordium Wildlife","floor":11,"turns":6},{"damage":0,"enemies":"2 Fungi Beasts","floor":12,"turns":3},{"damage":0,"enemies":"Looter","floor":13,"turns":3},{"damage":38,"enemies":"Slime Boss","floor":16,"turns":10},{"damage":14,"enemies":"Chosen","floor":18,"turns":6},{"damage":16,"enemies":"Shell Parasite","floor":19,"turns":6},{"damage":25,"enemies":"Snake Plant","floor":20,"turns":4},{"damage":4,"enemies":"Centurion and Healer","floor":22,"turns":6},{"damage":0,"enemies":"Snecko","floor":24,"turns":3},{"damage":3,"enemies":"Sentry and Sphere","floor":25,"turns":7},{"damage":10,"enemies":"Centurion and Healer","floor":29,"turns":7},{"damage":19,"enemies":"Slaver and Parasite","floor":30,"turns":6},{"damage":1,"enemies":"Chosen and Byrds","floor":31,"turns":4},{"damage":20,"enemies":"Collector","floor":33,"turns":9},{"damage":0,"enemies":"Flame Bruiser 1 Orb","floor":35,"turns":5},{"damage":0,"enemies":"3 Shapes","floor":36,"turns":4},{"damage":15,"enemies":"3 Darklings","floor":41,"turns":3},{"damage":4,"enemies":"Spire Growth","floor":44,"turns":4},{"damage":0,"enemies":"Maw","floor":46,"turns":6},{"damage":0,"enemies":"4 Shapes","floor":48,"turns":3},{"damage":0,"enemies":"Awakened One","floor":50,"turns":7}],"event_choices":[{"event_name":"Upgrade Shrine","player_choice":"Upgraded","floor":3,"damage_taken":0},{"event_name":"Shining Light","player_choice":"Entered Light","floor":7,"damage_taken":0},{"event_name":"Living Wall","player_choice":"Change","floor":14,"damage_taken":0},{"event_name":"Cursed Tome","player_choice":"Ignored","floor":28,"damage_taken":0},{"event_name":"The Lab","player_choice":"Got Potions","floor":37,"damage_taken":0}],"boss_relics":[{"not_picked":["Cursed Key","Orrery"],"picked":"Nuclear Battery"},{"not_picked":["Philosopher\u0027s Stone","Velvet Choker"],"picked":"Astrolabe"}],"potions_floor_spawned":[1,4,10,11,13,19,25,29,31,33,41,44,46],"seed_played":"8817974236633711630","ascension_level":0,"is_trial":false}