{"gold_per_floor":[109,38,48,62,62,62,79,113,113,128,157,157,189,208,208,312,312,324,339,339,339,357,357,357],"floor_reached":24,"playtime":2016,"items_purged":[],"score":243,"play_id":"a2d0f20f-aacf-4845-b100-1be4c0e7109f","local_time":"20190703112739","is_ascension_mode":false,"campfire_choices":[{"data":"Neutralize","floor":6,"key":"SMITH"},{"data":"Blade Dance","floor":12,"key":"SMITH"},{"floor":15,"key":"REST"},{"floor":23,"key":"REST"}],"neow_cost":"NONE","seed_source_timestamp":982645554579087,"circlet_count":0,"master_deck":["Strike_G","Strike_G","Strike_G+1","Strike_G+1","Defend_G","Defend_G","Defend_G","Defend_G","Defend_G","Survivor","Neutralize+1","Cloak And Dagger","Infinite Blades","Terror","Footwork","PiercingWail","Skewer","Blade Dance+1","Dagger Spray+1","Blade Dance","Die Die Die+1","Noxious Fumes+1","Bane+1","Doppelganger","Storm of Steel","Slice+1"],"relics":["Ring of the Snake","Whetstone","Frozen Egg 2","Pear","Ancient Tea Set","Molten Egg 2","Black Star"],"potions_floor_usage":[10,11,13,16,22],"damage_taken":[{"damage":0,"enemies":"Cultist","floor":1,"turns":3},{"damage":0,"enemies":"Jaw Worm","floor":3,"turns":4},{"damage":0,"enemies":"Small Slimes","floor":4,"turns":4},{"damage":7,"enemies":"Exordium Thugs","floor":7,"turns":6},{"damage":18,"enemies":"3 Sentries","floor":8,"turns":9},{"damage":0,"enemies":"2 Fungi Beasts","floor":10,"turns":4},{"damage":5,"enemies":"Lagavulin","floor":11,"turns":7},{"damage":31,"enemies":"Gremlin Nob","floor":13,"turns":5},{"damage":0,"enemies":"Lots of Slimes","floor":14,"turns":1},{"damage":19,"enemies":"The Guardian","floor":16,"turns":13},{"damage":27,"enemies":"Spheric Guardian","floor":18,"turns":5},{"damage":11,"enemies":"Shell Parasite","floor":19,"turns":5},{"damage":18,"enemies":"Centurion and Healer","floor":22,"turns":6},{"damage":36,"enemies":"Gremlin Leader","floor":24,"turns":5}],"seed_played":"5771180128690295948","potions_obtained":[{"floor":1,"key":"FearPotion"},{"floor":3,"key":"Weak Potion"},{"floor":8,"key":"Regen Potion"},{"floor":10,"key":"Energy Potion"},{"floor":16,"key":"GamblersBrew"},{"floor":19,"key":"SkillPotion"}],"is_trial":false,"path_per_floor":["M","$","M","M","$","R","M","E","T","M","E","R","E","M","R","B",null,"M","M","?","?","M","R","E"],"character_chosen":"THE_SILENT","items_purchased":["Infinite Blades"],"campfire_rested":2,"item_purchase_floors":[2],"current_hp_per_floor":[70,70,70,70,70,70,63,45,55,67,62,62,31,31,55,36,80,53,42,42,27,9,34,0],"gold":357,"neow_bonus":"RANDOM_COMMON_RELIC","is_prod":false,"is_daily":false,"chose_seed":false,"campfire_upgraded":2,"win_rate":0,"timestamp":1562171259,"path_taken":["M","?","M","?","$","R","M","E","T","M","E","R","E","M","R","BOSS","M","M","?","?","?","R","E"],"build_version":"2019-07-01","purchased_purges":0,"victory":false,"max_hp_per_floor":[70,70,70,70,70,70,70,70,80,80,80,80,80,80,80,80,80,80,80,80,85,85,85,85],"card_choices":[{"not_picked":["Masterful Stab","Sucker Punch"],"picked":"Cloak And Dagger","floor":1},{"not_picked":["Flying Knee","Heel Hook"],"picked":"Terror","floor":3},{"not_picked":["Crippling Poison","Dagger Throw"],"picked":"Cloak And Dagger","floor":4},{"not_picked":["Heel Hook","Prepared"],"picked":"Footwork","floor":7},{"not_picked":["Riddle With Holes","Outmaneuver"],"picked":"PiercingWail","floor":8},{"not_picked":["Flying Knee","Slice"],"picked":"Skewer","floor":10},{"not_picked":["Endless Agony","Reflex"],"picked":"Blade Dance","floor":11},{"not_picked":["PiercingWail","Skewer"],"picked":"Dagger Spray","floor":13},{"not_picked":["Backflip","Dodge and Roll"],"picked":"Blade Dance","floor":14},{"not_picked":["Malaise","Venomology"],"picked":"Die Die Die+1","floor":16},{"not_picked":["Poisoned Stab+1","Deadly Poison"],"picked":"Noxious Fumes+1","floor":18},{"not_picked":["Sucker Punch+1","Backflip+1"],"picked":"Bane+1","floor":19},{"not_picked":["Underhanded Strike+1","Skewer+1"],"picked":"Slice+1","floor":22}],"player_experience":107807,"relics_obtained":[{"floor":8,"key":"Frozen Egg 2"},{"floor":9,"key":"Pear"},{"floor":11,"key":"Ancient Tea Set"},{"floor":13,"key":"Molten Egg 2"}],"event_choices":[{"damage_healed":0,"gold_gain":0,"cards_transformed":["Cloak And Dagger","Strike_G"],"player_choice":"Became Test Subject","damage_taken":0,"max_hp_gain":0,"max_hp_loss":0,"event_name":"Drug Dealer","floor":20,"gold_loss":0,"cards_obtained":["Doppelganger","Storm of Steel"]},{"damage_healed":0,"gold_gain":0,"player_choice":"Shed Blood","damage_taken":20,"max_hp_gain":5,"max_hp_loss":0,"event_name":"Forgotten Altar","floor":21,"gold_loss":0}],"is_beta":false,"boss_relics":[{"not_picked":["Pandora\u0027s Box","White Beast Statue"],"picked":"Black Star"}],"items_purged_floors":[],"is_endless":false,"potions_floor_spawned":[1,3,8,10,16,19],"killed_by":"Gremlin Leader","ascension_level":0}