{"gold_per_floor":[111,123,136,150,169,53,68,68,68,98,117,132,161,174,174,270,270,285,296,310,328,342,342,257,126,200,231,231,231,231,245,245,345,345,355,369,389,82,0,0,13,13,36,50,50,50,60,6,6,6],"floor_reached":50,"playtime":5662,"items_purged":["Strike_B"],"score":507,"play_id":"3a2ad7a6-9618-428a-a406-c0772c08d330","local_time":"20190620234833","is_ascension_mode":false,"campfire_choices":[{"data":"Zap","floor":15.0,"key":"SMITH"},{"data":"Biased Cognition","floor":23,"key":"SMITH"},{"data":"Barrage","floor":29,"key":"SMITH"},{"data":"Dualcast","floor":30,"key":"SMITH"},{"data":"Enlightenment","floor":32,"key":"SMITH"},{"data":"Force Field","floor":40,"key":"SMITH"},{"data":"Streamline","floor":45,"key":"SMITH"},{"floor":49,"key":"REST"}],"neow_cost":"NONE","seed_source_timestamp":0,"circlet_count":0,"master_deck":["Strike_B","Defend_B","Defend_B","Defend_B","Zap+1","Dualcast+1","Heatsinks","Genetic Algorithm","Lockon","Self Repair","Streamline+1","Hello World","Gash","Sweeping Beam","Reinforced Body","Rainbow","Beam Cell","Conserve Battery","Seek","Barrage+1","Streamline+1","Biased Cognition+1","Melter","Enlightenment+1","Stack","Gash","Beam Cell","Amplify","Loop+1","Loop+1","Electrodynamics+1","Force Field+1","Aggregate","Finesse","All For One","Barrage","Leap+1","Sweeping Beam+1","Storm"],"special_seed":0,"relics":["Cracked Core","NeowsBlessing","FossilizedHelix","Oddly Smooth Stone","Bottled Flame","Runic Pyramid","Torii","Pear","The Courier","WingedGreaves","Astrolabe","Ancient Tea Set","Red Mask","Art of War"],"potions_floor_usage":[27,33,47,47,50],"damage_taken":[{"damage":0.0,"enemies":"Cultist","floor":1.0,"turns":1.0},{"damage":0.0,"enemies":"2 Louse","floor":2.0,"turns":1.0},{"damage":0.0,"enemies":"Small Slimes","floor":3.0,"turns":1.0},{"damage":24.0,"enemies":"Exordium Thugs","floor":4.0,"turns":6.0},{"damage":14.0,"enemies":"3 Louse","floor":5.0,"turns":4.0},{"damage":5.0,"enemies":"Exordium Wildlife","floor":7.0,"turns":4.0},{"damage":24.0,"enemies":"Gremlin Nob","floor":10.0,"turns":5.0},{"damage":0.0,"enemies":"Large Slime","floor":11.0,"turns":5.0},{"damage":0.0,"enemies":"Exordium Thugs","floor":12.0,"turns":4.0},{"damage":9.0,"enemies":"3 Sentries","floor":13.0,"turns":5.0},{"damage":0.0,"enemies":"2 Fungi Beasts","floor":14.0,"turns":3.0},{"damage":19.0,"enemies":"Hexaghost","floor":16.0,"turns":9.0},{"damage":0.0,"enemies":"Chosen","floor":18.0,"turns":6.0},{"damage":4.0,"enemies":"Shell Parasite","floor":19.0,"turns":7.0},{"damage":10.0,"enemies":"Centurion and Healer","floor":20.0,"turns":8.0},{"damage":13,"enemies":"Cultist and Chosen","floor":21,"turns":7},{"damage":21,"enemies":"Shelled Parasite and Fungi","floor":22,"turns":7},{"damage":13,"enemies":"Book of Stabbing","floor":27,"turns":5},{"damage":6,"enemies":"3 Cultists","floor":31,"turns":6},{"damage":66,"enemies":"Champ","floor":33,"turns":13},{"damage":15,"enemies":"3 Darklings","floor":35,"turns":3},{"damage":3,"enemies":"3 Shapes","floor":36,"turns":3},{"damage":48,"enemies":"Sphere and 2 Shapes","floor":37,"turns":6},{"damage":17,"enemies":"3 Darklings","floor":41,"turns":4},{"damage":57,"enemies":"Writhing Mass","floor":44,"turns":8},{"damage":6,"enemies":"Transient","floor":47,"turns":5},{"damage":59,"enemies":"Donu and Deca","floor":50,"turns":4}],"seed_played":"5053413305129120560","potions_obtained":[{"floor":2.0,"key":"Regen Potion"},{"floor":3.0,"key":"Dexterity Potion"},{"floor":7.0,"key":"Ancient Potion"},{"floor":11.0,"key":"PowerPotion"},{"floor":12.0,"key":"Block Potion"},{"floor":18.0,"key":"FairyPotion"},{"floor":20.0,"key":"Block Potion"},{"floor":27,"key":"SpeedPotion"},{"floor":33,"key":"AttackPotion"},{"floor":37,"key":"SpeedPotion"},{"floor":44,"key":"Poison Potion"},{"floor":47,"key":"LiquidBronze"}],"is_trial":false,"path_per_floor":["M","M","M","M","M","$","M","?","T","E","M","M","E","M","R","B",null,"M","M","M","M","M","R","?","$","T","E","?","R","R","M","R","B",null,"M","M","M","$","?","R","M","?","T","M","R","$","M","$","R","B"],"character_chosen":"DEFECT","items_purchased":["Hello World","Enlightenment","Stack","Finesse","All For One","Ancient Tea Set","Storm"],"campfire_rested":1,"item_purchase_floors":[6,25,25,38,38,38,48],"current_hp_per_floor":[75,75,75,51,44,44,46,46,46,41,48,55,53,60,60,48,75,75,75,72,66,52,52,52,52,62,49,49,49,49,50,50,15,85,70,67,26,26,26,26,9,74,74,24,24,24,25,25,47,0],"gold":6,"neow_bonus":"THREE_ENEMY_KILL","is_prod":false,"is_daily":false,"chose_seed":false,"campfire_upgraded":7,"win_rate":0.0,"timestamp":1561088913,"path_taken":["M","?","M","M","M","$","M","?","T","E","M","?","E","M","R","BOSS","M","M","M","M","M","R","?","$","T","E","?","R","R","M","R","BOSS","M","M","M","$","?","R","M","?","T","M","R","$","M","$","R","BOSS"],"build_version":"2019-01-23","purchased_purges":1,"victory":false,"max_hp_per_floor":[75,75,75,75,75,75,75,75,75,75,75,75,75,75,75,75,75,75,75,75,75,75,75,75,75,85,85,85,85,85,85,85,85,85,85,85,85,85,85,85,85,74,74,74,74,74,74,74,74,74],"card_choices":[{"not_picked":["Stack","Beam Cell"],"picked":"Heatsinks","floor":1.0},{"not_picked":["Ball Lightning","Gash"],"picked":"Genetic Algorithm","floor":2.0},{"not_picked":["Leap","Gash"],"picked":"Lockon","floor":3.0},{"not_picked":["Reprogram","Redo"],"picked":"Self Repair","floor":4.0},{"not_picked":["Reprogram","Leap"],"picked":"Streamline","floor":5.0},{"not_picked":["Amplify","Streamline"],"picked":"Gash","floor":7.0},{"not_picked":["Steam","Blizzard"],"picked":"Sweeping Beam","floor":10.0},{"not_picked":["Sweeping Beam","Steam"],"picked":"Reinforced Body","floor":11.0},{"not_picked":["Leap","Steam Power"],"picked":"Rainbow","floor":12.0},{"not_picked":["Stack","Sweeping Beam"],"picked":"Beam Cell","floor":13.0},{"not_picked":["Steam","Beam Cell"],"picked":"Conserve Battery","floor":14.0},{"not_picked":["Machine Learning","Buffer"],"picked":"Seek","floor":16.0},{"not_picked":["Hologram","Compile Driver+1"],"picked":"Reprogram","floor":18.0},{"not_picked":["Hologram","Sweeping Beam"],"picked":"Barrage","floor":19.0},{"not_picked":["Darkness","Redo"],"picked":"Streamline+1","floor":20.0},{"not_picked":["Sweeping Beam+1","Heatsinks+1"],"picked":"Biased Cognition","floor":21},{"not_picked":["Skim","Gash"],"picked":"Melter","floor":22},{"not_picked":["Barrage","Coolheaded"],"picked":"Gash","floor":27},{"not_picked":["Streamline","Tempest"],"picked":"Beam Cell","floor":31},{"not_picked":["Buffer","Biased Cognition"],"picked":"Amplify","floor":33},{"not_picked":["Gash+1","Coolheaded+1"],"picked":"Force Field","floor":35},{"not_picked":["Cold Snap","Scrape"],"picked":"Aggregate","floor":36},{"not_picked":["Streamline+1","Redo","Coolheaded+1"],"picked":"SKIP","floor":37},{"not_picked":["Heatsinks+1","Double Energy"],"picked":"Barrage","floor":41},{"not_picked":["Hologram","Beam Cell"],"picked":"Leap+1","floor":44},{"not_picked":["Streamline","Rainbow"],"picked":"Sweeping Beam+1","floor":47}],"player_experience":426601,"relics_obtained":[{"floor":9.0,"key":"FossilizedHelix"},{"floor":10.0,"key":"Oddly Smooth Stone"},{"floor":13.0,"key":"Bottled Flame"},{"floor":26,"key":"Pear"},{"floor":27,"key":"The Courier"},{"floor":43,"key":"Art of War"}],"event_choices":[{"cards_removed":["Strike_B"],"damage_healed":0.0,"max_hp_gain":0.0,"max_hp_loss":0.0,"gold_gain":0.0,"event_name":"Purifier","player_choice":"Purged","floor":8.0,"gold_loss":0.0,"damage_taken":0.0},{"damage_healed":0,"gold_gain":0,"player_choice":"Obtained Relic","damage_taken":0,"relics_obtained":["Torii"],"max_hp_gain":0,"max_hp_loss":0,"event_name":"Addict","floor":24,"gold_loss":85},{"damage_healed":0,"gold_gain":0,"player_choice":"Gave Potion","damage_taken":0,"relics_obtained":["WingedGreaves"],"max_hp_gain":0,"max_hp_loss":0,"event_name":"WeMeetAgain","floor":28,"gold_loss":0},{"damage_healed":0,"gold_gain":0,"player_choice":"Paid","damage_taken":0,"relics_obtained":["Red Mask"],"max_hp_gain":0,"max_hp_loss":0,"event_name":"Tomb of Lord Red Mask","floor":39,"gold_loss":82},{"damage_healed":74,"gold_gain":0,"player_choice":"Heal","damage_taken":0,"max_hp_gain":0,"max_hp_loss":11,"event_name":"The Moai Head","floor":42,"gold_loss":0}],"is_beta":false,"boss_relics":[{"not_picked":["Coffee Dripper","Sozu"],"picked":"Runic Pyramid"},{"not_picked":["Runic Dome","Eternal Feather"],"picked":"Astrolabe"}],"items_purged_floors":[6],"is_endless":false,"potions_floor_spawned":[2,3,7,11,12,13,18,20,27,33,37,44,47],"killed_by":"Donu and Deca","ascension_level":0}