{"gold_per_floor":[17,33,43,118,118,118,131,163,189,201,228,251,263,295,307,414,426,457,483,495,390,100,100,134,146,146,146,146,156,156,156,156,258,258,276,294,254,270,280,280,294,312,366,366],"floor_reached":44,"playtime":4074,"items_purged":[],"score":434,"play_id":"7722961a-48e9-4c2c-8d23-82ea30ad0268","local_time":"20181107061051","is_ascension_mode":false,"campfire_choices":[{"data":"Bouncing Flask","floor":6,"key":"SMITH"},{"data":"Dash","floor":15,"key":"SMITH"},{"floor":23,"key":"DIG"},{"floor":27,"key":"DIG"},{"floor":32,"key":"DIG"},{"floor":40,"key":"DIG"}],"neow_cost":"NO_GOLD","seed_source_timestamp":92361040736493,"circlet_count":0,"master_deck":["Defend_G","Defend_G","Defend_G+1","Defend_G+1","Defend_G","Survivor","Neutralize+1","Flying Knee+1","Bouncing Flask+1","Footwork+1","Dash+1","Deflect","Calculated Gamble","Tools of the Trade","Caltrops","Well Laid Plans","Malaise","Terror","Caltrops+1","Noxious Fumes"],"relics":["Ring of the Serpent","PreservedInsect","MawBank","Tiny Chest","Shovel","Potion Belt","Mummified Hand","War Paint","Smiling Mask","Whetstone","WristBlade","Regal Pillow","Vajra"],"potions_floor_usage":[8,14,33,33,33,38,39,41,42,44],"damage_taken":[{"damage":0,"enemies":"2 Louse","floor":1,"turns":4},{"damage":0,"enemies":"Small Slimes","floor":2,"turns":4},{"damage":0,"enemies":"Cultist","floor":3,"turns":4},{"damage":0,"enemies":"Large Slime","floor":7,"turns":8},{"damage":19,"enemies":"3 Sentries","floor":8,"turns":8},{"damage":0,"enemies":"Looter","floor":11,"turns":4},{"damage":0,"enemies":"Exordium Thugs","floor":12,"turns":5},{"damage":6,"enemies":"3 Louse","floor":14,"turns":4},{"damage":17,"enemies":"Hexaghost","floor":16,"turns":10},{"damage":12,"enemies":"Spheric Guardian","floor":18,"turns":7},{"damage":2,"enemies":"Chosen","floor":19,"turns":6},{"damage":18,"enemies":"Book of Stabbing","floor":24,"turns":5},{"damage":8,"enemies":"Snake Plant","floor":25,"turns":5},{"damage":1,"enemies":"Sentry and Sphere","floor":29,"turns":7},{"damage":20,"enemies":"Automaton","floor":33,"turns":11},{"damage":44,"enemies":"3 Shapes","floor":35,"turns":3},{"damage":1,"enemies":"Orb Walker","floor":36,"turns":5},{"damage":12,"enemies":"Maw","floor":38,"turns":8},{"damage":12,"enemies":"Transient","floor":39,"turns":5},{"damage":3,"enemies":"4 Shapes","floor":41,"turns":6},{"damage":10,"enemies":"Writhing Mass","floor":42,"turns":7},{"damage":11,"enemies":"Jaw Worm Horde","floor":44,"turns":5}],"seed_played":"-4254484656032223529","potions_obtained":[{"floor":2,"key":"SkillPotion"},{"floor":7,"key":"GamblersBrew"},{"floor":8,"key":"PowerPotion"},{"floor":12,"key":"FearPotion"},{"floor":19,"key":"LiquidBronze"},{"floor":25,"key":"SkillPotion"},{"floor":29,"key":"Dexterity Potion"},{"floor":35,"key":"LiquidBronze"},{"floor":38,"key":"Dexterity Potion"},{"floor":39,"key":"PowerPotion"},{"floor":41,"key":"Regen Potion"}],"is_trial":false,"path_per_floor":["M","M","M","?","?","R","M","E","T","?","M","M","?","M","R","B",null,"M","M","?","$","$","R","E","M","T","R","?","M","?","?","R","B",null,"M","M","?","M","M","R","M","M","T","M"],"character_chosen":"THE_SILENT","items_purchased":["Tiny Chest","Shovel"],"campfire_rested":0,"item_purchase_floors":[21,22],"current_hp_per_floor":[70,70,70,59,64,64,64,45,45,45,45,45,45,39,39,22,75,63,61,61,61,61,61,43,35,35,35,35,34,34,59,59,39,75,31,30,30,18,6,6,3,8,8,0],"gold":366,"neow_bonus":"REMOVE_TWO","is_prod":false,"is_daily":false,"chose_seed":false,"campfire_upgraded":2,"win_rate":0,"timestamp":1541589051,"path_taken":["M","M","M","?","?","R","M","E","T","?","?","M","?","M","R","BOSS","M","M","?","?","$","R","E","M","T","R","?","?","?","?","R","BOSS","M","M","?","M","M","R","M","M","T","M"],"build_version":"2018-11-05","purchased_purges":0,"victory":false,"max_hp_per_floor":[70,70,70,70,75,75,75,75,75,75,75,75,75,75,75,75,75,75,75,75,75,75,75,75,75,75,75,75,75,75,75,75,75,75,75,75,75,75,75,75,75,75,75,75],"card_choices":[{"not_picked":["Outmaneuver","Deflect"],"picked":"Flying Knee","floor":1},{"not_picked":["Flechettes","Eviscerate"],"picked":"Bouncing Flask","floor":2},{"not_picked":["Heel Hook","Deflect"],"picked":"Footwork","floor":3},{"not_picked":["Outmaneuver","Deflect"],"picked":"Dash","floor":7},{"not_picked":["Slice","Tactician"],"picked":"Deflect","floor":8},{"not_picked":["Quick Slash","Acrobatics"],"picked":"Calculated Gamble","floor":11},{"not_picked":["Skewer","Deflect","Tactician"],"picked":"SKIP","floor":12},{"not_picked":["Endless Agony","Heel Hook","Slice"],"picked":"SKIP","floor":14},{"not_picked":["Die Die Die","Unload"],"picked":"Tools of the Trade","floor":16},{"not_picked":["Deadly Poison","Acrobatics","Sucker Punch+1"],"picked":"SKIP","floor":18},{"not_picked":["Blade Dance+1","Quick Slash+1"],"picked":"Caltrops","floor":19},{"not_picked":["Deflect","All Out Attack","Skewer"],"picked":"SKIP","floor":24},{"not_picked":["Deflect","Bullet Time","Outmaneuver"],"picked":"SKIP","floor":25},{"not_picked":["Poisoned Stab+1","Deflect"],"picked":"Well Laid Plans","floor":29},{"not_picked":["Wraith Form v2","Tools of the Trade"],"picked":"Malaise","floor":33},{"not_picked":["PiercingWail","Bane"],"picked":"Terror","floor":35},{"not_picked":["Bouncing Flask+1","Deflect+1","Prepared+1"],"picked":"SKIP","floor":36},{"not_picked":["Masterful Stab","Heel Hook+1"],"picked":"Caltrops+1","floor":38},{"not_picked":["Bane","Flying Knee","Die Die Die"],"picked":"SKIP","floor":39},{"not_picked":["Quick Slash+1","Blade Dance+1","Acrobatics+1"],"picked":"SKIP","floor":41},{"not_picked":["Caltrops+1","Deflect+1"],"picked":"Noxious Fumes","floor":42}],"player_experience":179945,"relics_obtained":[{"floor":8,"key":"PreservedInsect"},{"floor":9,"key":"MawBank"},{"floor":23,"key":"Potion Belt"},{"floor":24,"key":"Mummified Hand"},{"floor":26,"key":"War Paint"},{"floor":27,"key":"Smiling Mask"},{"floor":32,"key":"Whetstone"},{"floor":40,"key":"Regal Pillow"},{"floor":43,"key":"Vajra"}],"event_choices":[{"damage_healed":0,"gold_gain":75,"player_choice":"Gather Gold","damage_taken":11,"max_hp_gain":0,"max_hp_loss":0,"event_name":"World of Goop","floor":4,"gold_loss":0},{"damage_healed":0,"gold_gain":0,"player_choice":"Donut","damage_taken":0,"max_hp_gain":5,"max_hp_loss":0,"event_name":"Big Fish","floor":5,"gold_loss":0},{"damage_healed":0,"gold_gain":0,"player_choice":"Bought 0 Potions","damage_taken":0,"max_hp_gain":0,"max_hp_loss":0,"event_name":"The Woman in Blue","floor":10,"gold_loss":0},{"cards_removed":["Strike_G"],"damage_healed":0,"gold_gain":0,"player_choice":"Forget","damage_taken":0,"max_hp_gain":0,"max_hp_loss":0,"event_name":"Living Wall","floor":13,"gold_loss":0},{"cards_removed":["Strike_G"],"damage_healed":0,"gold_gain":0,"player_choice":"Card Removal","damage_taken":0,"max_hp_gain":0,"max_hp_loss":0,"event_name":"Wheel of Change","floor":20,"gold_loss":0},{"cards_removed":["Strike_G"],"damage_healed":0,"gold_gain":0,"player_choice":"Purged","damage_taken":0,"max_hp_gain":0,"max_hp_loss":0,"event_name":"Purifier","floor":28,"gold_loss":0},{"damage_healed":0,"gold_gain":0,"player_choice":"Ignored","damage_taken":0,"max_hp_gain":0,"max_hp_loss":0,"event_name":"Cursed Tome","floor":30,"gold_loss":0},{"damage_healed":25,"gold_gain":0,"player_choice":"Heal","damage_taken":0,"max_hp_gain":0,"max_hp_loss":0,"event_name":"The Library","floor":31,"gold_loss":0},{"damage_healed":0,"gold_gain":0,"player_choice":"Upgrade","damage_taken":0,"max_hp_gain":0,"max_hp_loss":0,"event_name":"Designer","floor":37,"gold_loss":40,"cards_upgraded":["Footwork"]}],"is_beta":true,"boss_relics":[{"not_picked":["Runic Dome","Astrolabe"],"picked":"Ring of the Serpent"},{"not_picked":["Empty Cage","HoveringKite"],"picked":"WristBlade"}],"items_purged_floors":[],"is_endless":false,"potions_floor_spawned":[2,7,8,12,19,25,29,35,38,39,41],"killed_by":"Jaw Worm Horde","ascension_level":0}