{"gold_per_floor":[116,126,126,201,201,227,227,256,279,310,324,351,145,145,145,247,247,263,363,363,375,129,129],"floor_reached":23,"playtime":1466,"items_purged":[],"score":264,"play_id":"830eb041-91f2-493e-a746-43eefdbd353e","local_time":"20190714173928","is_ascension_mode":true,"campfire_choices":[{"data":"Bash","floor":7,"key":"SMITH"},{"floor":15,"key":"REST"}],"neow_cost":"NONE","seed_source_timestamp":114281742345059,"circlet_count":0,"master_deck":["Strike_R","Strike_R","Strike_R+1","Strike_R+1","Strike_R","Defend_R","Defend_R","Defend_R","Defend_R","Bash+1","Armaments+1","Reaper","Clothesline","Rage","Offering","Pommel Strike","Feed+1","Shrug It Off"],"relics":["Burning Blood","NeowsBlessing","Juzu Bracelet","Bird Faced Urn","Whetstone","Pear","Bottled Lightning","Regal Pillow","White Beast Statue","Gremlin Horn"],"potions_floor_usage":[8,10,12,23],"damage_taken":[{"damage":0,"enemies":"Cultist","floor":1,"turns":1},{"damage":0,"enemies":"2 Louse","floor":2,"turns":1},{"damage":0,"enemies":"3 Sentries","floor":6,"turns":1},{"damage":40,"enemies":"Gremlin Nob","floor":8,"turns":5},{"damage":39,"enemies":"3 Sentries","floor":10,"turns":11},{"damage":10,"enemies":"Jaw Worm","floor":11,"turns":4},{"damage":25,"enemies":"Lagavulin","floor":12,"turns":6},{"damage":54,"enemies":"Hexaghost","floor":16,"turns":14},{"damage":76,"enemies":"3 Byrds","floor":18,"turns":10},{"damage":12,"enemies":"Chosen","floor":21,"turns":5},{"damage":29,"enemies":"Slavers","floor":23,"turns":2}],"seed_played":"858048687320233304","potions_obtained":[{"floor":1,"key":"PowerPotion"},{"floor":2,"key":"Strength Potion"},{"floor":10,"key":"Fire Potion"},{"floor":18,"key":"PowerPotion"},{"floor":21,"key":"PowerPotion"}],"is_trial":false,"path_per_floor":["M","M","?","?","?","E","R","E","T","E","M","E","$","?","R","B",null,"M","?","?","M","$","E"],"character_chosen":"IRONCLAD","items_purchased":["Pommel Strike","Regal Pillow","Gremlin Horn"],"campfire_rested":1,"item_purchase_floors":[13,13,22],"current_hp_per_floor":[80,80,80,69,69,75,75,41,41,33,29,14,14,14,56,14,90,30,30,30,24,24,0],"gold":129,"neow_bonus":"THREE_ENEMY_KILL","is_prod":false,"is_daily":false,"chose_seed":false,"campfire_upgraded":1,"win_rate":0,"timestamp":1563143968,"path_taken":["M","M","?","?","?","E","R","E","T","E","M","E","$","?","R","BOSS","M","?","?","M","$","E"],"build_version":"2019-07-05","purchased_purges":0,"victory":false,"max_hp_per_floor":[80,80,80,80,80,80,80,80,80,90,90,90,90,90,90,90,90,94,94,94,94,94,94],"card_choices":[{"not_picked":["Blood for Blood","Iron Wave","Power Through"],"picked":"SKIP","floor":1},{"not_picked":["Sever Soul","Body Slam"],"picked":"Armaments","floor":2},{"not_picked":["Heavy Blade","Iron Wave","Pummel"],"picked":"SKIP","floor":6},{"not_picked":["Wild Strike","Body Slam"],"picked":"Reaper","floor":8},{"not_picked":["Metallicize","Heavy Blade"],"picked":"Clothesline","floor":10},{"not_picked":["Havoc","Spot Weakness"],"picked":"Rage","floor":11},{"not_picked":["Feel No Pain","Intimidate"],"picked":"Offering","floor":12},{"not_picked":["Juggernaut","Berserk"],"picked":"Feed","floor":16},{"not_picked":["Blood for Blood","Body Slam+1"],"picked":"Shrug It Off","floor":18},{"not_picked":["Spot Weakness","Flex","Clash"],"picked":"SKIP","floor":21}],"player_experience":166416,"relics_obtained":[{"floor":6,"key":"Juzu Bracelet"},{"floor":8,"key":"Bird Faced Urn"},{"floor":9,"key":"Whetstone"},{"floor":10,"key":"Pear"},{"floor":12,"key":"Bottled Lightning"}],"event_choices":[{"damage_healed":0,"gold_gain":0,"player_choice":"Ignored","damage_taken":0,"max_hp_gain":0,"max_hp_loss":0,"event_name":"Liars Game","floor":3,"gold_loss":0},{"damage_healed":0,"gold_gain":75,"player_choice":"Gather Gold","damage_taken":11,"max_hp_gain":0,"max_hp_loss":0,"event_name":"World of Goop","floor":4,"gold_loss":0},{"damage_healed":0,"gold_gain":0,"player_choice":"Grow","damage_taken":0,"max_hp_gain":0,"max_hp_loss":0,"event_name":"Living Wall","floor":5,"gold_loss":0,"cards_upgraded":["Armaments"]},{"damage_healed":0,"gold_gain":0,"player_choice":"Searched \u00271\u0027 times","damage_taken":0,"max_hp_gain":0,"max_hp_loss":0,"event_name":"Dead Adventurer","floor":14,"gold_loss":0},{"damage_healed":0,"gold_gain":100,"player_choice":"Pray","damage_taken":0,"max_hp_gain":0,"max_hp_loss":0,"event_name":"Golden Shrine","floor":19,"gold_loss":0},{"damage_healed":0,"gold_gain":0,"player_choice":"Forge","damage_taken":0,"max_hp_gain":0,"max_hp_loss":0,"event_name":"Accursed Blacksmith","floor":20,"gold_loss":0,"cards_upgraded":["Feed"]}],"is_beta":false,"boss_relics":[{"not_picked":["Lizard Tail","Astrolabe"],"picked":"White Beast Statue"}],"items_purged_floors":[],"is_endless":false,"potions_floor_spawned":[1,2,10,18,21],"killed_by":"Slavers","ascension_level":2}