{"gold_per_floor":[113,113,113,113,129,156,173,173,173,203,203,203,13,27,27,152,152,176,176,176,13,26,26,61,74,74,87,106,126,138,2,2,105,105,116,134,134,94,112,112,112,123,123,123,135,135],"floor_reached":46,"playtime":7641,"items_purged":["Injury"],"score":477,"play_id":"ea0e31bc-4113-44c8-a874-7aea060f3884","local_time":"20180707095227","is_ascension_mode":false,"campfire_choices":[{"data":"Iron Wave","floor":8.0,"key":"SMITH"},{"floor":15.0,"key":"REST"},{"data":"Berserk","floor":23.0,"key":"SMITH"},{"data":"Bandage Up","floor":32.0,"key":"SMITH"},{"data":"Bandage Up","floor":40.0,"key":"SMITH"}],"neow_cost":"","seed_source_timestamp":0,"circlet_count":0,"master_deck":["Strike_R","Strike_R","Strike_R","Strike_R+1","Strike_R","Defend_R","Defend_R","Defend_R","Defend_R","Bash+1","Clothesline+1","Battle Trance","Cleave","Iron Wave+1","Disarm","Blind","Headbutt","Clash","Seeing Red+1","Bandage Up+1","Headbutt","Warcry","Rage","Hemokinesis+1","Inflame+1","Thunderclap+1","Intimidate","Warcry+1","Anger","Bandage Up+1","Anger","Feed","Intimidate","Flex","Blood for Blood+1","Decay","Shrug It Off+1","Doubt","Pommel Strike"],"special_seed":0,"relics":["Burning Blood","Bottled Flame","Question Card","Lantern","Bloody Idol","Coffee Dripper","Boot","Paper Frog","Velvet Choker","Bottled Tornado"],"potions_floor_usage":[42,42,42],"damage_taken":[{"damage":11.0,"enemies":"2 Louse","floor":1.0,"turns":4.0},{"damage":6.0,"enemies":"Jaw Worm","floor":5.0,"turns":4.0},{"damage":24.0,"enemies":"Gremlin Nob","floor":6.0,"turns":4.0},{"damage":4.0,"enemies":"Cultist","floor":7.0,"turns":3.0},{"damage":20.0,"enemies":"Lagavulin","floor":10.0,"turns":7.0},{"damage":5.0,"enemies":"Lots of Slimes","floor":14.0,"turns":2.0},{"damage":21.0,"enemies":"The Guardian","floor":16.0,"turns":12.0},{"damage":8.0,"enemies":"Shell Parasite","floor":18.0,"turns":6.0},{"damage":19.0,"enemies":"Spheric Guardian","floor":22.0,"turns":4.0},{"damage":26.0,"enemies":"Book of Stabbing","floor":24.0,"turns":6.0},{"damage":38.0,"enemies":"Chosen and Byrds","floor":25.0,"turns":8.0},{"damage":14.0,"enemies":"Snake Plant","floor":27.0,"turns":4.0},{"damage":7.0,"enemies":"3 Cultists","floor":28.0,"turns":4.0},{"damage":15.0,"enemies":"Centurion and Healer","floor":29.0,"turns":4.0},{"damage":3.0,"enemies":"Snecko","floor":30.0,"turns":3.0},{"damage":45.0,"enemies":"Champ","floor":33.0,"turns":11.0},{"damage":37.0,"enemies":"3 Darklings","floor":35.0,"turns":5.0},{"damage":24.0,"enemies":"3 Shapes","floor":36.0,"turns":4.0},{"damage":72.0,"enemies":"Maw","floor":39.0,"turns":9.0},{"damage":26,"enemies":"4 Shapes","floor":42,"turns":3},{"damage":64,"enemies":"3 Darklings","floor":45,"turns":7},{"damage":51,"enemies":"Sphere and 2 Shapes","floor":46,"turns":5}],"seed_played":"-165892669397006849","potions_obtained":[{"floor":5.0,"key":"AttackPotion"},{"floor":7.0,"key":"AttackPotion"},{"floor":10.0,"key":"Fire Potion"},{"floor":14.0,"key":"SteroidPotion"},{"floor":24.0,"key":"Weak Potion"},{"floor":27.0,"key":"AttackPotion"},{"floor":29.0,"key":"Block Potion"},{"floor":30.0,"key":"AttackPotion"},{"floor":35.0,"key":"Explosive Potion"},{"floor":38.0,"key":"GamblersBrew"},{"floor":38.0,"key":"Regen Potion"},{"floor":38.0,"key":"Dexterity Potion"},{"floor":39.0,"key":"FearPotion"}],"is_trial":false,"path_per_floor":["M","?","?","?","M","E","M","R","T","E","?","?","$","M","R","B",null,"M","?","?","$","M","R","E","M","T","M","M","M","M","$","R","B",null,"M","M","?","?","M","R","?","M","T","?","M"],"character_chosen":"IRONCLAD","items_purchased":["Blind","Headbutt","Bandage Up","Headbutt","Warcry","Bandage Up","Anger"],"campfire_rested":1,"item_purchase_floors":[],"current_hp_per_floor":[75,59,59,59,59,41,43,43,43,29,29,29,29,30,54,39,80,78,78,78,78,74,74,63,40,40,41,45,45,53,53,53,29,80,64,58,58,58,21,21,21,15,15,86,45,0],"gold":135,"neow_bonus":"","is_prod":false,"is_daily":false,"chose_seed":false,"campfire_upgraded":4,"win_rate":0.0,"timestamp":1530971547,"path_taken":["M","?","?","?","M","E","M","R","T","E","?","?","$","M","R","BOSS","M","?","?","$","M","R","E","?","T","M","M","M","?","$","R","BOSS","M","M","?","?","M","R","?","M","T","?","M","M"],"build_version":"2018-07-05","purchased_purges":1,"victory":false,"max_hp_per_floor":[80,80,80,80,80,80,80,80,80,80,80,80,80,80,80,80,80,80,80,80,80,80,80,80,80,80,80,80,80,80,80,80,80,80,80,83,83,83,83,83,83,86,86,86,86,86],"card_choices":[{"not_picked":["Corruption","Iron Wave"],"picked":"Clothesline","floor":1.0},{"not_picked":["Wild Strike","Sword Boomerang"],"picked":"Battle Trance","floor":5.0},{"not_picked":["Dropkick","True Grit"],"picked":"Cleave","floor":6.0},{"not_picked":["Reckless Charge","Uppercut"],"picked":"Iron Wave","floor":7.0},{"not_picked":["Pommel Strike","Sever Soul","Demon Form"],"picked":"Disarm","floor":10.0},{"not_picked":["Battle Trance","Warcry","Whirlwind"],"picked":"Clash","floor":14.0},{"not_picked":["Dark Embrace","Juggernaut","Brutality"],"picked":"Berserk","floor":16.0},{"not_picked":["Pummel","Twin Strike+1","Metallicize"],"picked":"Seeing Red","floor":18.0},{"not_picked":["Heavy Blade","Wild Strike","Warcry"],"picked":"Rage","floor":22.0},{"not_picked":["Cleave+1","Twin Strike","Shrug It Off"],"picked":"Hemokinesis+1","floor":24.0},{"not_picked":["Anger","Shrug It Off","Sword Boomerang"],"picked":"Inflame+1","floor":25.0},{"not_picked":["Fire Breathing","Iron Wave+1","Dual Wield"],"picked":"Thunderclap+1","floor":27.0},{"not_picked":["Rupture","Wild Strike","Armaments+1"],"picked":"Intimidate","floor":28.0},{"not_picked":["True Grit","Pommel Strike","Exhume"],"picked":"Warcry+1","floor":29.0},{"not_picked":["Pommel Strike","Heavy Blade","Clothesline"],"picked":"Anger","floor":30.0},{"not_picked":["Brutality","Dark Embrace","Limit Break"],"picked":"Feed","floor":33.0},{"not_picked":["Sword Boomerang+1","Sever Soul","Pommel Strike+1"],"picked":"Intimidate","floor":35.0},{"not_picked":["Bloodletting+1","Sword Boomerang+1","Shrug It Off"],"picked":"Flex","floor":36.0},{"not_picked":["True Grit+1","Metallicize+1","Flex"],"picked":"Blood for Blood+1","floor":39.0},{"not_picked":["Wild Strike","Whirlwind","Thunderclap+1"],"picked":"Shrug It Off+1","floor":42},{"not_picked":["Havoc","Warcry","Limit Break"],"picked":"Pommel Strike","floor":45}],"player_experience":96959,"relics_obtained":[{"floor":6.0,"key":"Bottled Flame"},{"floor":9.0,"key":"Question Card"},{"floor":10.0,"key":"Lantern"},{"floor":24.0,"key":"Boot"},{"floor":26.0,"key":"Paper Frog"},{"floor":43,"key":"Bottled Tornado"}],"event_choices":[{"event_name":"Shining Light","player_choice":"Entered Light","floor":2.0,"damage_taken":0.0},{"event_name":"Upgrade Shrine","player_choice":"Upgraded","floor":3.0,"damage_taken":0.0},{"event_name":"Liars Game","player_choice":"disagreed","floor":4.0,"damage_taken":0.0},{"event_name":"Dead Adventurer","player_choice":"Searched \u00270\u0027 times","floor":11.0,"damage_taken":0.0},{"event_name":"Golden Idol","player_choice":"Take Wound","floor":12.0,"damage_taken":0.0},{"event_name":"Upgrade Shrine","player_choice":"Upgraded","floor":19.0,"damage_taken":0.0},{"event_name":"Forgotten Altar","player_choice":"Gave Idol","floor":20.0,"damage_taken":0.0},{"event_name":"Falling","player_choice":"Removed Power","floor":37.0,"damage_taken":0.0},{"event_name":"The Woman in Blue","player_choice":"Bought 3 Potions","floor":38.0,"damage_taken":0.0},{"event_name":"Wheel of Change","player_choice":"Curse","floor":41.0,"damage_taken":0.0},{"event_name":"MindBloom","player_choice":"Heal","floor":44,"damage_taken":0}],"boss_relics":[{"not_picked":["Black Blood","Runic Cube"],"picked":"Coffee Dripper"},{"not_picked":["Philosopher\u0027s Stone","Tiny House"],"picked":"Velvet Choker"}],"items_purged_floors":[],"is_endless":false,"potions_floor_spawned":[5,7,10,14,24,27,29,30,35,39],"killed_by":"Sphere and 2 Shapes","ascension_level":0}