{"gold_per_floor":[143,158,158,181,197,197,197,71,98,122,122,135,135,135,135,230,230,248,261,261,461,69,90,90,108,108,108,126,126],"floor_reached":29,"playtime":1029,"items_purged":["Strike_B"],"score":391,"play_id":"22425058-e2cf-4241-a89f-621ec92904cb","local_time":"20190126152213","is_ascension_mode":true,"campfire_choices":[{"data":"Static Discharge","floor":6.0,"key":"SMITH"},{"data":"Static Discharge","floor":11.0,"key":"SMITH"},{"data":"Chaos","floor":15.0,"key":"SMITH"},{"data":"Capacitor","floor":24.0,"key":"SMITH"}],"neow_cost":"NONE","seed_source_timestamp":0,"circlet_count":0,"master_deck":["AscendersBane","Strike_B","Strike_B","Strike_B","Defend_B","Defend_B","Defend_B","Defend_B","Zap","Dualcast","White Noise","Chaos+1","Go for the Eyes","Static Discharge+1","FTL","Static Discharge+1","Leap","White Noise","Core Surge","Auto Shields","Ghostly","Ghostly","Ghostly","Capacitor+1","Coolheaded","Reprogram+1"],"special_seed":0,"relics":["Cracked Core","Tiny Chest","Golden Idol","Oddly Smooth Stone","DataDisk","Busted Crown","MealTicket","Strawberry","Mummified Hand"],"potions_floor_usage":[29,29],"damage_taken":[{"damage":8.0,"enemies":"2 Louse","floor":1.0,"turns":3.0},{"damage":1.0,"enemies":"Cultist","floor":2.0,"turns":4.0},{"damage":8.0,"enemies":"Jaw Worm","floor":4.0,"turns":3.0},{"damage":6.0,"enemies":"Looter","floor":5.0,"turns":4.0},{"damage":1.0,"enemies":"Large Slime","floor":10.0,"turns":4.0},{"damage":4.0,"enemies":"3 Louse","floor":12.0,"turns":4.0},{"damage":26.0,"enemies":"The Guardian","floor":16.0,"turns":8.0},{"damage":26.0,"enemies":"Shell Parasite","floor":18.0,"turns":5.0},{"damage":9.0,"enemies":"Chosen","floor":19.0,"turns":4.0},{"damage":11.0,"enemies":"Snake Plant","floor":23.0,"turns":3.0},{"damage":0.0,"enemies":"Chosen and Byrds","floor":25.0,"turns":7.0},{"damage":10.0,"enemies":"Cultist and Chosen","floor":28.0,"turns":5.0},{"damage":12,"enemies":"3 Cultists","floor":29,"turns":6}],"seed_played":"9007089038747026159","potions_obtained":[{"floor":4.0,"key":"Dexterity Potion"},{"floor":10.0,"key":"Energy Potion"},{"floor":19.0,"key":"EssenceOfSteel"},{"floor":25.0,"key":"SpeedPotion"},{"floor":28.0,"key":"EssenceOfSteel"}],"is_trial":false,"path_per_floor":["M","M","?","M","M","R","?","$","T","M","R","M","?","?","R","B",null,"M","M","?","?","$","M","R","M","T","T","M","M"],"character_chosen":"DEFECT","items_purchased":["FTL","Static Discharge","MealTicket","Capacitor"],"campfire_rested":0,"item_purchase_floors":[8,8,22,22],"current_hp_per_floor":[56,55,55,47,41,41,41,41,41,40,40,36,31,31,31,5,55,29,20,20,20,20,9,9,9,16,16,6,0],"gold":126,"neow_bonus":"RANDOM_COMMON_RELIC","is_prod":false,"is_daily":false,"chose_seed":false,"campfire_upgraded":4,"win_rate":0,"timestamp":1548534133,"path_taken":["M","M","?","M","M","R","?","$","T","M","R","?","?","?","R","BOSS","M","M","?","?","$","M","R","?","T","?","M","M"],"build_version":"2019-01-23","purchased_purges":1,"victory":false,"max_hp_per_floor":[71,71,71,71,71,71,71,71,71,71,71,71,71,71,71,71,71,71,71,35,35,35,35,35,35,42,42,42,42],"card_choices":[{"not_picked":["Gash","Aggregate"],"picked":"White Noise","floor":1.0},{"not_picked":["Redo","Recycle"],"picked":"Chaos","floor":2.0},{"not_picked":["Ball Lightning","Streamline"],"picked":"Go for the Eyes","floor":4.0},{"not_picked":["Stack","Darkness"],"picked":"Static Discharge","floor":5.0},{"not_picked":["Blizzard","Ball Lightning"],"picked":"Leap","floor":10.0},{"not_picked":["Cold Snap","Stack"],"picked":"White Noise","floor":12.0},{"not_picked":["Hyperbeam","Meteor Strike"],"picked":"Core Surge","floor":16.0},{"not_picked":[],"picked":"Auto Shields","floor":18.0},{"not_picked":["Blizzard"],"picked":"SKIP","floor":19.0},{"not_picked":[],"picked":"Coolheaded","floor":23.0},{"not_picked":["Turbo"],"picked":"SKIP","floor":25.0},{"not_picked":[],"picked":"Reprogram+1","floor":28.0}],"player_experience":874446,"relics_obtained":[{"floor":9.0,"key":"Oddly Smooth Stone"},{"floor":26.0,"key":"Strawberry"},{"floor":27.0,"key":"Mummified Hand"}],"event_choices":[{"damage_healed":0.0,"max_hp_gain":0.0,"max_hp_loss":0.0,"gold_gain":0.0,"event_name":"Golden Idol","player_choice":"Take Wound","floor":3.0,"gold_loss":0.0,"damage_taken":0.0,"relics_obtained":["Golden Idol"],"cards_obtained":["Injury"]},{"cards_removed":["Injury"],"damage_healed":0.0,"max_hp_gain":0.0,"max_hp_loss":0.0,"gold_gain":0.0,"event_name":"Fountain of Cleansing","player_choice":"Removed Curses","floor":7.0,"gold_loss":0.0,"damage_taken":0.0},{"damage_healed":0.0,"max_hp_gain":0.0,"max_hp_loss":0.0,"gold_gain":0.0,"event_name":"Scrap Ooze","player_choice":"Success","floor":13.0,"gold_loss":0.0,"damage_taken":5.0,"relics_obtained":["DataDisk"]},{"damage_healed":0.0,"max_hp_gain":0.0,"max_hp_loss":0.0,"gold_gain":0.0,"event_name":"The Cleric","player_choice":"Leave","floor":14.0,"gold_loss":0.0,"damage_taken":0.0},{"damage_healed":0.0,"max_hp_gain":0.0,"max_hp_loss":36.0,"gold_gain":0.0,"event_name":"Ghosts","player_choice":"Became a Ghost","floor":20.0,"gold_loss":0.0,"damage_taken":0.0,"cards_obtained":["Ghostly","Ghostly","Ghostly"]},{"damage_healed":0.0,"max_hp_gain":0.0,"max_hp_loss":0.0,"gold_gain":200.0,"event_name":"Wheel of Change","player_choice":"Gold","floor":21.0,"gold_loss":0.0,"damage_taken":0.0}],"is_beta":true,"boss_relics":[{"not_picked":["Coffee Dripper","Snecko Eye"],"picked":"Busted Crown"}],"items_purged_floors":[22],"is_endless":false,"potions_floor_spawned":[4,10,19,25,28],"killed_by":"3 Cultists","ascension_level":16}