{"path_per_floor":["M","M","?","M","M","R","?","R","T","M","M","$","?","M","R","B",null,"M","?","?","M","$","R","E","R","T","E","R","M","M","M","R","B",null,"M","M","?","?","?"],"character_chosen":"IRONCLAD","items_purchased":["Strange Spoon","Bronze Scales"],"gold_per_floor":[113,123,123,146,169,169,169,169,196,221,240,37,112,127,127,252,252,192,192,192,207,55,55,98,98,125,156,156,174,192,207,207,332,332,356,370,703,703,703,703],"floor_reached":40,"campfire_rested":3,"playtime":4659,"current_hp_per_floor":[80,80,60,66,72,72,72,72,72,74,79,79,68,66,66,33,80,68,52,52,44,44,44,20,44,44,26,50,45,32,38,62,26,80,80,77,77,77,67,0],"items_purged":[],"gold":703,"score":462,"play_id":"d0a33082-8687-400a-bf4e-561b667fc49c","local_time":"20180505215956","is_prod":false,"is_daily":false,"chose_seed":false,"is_ascension_mode":true,"campfire_upgraded":4,"timestamp":1525571996,"path_taken":["M","M","?","?","M","R","?","R","T","M","?","$","?","M","R","BOSS","M","?","?","?","?","R","E","R","T","E","R","M","M","M","R","BOSS","M","M","?","?","?","E"],"build_version":"2018-05-03","seed_source_timestamp":174657035889049,"purchased_purges":2,"victory":false,"master_deck":["Strike_R","Strike_R","Strike_R","Defend_R","Defend_R","Defend_R","Defend_R+1","Metallicize+1","Seeing Red","Feel No Pain","Armaments+1","Immolate","Warcry","Armaments+1","Dropkick","Exhume","Shockwave+1","Necronomicurse","Shrug It Off+1","Rage","Iron Wave","Clothesline+1","Uppercut","Fire Breathing","Fiend Fire","Evolve","Seeing Red+1","Finesse","Panache","Jack Of All Trades"],"max_hp_per_floor":[80,80,80,80,80,80,80,80,80,80,80,80,80,80,80,80,80,80,80,80,80,80,80,80,80,80,80,80,80,80,80,80,80,80,80,80,80,80,80,80],"relics":["Burning Blood","NeowsBlessing","Happy Flower","Strange Spoon","Lizard Tail","Necronomicon","Bronze Scales","War Paint","Bag of Marbles","Bottled Tornado","Black Star"],"card_choices":[{"not_picked":["Hemokinesis","Sentinel"],"picked":"Metallicize","floor":1},{"not_picked":["Havoc","Anger"],"picked":"Seeing Red","floor":2},{"not_picked":["Headbutt","Rampage"],"picked":"Feel No Pain","floor":4},{"not_picked":["Sword Boomerang","Clothesline"],"picked":"Armaments","floor":5},{"not_picked":["Thunderclap","Headbutt"],"picked":"Warcry","floor":10},{"not_picked":["Warcry","Cleave"],"picked":"Armaments","floor":11},{"not_picked":["True Grit","Blood for Blood"],"picked":"Dropkick","floor":14},{"not_picked":["Immolate","Offering"],"picked":"Exhume","floor":16},{"not_picked":["Rupture","Rage"],"picked":"Shockwave","floor":18},{"not_picked":["Anger","Perfected Strike"],"picked":"Shrug It Off","floor":21},{"not_picked":["Limit Break","Immolate"],"picked":"Rage","floor":24},{"not_picked":["Wild Strike","Thunderclap"],"picked":"Iron Wave","floor":27},{"not_picked":["Armaments","Inflame"],"picked":"Clothesline","floor":29},{"not_picked":["Flex","Clothesline"],"picked":"Uppercut","floor":30},{"not_picked":["Sentinel","Wild Strike"],"picked":"Fire Breathing","floor":31},{"not_picked":["Double Tap","Feed"],"picked":"Fiend Fire","floor":33},{"not_picked":["Body Slam","Flame Barrier"],"picked":"Evolve","floor":35},{"not_picked":["Body Slam","Flame Barrier"],"picked":"Seeing Red","floor":36},{"not_picked":["Purity","Transmutation"],"picked":"Finesse","floor":39},{"not_picked":["Panacea","Bandage Up"],"picked":"Panache","floor":39},{"not_picked":["Dark Shackles","Deep Breath"],"picked":"Jack Of All Trades","floor":39}],"player_experience":169934,"potions_floor_usage":[5,16,24,24,24,27,33,33,40,40],"damage_taken":[{"damage":0,"enemies":"Jaw Worm","floor":1,"turns":1},{"damage":0,"enemies":"2 Louse","floor":2,"turns":1},{"damage":0,"enemies":"Cultist","floor":4,"turns":1},{"damage":0,"enemies":"3 Louse","floor":5,"turns":1},{"damage":4,"enemies":"Exordium Thugs","floor":10,"turns":4},{"damage":1,"enemies":"2 Fungi Beasts","floor":11,"turns":4},{"damage":8,"enemies":"Red Slaver","floor":14,"turns":4},{"damage":39,"enemies":"The Guardian","floor":16,"turns":14},{"damage":18,"enemies":"2 Thieves","floor":18,"turns":4},{"damage":14,"enemies":"Shell Parasite","floor":21,"turns":9},{"damage":30,"enemies":"Slavers","floor":24,"turns":5},{"damage":24,"enemies":"Gremlin Leader","floor":27,"turns":7},{"damage":11,"enemies":"Snake Plant","floor":29,"turns":6},{"damage":19,"enemies":"Centurion and Healer","floor":30,"turns":5},{"damage":0,"enemies":"Chosen and Byrds","floor":31,"turns":2},{"damage":87,"enemies":"Collector","floor":33,"turns":10},{"damage":0,"enemies":"3 Darklings","floor":35,"turns":1},{"damage":9,"enemies":"Orb Walker","floor":36,"turns":4},{"damage":70,"enemies":"Nemesis","floor":40,"turns":7}],"event_choices":[{"event_name":"Golden Idol","player_choice":"Take Damage","floor":3,"damage_taken":0},{"event_name":"Transmorgrifier","player_choice":"Transform","floor":7,"damage_taken":0},{"event_name":"World of Goop","player_choice":"Gather Gold","floor":13,"damage_taken":0},{"event_name":"Cursed Tome","player_choice":"Obtained Book","floor":19,"damage_taken":0},{"event_name":"Back to Basics","player_choice":"Elegance","floor":20,"damage_taken":0},{"event_name":"The Moai Head","player_choice":"Gave Idol","floor":37,"damage_taken":0},{"event_name":"SensoryStone","player_choice":"Memory 3","floor":39,"damage_taken":0}],"boss_relics":[{"not_picked":["Velvet Choker","Eternal Feather"],"picked":"Lizard Tail"},{"not_picked":["Cursed Key","Calling Bell"],"picked":"Black Star"}],"potions_floor_spawned":[1,2,4,11,21,24,29,30,35,36],"seed_played":"5417701039237021067","killed_by":"Nemesis","ascension_level":1,"is_trial":false}