{"path_per_floor":["M","?","M","T","M","R","?","?","T","M","M","E","?","M","R","B",null,"M","M","?","M","$","R"],"character_chosen":"THE_SILENT","items_purchased":["Tough Bandages"],"gold_per_floor":[116,66,86,86,104,104,279,354,354,324,336,394,394,418,418,543,543,566,584,484,497,163,163],"floor_reached":24,"campfire_rested":1,"playtime":2009,"current_hp_per_floor":[70,70,68,68,68,68,68,57,57,57,55,55,55,54,54,46,70,70,56,56,19,19,40],"items_purged":["Doubt"],"gold":163,"score":221,"play_id":"5a531688-0c69-4d56-b46d-bee810613b46","is_prod":false,"is_daily":false,"is_ascension_mode":false,"campfire_upgraded":2,"path_taken":["M","?","M","?","M","R","?","?","T","M","?","E","?","M","R","BOSS","M","M","?","M","$","R","E"],"build_version":"2018-02-12-PROD1","purchased_purges":1,"victory":false,"master_deck":["Defend_G","Defend_G","Defend_G","Defend_G","Defend_G","Strike_G","Strike_G","Strike_G","Strike_G","Survivor","Neutralize","Dodge and Roll+1","Backflip","Noxious Fumes","A Thousand Cuts+1","Injury","Bouncing Flask+1","Burst+1","J.A.X.+1"],"max_hp_per_floor":[70,70,70,70,70,70,70,70,70,70,70,70,70,70,70,70,70,70,70,70,70,70,70],"relics":["Ring of the Snake","Sundial","Toxic Egg 2","Tiny Chest","Golden Idol","Tough Bandages"],"card_choices":[{"not_picked":["Slice","Deadly Poison"],"picked":"Dodge and Roll"},{"not_picked":["Dagger Throw","All Out Attack"],"picked":"Backflip"},{"not_picked":["Backflip","Expertise"],"picked":"Noxious Fumes"},{"not_picked":["Sucker Punch","Footwork"],"picked":"A Thousand Cuts"},{"not_picked":["Slice","Leg Sweep"],"picked":"Bouncing Flask"},{"not_picked":["Die Die Die","Tactician"],"picked":"Burst"}],"player_experience":91332,"potions_floor_usage":[12,16,16,16],"damage_taken":[{"damage":0,"enemies":"Small Slimes","floor":1,"turns":3},{"damage":2,"enemies":"Cultist","floor":3,"turns":7},{"damage":0,"enemies":"2 Louse","floor":5,"turns":5},{"damage":0,"enemies":"Looter","floor":10,"turns":4},{"damage":2,"enemies":"3 Louse","floor":11,"turns":5},{"damage":0,"enemies":"Lagavulin","floor":12,"turns":8},{"damage":1,"enemies":"Large Slime","floor":14,"turns":7},{"damage":8,"enemies":"Hexaghost","floor":16,"turns":9},{"damage":0,"enemies":"Spheric Guardian","floor":18,"turns":2},{"damage":14,"enemies":"3 Byrds","floor":19,"turns":5},{"damage":37,"enemies":"Snecko","floor":21,"turns":6},{"damage":47,"enemies":"Gremlin Leader","floor":24,"turns":4}],"event_choices":[{"event_name":"The Cleric","player_choice":"Card Removal","floor":2,"damage_taken":0},{"event_name":"Liars Game","player_choice":"agreed","floor":7,"damage_taken":0},{"event_name":"World of Goop","player_choice":"Gather Gold","floor":8,"damage_taken":0},{"event_name":"Golden Idol","player_choice":"Take Wound","floor":13,"damage_taken":0},{"event_name":"Drug Dealer","player_choice":"Got JAXXED","floor":20,"damage_taken":0}],"boss_relics":[{"not_picked":["Philosopher\u0027s Stone","Velvet Choker","Ectoplasm"]}],"potions_floor_spawned":[11,12,14,18,21],"seed_played":"2959630099047122043","killed_by":"Gremlin Leader","ascension_level":0,"is_trial":false}