{"gold_per_floor":[116,116,42,58,78,113,113,133,133,133,98,108,140,140,140,219,219,232,249,249,249,249,279,279,289,289,302,302,337,337,365,365,439,439,452,452,235,249,55,55,65,65,89,103,138,138,167,0,0,0],"floor_reached":51,"playtime":2360,"items_purged":["Strike_R"],"score":1360,"play_id":"cedfe052-e04f-4f9a-8180-824287421fc6","local_time":"20190113184107","is_ascension_mode":true,"campfire_choices":[{"data":"Rampage","floor":7.0,"key":"SMITH"},{"data":"Metallicize","floor":10.0,"key":"SMITH"},{"data":"Juggernaut","floor":15.0,"key":"SMITH"},{"floor":24.0,"key":"REST"},{"floor":28.0,"key":"REST"},{"floor":30.0,"key":"REST"},{"floor":32.0,"key":"REST"},{"floor":40,"key":"REST"},{"floor":42,"key":"REST"},{"floor":46,"key":"REST"},{"floor":49,"key":"REST"}],"neow_cost":"NONE","seed_source_timestamp":0,"circlet_count":0,"master_deck":["AscendersBane","Defend_R+1","Defend_R+1","Defend_R","Defend_R","Bash","Metallicize+1","Metallicize","Rampage+1","Entrench","Juggernaut+1","Barricade","Thunderclap","Body Slam","Dual Wield+1","Intimidate","Inflame","Body Slam+1","Offering","Flame Barrier","Dual Wield+1","Shrug It Off","Iron Wave","Metallicize+1","Armaments"],"special_seed":0,"relics":["Burning Blood","Boot","Mummified Hand","Nunchaku","Odd Mushroom","Bottled Tornado","Ancient Tea Set","War Paint","Fusion Hammer","Pen Nib","Ice Cream","Darkstone Periapt","Magic Flower","Empty Cage","Oddly Smooth Stone","Lantern","Bag of Marbles","PreservedInsect","Red Mask"],"potions_floor_usage":[50,50],"damage_taken":[{"damage":2.0,"enemies":"Jaw Worm","floor":1.0,"turns":3.0},{"damage":2.0,"enemies":"Cultist","floor":4.0,"turns":4.0},{"damage":1.0,"enemies":"Small Slimes","floor":5.0,"turns":4.0},{"damage":22.0,"enemies":"3 Sentries","floor":6.0,"turns":9.0},{"damage":26.0,"enemies":"The Mushroom Lair","floor":8.0,"turns":7.0},{"damage":5.0,"enemies":"2 Fungi Beasts","floor":12.0,"turns":4.0},{"damage":28.0,"enemies":"Gremlin Nob","floor":13.0,"turns":6.0},{"damage":18.0,"enemies":"The Guardian","floor":16.0,"turns":10.0},{"damage":2.0,"enemies":"Shell Parasite","floor":18.0,"turns":5.0},{"damage":23.0,"enemies":"2 Thieves","floor":19.0,"turns":4.0},{"damage":37.0,"enemies":"Gremlin Leader","floor":23.0,"turns":8.0},{"damage":2.0,"enemies":"Snake Plant","floor":25.0,"turns":4.0},{"damage":5.0,"enemies":"Cultist and Chosen","floor":27.0,"turns":5.0},{"damage":55.0,"enemies":"Slavers","floor":29.0,"turns":5.0},{"damage":27.0,"enemies":"Book of Stabbing","floor":31.0,"turns":5.0},{"damage":0.0,"enemies":"Champ","floor":33.0,"turns":11.0},{"damage":12,"enemies":"Orb Walker","floor":35,"turns":4},{"damage":6,"enemies":"3 Darklings","floor":38,"turns":5},{"damage":17,"enemies":"4 Shapes","floor":41,"turns":8},{"damage":0,"enemies":"Spire Growth","floor":44,"turns":6},{"damage":20,"enemies":"Giant Head","floor":45,"turns":8},{"damage":19,"enemies":"Nemesis","floor":47,"turns":7},{"damage":19,"enemies":"Time Eater","floor":50,"turns":8}],"seed_played":"1305099881483857618","potions_obtained":[{"floor":6.0,"key":"Strength Potion"},{"floor":13.0,"key":"FearPotion"},{"floor":19.0,"key":"GamblersBrew"},{"floor":23.0,"key":"Block Potion"},{"floor":31.0,"key":"Block Potion"},{"floor":44,"key":"Energy Potion"},{"floor":47,"key":"Strength Potion"}],"is_trial":false,"path_per_floor":["M","?","$","M","M","E","R","?","T","R","?","M","E","T","R","B",null,"M","M","?","?","?","E","R","M","T","M","R","E","R","E","R","B",null,"M","?","$","M","$","R","M","R","T","M","E","R","E","?","R","B",null],"character_chosen":"IRONCLAD","items_purchased":["Metallicize","Oddly Smooth Stone","Flame Barrier","Shrug It Off","Iron Wave","Dexterity Potion"],"campfire_rested":8,"item_purchase_floors":[3,37,37,39,39,39],"current_hp_per_floor":[76,76,76,80,80,64,64,44,44,44,64,65,43,43,43,31,68,72,55,39,65,65,34,58,62,62,63,80,31,55,34,58,67,77,74,74,74,77,77,80,72,80,80,80,69,80,70,70,80,70],"gold":0,"neow_bonus":"RANDOM_COMMON_RELIC","is_prod":false,"is_daily":false,"chose_seed":false,"campfire_upgraded":3,"win_rate":0,"timestamp":1547422867,"path_taken":["M","?","$","M","?","E","R","?","T","R","?","M","E","?","R","BOSS","M","M","?","?","?","E","R","M","T","?","R","E","R","E","R","BOSS","M","?","$","?","$","R","M","R","T","M","E","R","E","?","R","BOSS"],"build_version":"2019-01-10","purchased_purges":1,"victory":true,"max_hp_per_floor":[80,80,80,80,80,80,80,80,80,80,80,80,80,80,80,80,80,80,80,80,80,80,80,80,80,80,80,80,80,80,80,80,80,80,80,80,80,80,80,80,80,80,80,80,80,80,80,80,80,80],"card_choices":[{"not_picked":["Wild Strike","Rage"],"picked":"Ghostly Armor","floor":1.0},{"not_picked":["Cleave","Entrench"],"picked":"Metallicize","floor":4.0},{"not_picked":["Armaments","Second Wind"],"picked":"Rampage","floor":5.0},{"not_picked":["Burning Pact","Blood for Blood","Twin Strike"],"picked":"SKIP","floor":6.0},{"not_picked":["Heavy Blade","True Grit"],"picked":"Entrench","floor":8.0},{"not_picked":["Iron Wave","Warcry"],"picked":"Juggernaut","floor":12.0},{"not_picked":["Corruption","Rupture","Flex"],"picked":"SKIP","floor":13.0},{"not_picked":["Dark Embrace","Impervious"],"picked":"Barricade","floor":16.0},{"not_picked":["Havoc","Corruption","Cleave"],"picked":"SKIP","floor":18.0},{"not_picked":["Havoc","Corruption","Cleave"],"picked":"SKIP","floor":18.0},{"not_picked":["Bloodletting","Pommel Strike","Rupture"],"picked":"SKIP","floor":19.0},{"not_picked":["Blood for Blood","Anger"],"picked":"Body Slam","floor":23.0},{"not_picked":["Sword Boomerang+1","Perfected Strike","Body Slam"],"picked":"SKIP","floor":25.0},{"not_picked":["Sword Boomerang","Shrug It Off"],"picked":"Dual Wield+1","floor":27.0},{"not_picked":["Whirlwind","Hemokinesis"],"picked":"Intimidate","floor":29.0},{"not_picked":["Brutality","Twin Strike"],"picked":"Inflame","floor":31.0},{"not_picked":["Headbutt","Anger"],"picked":"Body Slam+1","floor":35},{"not_picked":["Flex","Burning Pact"],"picked":"Dual Wield+1","floor":38},{"not_picked":["Wild Strike","Perfected Strike"],"picked":"Metallicize+1","floor":41},{"not_picked":["Pummel+1","Headbutt","Rage"],"picked":"SKIP","floor":44},{"not_picked":["Pommel Strike","Feel No Pain+1"],"picked":"Armaments","floor":45},{"not_picked":["Havoc+1","Evolve","Burning Pact"],"picked":"SKIP","floor":47}],"player_experience":805661,"relics_obtained":[{"floor":6.0,"key":"Nunchaku"},{"floor":8.0,"key":"Odd Mushroom"},{"floor":9.0,"key":"Bottled Tornado"},{"floor":13.0,"key":"Ancient Tea Set"},{"floor":14.0,"key":"War Paint"},{"floor":23.0,"key":"Pen Nib"},{"floor":26.0,"key":"Ice Cream"},{"floor":29.0,"key":"Darkstone Periapt"},{"floor":31.0,"key":"Magic Flower"},{"floor":43,"key":"Lantern"},{"floor":45,"key":"Bag of Marbles"},{"floor":47,"key":"PreservedInsect"}],"event_choices":[{"cards_removed":["Ghostly Armor"],"damage_healed":0.0,"max_hp_gain":0.0,"max_hp_loss":0.0,"gold_gain":0.0,"event_name":"WeMeetAgain","player_choice":"Gave Card","floor":2.0,"gold_loss":0.0,"damage_taken":0.0,"relics_obtained":["Mummified Hand"]},{"damage_healed":0.0,"max_hp_gain":0.0,"max_hp_loss":0.0,"gold_gain":0.0,"event_name":"Mushrooms","player_choice":"Fought Mushrooms","floor":8.0,"gold_loss":0.0,"damage_taken":0.0},{"damage_healed":20.0,"max_hp_gain":0.0,"max_hp_loss":0.0,"gold_gain":0.0,"event_name":"The Cleric","player_choice":"Healed","floor":11.0,"gold_loss":35.0,"damage_taken":0.0},{"damage_healed":0.0,"max_hp_gain":0.0,"max_hp_loss":0.0,"gold_gain":0.0,"event_name":"Cursed Tome","player_choice":"Obtained Book","floor":20.0,"gold_loss":0.0,"damage_taken":16.0},{"damage_healed":26.0,"max_hp_gain":0.0,"max_hp_loss":0.0,"gold_gain":0.0,"event_name":"The Library","player_choice":"Heal","floor":21.0,"gold_loss":0.0,"damage_taken":0.0},{"damage_healed":0.0,"max_hp_gain":0.0,"max_hp_loss":0.0,"gold_gain":0.0,"cards_transformed":["Strike_R"],"event_name":"Transmorgrifier","player_choice":"Transformed","floor":22.0,"gold_loss":0.0,"damage_taken":0.0,"cards_obtained":["Thunderclap"]},{"damage_healed":0,"gold_gain":0,"cards_transformed":["Strike_R"],"player_choice":"Transformed","damage_taken":0,"max_hp_gain":0,"max_hp_loss":0,"event_name":"Transmorgrifier","floor":36,"gold_loss":0,"cards_obtained":["Offering"]},{"damage_healed":0,"gold_gain":0,"player_choice":"Paid","damage_taken":0,"relics_obtained":["Red Mask"],"max_hp_gain":0,"max_hp_loss":0,"event_name":"Tomb of Lord Red Mask","floor":48,"gold_loss":167}],"is_beta":true,"boss_relics":[{"not_picked":["Tiny House","White Beast Statue"],"picked":"Fusion Hammer"},{"not_picked":["Busted Crown","Sozu"],"picked":"Empty Cage"}],"items_purged_floors":[39],"is_endless":false,"potions_floor_spawned":[6,13,16,18,19,23,31,44,45,47],"ascension_level":13}