{"gold_per_floor":[111,127,127,127,145,145,165,165,190,205,221,234,234,87,87,189,189,202,202,8,8],"floor_reached":21,"playtime":1377,"items_purged":[],"score":171,"play_id":"de6bb7a2-f016-4c41-850e-8c10f6ae0b93","local_time":"20180701153632","is_ascension_mode":false,"campfire_choices":[{"data":"Cleave","floor":6,"key":"SMITH"},{"data":"Shockwave","floor":8,"key":"SMITH"},{"data":"Pommel Strike","floor":13,"key":"SMITH"},{"data":"Evolve","floor":15,"key":"SMITH"}],"neow_cost":"","seed_source_timestamp":66986935924522,"circlet_count":0,"master_deck":["Strike_R+1","Strike_R","Strike_R","Strike_R","Strike_R","Defend_R","Defend_R","Defend_R","Defend_R","Bash+1","Evolve+1","Cleave+1","Havoc","Shockwave+1","Flex","Clash","Pommel Strike+1","Immolate","Sword Boomerang+1","Apotheosis","Madness","Jack Of All Trades","Jack Of All Trades","Madness","Swift Strike"],"relics":["Burning Blood","Bronze Scales","Whetstone","Fusion Hammer"],"potions_floor_usage":[2,16,16,18],"damage_taken":[{"damage":0,"enemies":"Small Slimes","floor":1,"turns":3},{"damage":1,"enemies":"Cultist","floor":2,"turns":4},{"damage":11,"enemies":"Jaw Worm","floor":5,"turns":4},{"damage":20,"enemies":"Exordium Wildlife","floor":7,"turns":4},{"damage":9,"enemies":"3 Louse","floor":10,"turns":2},{"damage":10,"enemies":"Lots of Slimes","floor":11,"turns":2},{"damage":8,"enemies":"Red Slaver","floor":12,"turns":4},{"damage":16,"enemies":"The Guardian","floor":16,"turns":8},{"damage":16,"enemies":"Spheric Guardian","floor":18,"turns":4}],"seed_played":"9127159270662792098","potions_obtained":[{"floor":1,"key":"Fruit Juice"},{"floor":2,"key":"Fire Potion"},{"floor":10,"key":"SkillPotion"},{"floor":11,"key":"FearPotion"},{"floor":18,"key":"Dexterity Potion"}],"is_trial":false,"path_per_floor":["M","M","?","$","M","R","M","R","T","M","M","M","R","$","R","B",null,"M","?","$"],"character_chosen":"IRONCLAD","items_purchased":["Whetstone","Apotheosis"],"campfire_rested":0,"item_purchase_floors":[14,20],"current_hp_per_floor":[80,85,85,85,80,80,66,66,66,63,59,57,57,57,57,47,85,75,59,59,0],"gold":8,"neow_bonus":"","is_prod":false,"is_daily":false,"chose_seed":false,"campfire_upgraded":4,"win_rate":0.0,"timestamp":1530473792,"path_taken":["M","M","?","$","M","R","?","R","T","M","?","M","R","$","R","BOSS","M","?","$","?"],"build_version":"2018-06-28","purchased_purges":0,"victory":false,"max_hp_per_floor":[80,85,85,85,85,85,85,85,85,85,85,85,85,85,85,85,85,85,90,90,90],"card_choices":[{"not_picked":["Disarm","Dual Wield"],"picked":"Evolve","floor":1},{"not_picked":["Anger","Shrug It Off"],"picked":"Cleave","floor":2},{"not_picked":["Cleave","True Grit"],"picked":"Havoc","floor":5},{"not_picked":["Armaments","Ghostly Armor"],"picked":"Shockwave","floor":7},{"not_picked":["Whirlwind","Wild Strike"],"picked":"Flex","floor":10},{"not_picked":["Armaments","Twin Strike"],"picked":"Clash","floor":11},{"not_picked":["Warcry","Hemokinesis"],"picked":"Pommel Strike","floor":12},{"not_picked":["Bludgeon","Offering"],"picked":"Immolate","floor":16},{"not_picked":["Havoc","Headbutt"],"picked":"Sword Boomerang+1","floor":18}],"player_experience":85329,"relics_obtained":[{"floor":9,"key":"Bronze Scales"}],"event_choices":[{"event_name":"Liars Game","player_choice":"disagreed","floor":3,"damage_taken":0},{"event_name":"Forgotten Altar","player_choice":"Shed Blood","floor":19,"damage_taken":0}],"boss_relics":[{"not_picked":["Busted Crown","Velvet Choker"],"picked":"Fusion Hammer"}],"items_purged_floors":[],"is_endless":false,"potions_floor_spawned":[1,2,10,11,18],"ascension_level":0}