{"gold_per_floor":[115,115,131,131,150,150,161,180,207,207,16,31,31,50,50,146,146,163,183,183,199,199,199,124,124,124,140,156,187,206,206,206,206],"floor_reached":33,"playtime":4159,"items_purged":["Strike_R"],"score":261,"play_id":"f95ff124-db59-4e1c-b09d-eb619d99acc7","local_time":"20190702212213","is_ascension_mode":false,"campfire_choices":[{"floor":6,"key":"REST"},{"data":"Armaments","floor":10,"key":"SMITH"},{"data":"Bloodletting","floor":13,"key":"SMITH"},{"floor":15,"key":"REST"},{"floor":23,"key":"REST"},{"data":"Ghostly Armor","floor":25,"key":"SMITH"},{"floor":32,"key":"REST"}],"neow_cost":"","seed_source_timestamp":889192148529692,"circlet_count":0,"master_deck":["Strike_R","Strike_R","Strike_R","Defend_R","Defend_R+1","Defend_R","Bash+1","Perfected Strike+1","Ghostly Armor+1","Clothesline","Armaments+1","Iron Wave","Bloodletting+1","Headbutt","Brutality","Anger+1","Flame Barrier+1","Writhe","Corruption","Warcry","Flex+1","Ghostly Armor+1"],"relics":["Burning Blood","Bronze Scales","Regal Pillow","Runic Pyramid","War Paint","PreservedInsect","Toxic Egg 2"],"potions_floor_usage":[16,21,29,29,29],"damage_taken":[{"damage":0,"enemies":"2 Louse","floor":1,"turns":4},{"damage":7,"enemies":"Small Slimes","floor":3,"turns":4},{"damage":6,"enemies":"Jaw Worm","floor":5,"turns":3},{"damage":19,"enemies":"Gremlin Gang","floor":7,"turns":4},{"damage":4,"enemies":"3 Louse","floor":8,"turns":4},{"damage":6,"enemies":"2 Fungi Beasts","floor":12,"turns":4},{"damage":3,"enemies":"Blue Slaver","floor":14,"turns":3},{"damage":24,"enemies":"The Guardian","floor":16,"turns":9},{"damage":16,"enemies":"3 Byrds","floor":18,"turns":4},{"damage":8,"enemies":"Shell Parasite","floor":19,"turns":5},{"damage":21,"enemies":"3 Cultists","floor":21,"turns":7},{"damage":15,"enemies":"Snake Plant","floor":27,"turns":5},{"damage":31,"enemies":"Sentry and Sphere","floor":28,"turns":7},{"damage":13,"enemies":"Book of Stabbing","floor":29,"turns":5},{"damage":21,"enemies":"Chosen and Byrds","floor":30,"turns":6},{"damage":94,"enemies":"Champ","floor":33,"turns":14}],"seed_played":"-3631799980191833882","potions_obtained":[{"floor":3,"key":"Weak Potion"},{"floor":5,"key":"SpeedPotion"},{"floor":14,"key":"AttackPotion"},{"floor":18,"key":"LiquidBronze"},{"floor":19,"key":"PowerPotion"},{"floor":21,"key":"Regen Potion"},{"floor":28,"key":"Fruit Juice"}],"is_trial":false,"path_per_floor":["M","?","M","?","M","R","M","M","T","R","$","M","R","M","R","B",null,"M","M","?","M","?","R","?","R","T","M","M","E","M","?","R","B"],"character_chosen":"IRONCLAD","items_purchased":["Bloodletting","Block Potion"],"campfire_rested":4,"item_purchase_floors":[11,11],"current_hp_per_floor":[80,68,67,51,51,75,62,64,64,64,64,64,64,67,80,62,80,70,68,68,53,53,80,80,80,80,71,46,58,43,43,83,0],"gold":206,"neow_bonus":"","is_prod":false,"is_daily":false,"chose_seed":false,"campfire_upgraded":3,"win_rate":0.0,"timestamp":1562127733,"path_taken":["M","?","M","?","M","R","M","M","T","R","?","M","R","?","R","BOSS","M","M","?","M","?","R","?","R","T","M","M","E","M","?","R","BOSS"],"build_version":"2019-07-01","purchased_purges":1,"victory":false,"max_hp_per_floor":[80,80,80,80,80,80,80,80,80,80,80,80,80,80,80,80,80,80,80,80,80,80,80,80,80,80,80,80,85,85,85,85,85],"card_choices":[{"not_picked":["Shockwave","Sever Soul"],"picked":"Perfected Strike","floor":1},{"not_picked":["Disarm","Seeing Red"],"picked":"Ghostly Armor","floor":3},{"not_picked":["Thunderclap","Searing Blow"],"picked":"Clothesline","floor":5},{"not_picked":["Inflame","Combust"],"picked":"Armaments","floor":7},{"not_picked":["Barricade","Combust"],"picked":"Iron Wave","floor":8},{"not_picked":["Entrench","Whirlwind","Armaments"],"picked":"SKIP","floor":12},{"not_picked":["Dual Wield","Clash"],"picked":"Headbutt","floor":14},{"not_picked":["Reaper","Barricade"],"picked":"Brutality","floor":16},{"not_picked":["Ghostly Armor","Headbutt+1"],"picked":"Anger+1","floor":18},{"not_picked":["Armaments+1","Corruption"],"picked":"Flame Barrier","floor":19},{"not_picked":["Clothesline","Entrench","Thunderclap"],"picked":"SKIP","floor":21},{"not_picked":["Whirlwind+1","Intimidate+1"],"picked":"Corruption","floor":27},{"not_picked":["Ghostly Armor","Shockwave"],"picked":"Warcry","floor":28},{"not_picked":["Pommel Strike","Clothesline+1"],"picked":"Flex","floor":29},{"not_picked":["Shockwave+1","Searing Blow"],"picked":"Ghostly Armor+1","floor":30}],"player_experience":0,"relics_obtained":[{"floor":9,"key":"Regal Pillow"},{"floor":26,"key":"PreservedInsect"},{"floor":29,"key":"Toxic Egg 2"}],"event_choices":[{"damage_healed":0,"gold_gain":0,"player_choice":"Success","damage_taken":12,"relics_obtained":["Bronze Scales"],"max_hp_gain":0,"max_hp_loss":0,"event_name":"Scrap Ooze","floor":2,"gold_loss":0},{"damage_healed":0,"gold_gain":0,"player_choice":"Entered Light","damage_taken":16,"max_hp_gain":0,"max_hp_loss":0,"event_name":"Shining Light","floor":4,"gold_loss":0,"cards_upgraded":["Bash","Perfected Strike"]},{"damage_healed":0,"gold_gain":0,"player_choice":"Ignored","damage_taken":0,"max_hp_gain":0,"max_hp_loss":0,"event_name":"Vampires","floor":20,"gold_loss":0},{"damage_healed":0,"gold_gain":0,"player_choice":"Opened","damage_taken":0,"relics_obtained":["War Paint"],"max_hp_gain":0,"max_hp_loss":0,"event_name":"The Mausoleum","floor":22,"gold_loss":0,"cards_obtained":["Writhe"]},{"cards_removed":["Strike_R"],"damage_healed":0,"gold_gain":0,"player_choice":"Gave Gold","damage_taken":0,"max_hp_gain":0,"max_hp_loss":0,"event_name":"Beggar","floor":24,"gold_loss":75},{"cards_removed":["Defend_R"],"damage_healed":0,"gold_gain":0,"player_choice":"Elegance","damage_taken":0,"max_hp_gain":0,"max_hp_loss":0,"event_name":"Back to Basics","floor":31,"gold_loss":0}],"is_beta":false,"boss_relics":[{"not_picked":["Black Star","Orrery"],"picked":"Runic Pyramid"}],"items_purged_floors":[11],"is_endless":false,"potions_floor_spawned":[3,5,14,18,19,21,28],"killed_by":"Champ","ascension_level":0}