{"gold_per_floor":[111,111,123,123,29,61,61,86,134,134,162,176,195,270,270,368,368,380,189,200,300,399,399,244,256,279,88,88,101,101,117,117,222,222,232,181,281,334,89,121,121,121,197,207,234,85,97,130,130,130,130,130,93,128,128],"floor_reached":56,"playtime":2855,"items_purged":[],"score":1449,"play_id":"7fb1d4b9-561a-4e75-ba01-4e6a88327c1a","local_time":"20190622152316","is_ascension_mode":true,"campfire_choices":[{"floor":7.0,"key":"REST"},{"floor":10.0,"key":"REST"},{"floor":15.0,"key":"REST"},{"floor":23.0,"key":"RECALL"},{"floor":28.0,"key":"REST"},{"floor":30.0,"key":"REST"},{"data":"Electrodynamics","floor":32.0,"key":"SMITH"},{"data":"1","floor":41.0,"key":"LIFT"},{"data":"2","floor":49.0,"key":"LIFT"},{"data":"3","floor":52.0,"key":"LIFT"}],"neow_cost":"NONE","seed_source_timestamp":58712791858500,"circlet_count":0,"master_deck":["Zap","Dualcast","Beam Cell","Conserve Battery","White Noise","Ball Lightning","Sweeping Beam","Gash","Genetic Algorithm","Electrodynamics+1","Steam Power","Ball Lightning","Undo","Static Discharge","Force Field","Buffer","Rip and Tear","Aggregate","Beam Cell","Glacier","Tempest","Gash+1","Loop","Loop","Cold Snap+1","Buffer","Leap+1","White Noise+1","Barrage+1","Capacitor","Conserve Battery+1"],"special_seed":0,"relics":["Cracked Core","Bag of Marbles","Juzu Bracelet","Cables","Emotion Chip","FossilizedHelix","Pandora\u0027s Box","Runic Capacitor","StoneCalendar","Matryoshka","Anchor","DataDisk","Bronze Scales","PreservedInsect","Fusion Hammer","Girya","Ginger","Symbiotic Virus","Unceasing Top","Ancient Tea Set","Omamori","Kunai","Oddly Smooth Stone","Lantern","Blood Vial","Bottled Tornado"],"potions_floor_usage":[55,55],"damage_taken":[{"damage":4.0,"enemies":"Small Slimes","floor":1.0,"turns":4.0},{"damage":0.0,"enemies":"Cultist","floor":3.0,"turns":2.0},{"damage":27.0,"enemies":"Lagavulin","floor":6.0,"turns":9.0},{"damage":20.0,"enemies":"Gremlin Nob","floor":8.0,"turns":4.0},{"damage":9.0,"enemies":"Lagavulin","floor":11.0,"turns":4.0},{"damage":0.0,"enemies":"2 Louse","floor":12.0,"turns":1.0},{"damage":0.0,"enemies":"Looter","floor":13.0,"turns":2.0},{"damage":46.0,"enemies":"The Guardian","floor":16.0,"turns":10.0},{"damage":7.0,"enemies":"3 Byrds","floor":18.0,"turns":1.0},{"damage":11.0,"enemies":"2 Thieves","floor":20.0,"turns":3.0},{"damage":14.0,"enemies":"Colosseum Slavers","floor":21.0,"turns":3.0},{"damage":15.0,"enemies":"Colosseum Nobs","floor":21.0,"turns":3.0},{"damage":10.0,"enemies":"Snake Plant","floor":25.0,"turns":4.0},{"damage":3.0,"enemies":"Snecko","floor":29.0,"turns":4.0},{"damage":0.0,"enemies":"Centurion and Healer","floor":31.0,"turns":4.0},{"damage":39.0,"enemies":"Automaton","floor":33.0,"turns":7.0},{"damage":9.0,"enemies":"3 Darklings","floor":35.0,"turns":4.0},{"damage":6.0,"enemies":"Mind Bloom Boss Battle","floor":37.0,"turns":6.0},{"damage":2.0,"enemies":"2 Orb Walkers","floor":38.0,"turns":6.0},{"damage":0.0,"enemies":"Giant Head","floor":40.0,"turns":7.0},{"damage":0.0,"enemies":"3 Shapes","floor":44.0,"turns":5.0},{"damage":0.0,"enemies":"Reptomancer","floor":45.0,"turns":4.0},{"damage":0.0,"enemies":"Transient","floor":47.0,"turns":5.0},{"damage":0.0,"enemies":"Giant Head","floor":48.0,"turns":6.0},{"damage":18.0,"enemies":"Donu and Deca","floor":50.0,"turns":8.0},{"damage":20.0,"enemies":"Shield and Spear","floor":54.0,"turns":4.0},{"damage":44,"enemies":"The Heart","floor":55,"turns":7}],"seed_played":"-3487056513155899424","potions_obtained":[{"floor":8.0,"key":"Regen Potion"},{"floor":13.0,"key":"LiquidBronze"},{"floor":16.0,"key":"PowerPotion"},{"floor":20.0,"key":"Swift Potion"},{"floor":21.0,"key":"GamblersBrew"},{"floor":33.0,"key":"Swift Potion"},{"floor":38.0,"key":"Fire Potion"},{"floor":40.0,"key":"Weak Potion"},{"floor":44.0,"key":"SkillPotion"},{"floor":47.0,"key":"Ancient Potion"}],"is_trial":false,"path_per_floor":["M","?","M","?","?","E","R","E","T","R","E","M","M","?","R","B",null,"M","$","M","?","?","R","$","M","T","$","R","M","R","M","R","B",null,"M","$","?","?","$","E","R","T","T","M","E","$","M","E","R","B",null,"R","$","E","B",null],"character_chosen":"DEFECT","items_purchased":["Runic Capacitor","Anchor","PreservedInsect","Loop","Block Potion","Symbiotic Virus","Lantern","Capacitor"],"campfire_rested":5,"item_purchase_floors":[19,24,27,27,36,39,46,53],"current_hp_per_floor":[71,56,56,61,61,34,58,38,38,62,53,53,53,42,66,20,80,73,73,62,42,42,42,42,32,32,32,56,53,77,77,77,38,80,71,71,65,63,63,63,63,63,63,63,63,63,63,63,63,47,80,80,80,60,18],"gold":128,"neow_bonus":"RANDOM_COMMON_RELIC","is_prod":false,"is_daily":false,"chose_seed":false,"campfire_upgraded":1,"win_rate":0,"timestamp":1561231396,"path_taken":["M","?","M","?","?","E","R","E","T","R","E","M","M","?","R","BOSS","M","$","M","?","?","R","$","M","T","?","R","M","R","M","R","BOSS","M","?","?","?","$","E","R","?","T","M","E","?","M","E","R","BOSS","R","$","E","BOSS"],"build_version":"2019-01-23","purchased_purges":0,"victory":true,"max_hp_per_floor":[75,75,75,80,80,80,80,80,80,80,80,80,80,80,80,80,80,80,80,80,80,80,80,80,80,80,80,80,80,80,80,80,80,80,80,80,80,80,80,80,80,80,80,80,80,80,80,80,80,80,80,80,80,80,80],"card_choices":[{"not_picked":["Compile Driver","Conserve Battery"],"picked":"Beam Cell","floor":1.0},{"not_picked":["Undo","Darkness"],"picked":"Conserve Battery","floor":3.0},{"not_picked":["Lockon","Barrage"],"picked":"White Noise","floor":6.0},{"not_picked":["Gash","Hologram"],"picked":"Ball Lightning","floor":8.0},{"not_picked":["Steam","Rebound"],"picked":"Sweeping Beam","floor":11.0},{"not_picked":["Steam","Heatsinks"],"picked":"Gash","floor":12.0},{"not_picked":["Barrage","Hologram"],"picked":"Genetic Algorithm","floor":13.0},{"not_picked":["Amplify","Echo Form"],"picked":"Electrodynamics","floor":16.0},{"not_picked":["Rip and Tear","Gash"],"picked":"Beam Cell","floor":18.0},{"not_picked":["Barrage","Ball Lightning"],"picked":"Glacier","floor":20.0},{"not_picked":["Compile Driver+1","Gash"],"picked":"Tempest","floor":21.0},{"not_picked":["Heatsinks","Storm+1"],"picked":"Gash+1","floor":25.0},{"not_picked":["Streamline","Chaos"],"picked":"Loop","floor":29.0},{"not_picked":["Lockon+1","Ball Lightning+1"],"picked":"Cold Snap+1","floor":31.0},{"not_picked":["Meteor Strike","Fission"],"picked":"Buffer","floor":33.0},{"not_picked":["Lockon","Rip and Tear","Stack+1"],"picked":"SKIP","floor":35.0},{"not_picked":["Genetic Algorithm+1","Go for the Eyes"],"picked":"Leap+1","floor":38.0},{"not_picked":["Leap","Biased Cognition"],"picked":"White Noise+1","floor":40.0},{"not_picked":["Capacitor","Coolheaded","Steam Power+1"],"picked":"SKIP","floor":44.0},{"not_picked":["Coolheaded","Reprogram","Turbo+1"],"picked":"SKIP","floor":45.0},{"not_picked":["Sweeping Beam+1","Gash","Rebound"],"picked":"SKIP","floor":47.0},{"not_picked":["Steam+1","Stack"],"picked":"Barrage+1","floor":48.0},{"not_picked":["Stack+1","Compile Driver"],"picked":"Conserve Battery+1","floor":54.0}],"player_experience":494205,"relics_obtained":[{"floor":6.0,"key":"Cables"},{"floor":8.0,"key":"Emotion Chip"},{"floor":11.0,"key":"FossilizedHelix"},{"floor":21.0,"key":"StoneCalendar"},{"floor":21.0,"key":"Matryoshka"},{"floor":26.0,"key":"DataDisk"},{"floor":26.0,"key":"Bronze Scales"},{"floor":37.0,"key":"Girya"},{"floor":38.0,"key":"Ginger"},{"floor":40.0,"key":"Unceasing Top"},{"floor":42.0,"key":"Ancient Tea Set"},{"floor":42.0,"key":"Omamori"},{"floor":43.0,"key":"Kunai"},{"floor":45.0,"key":"Oddly Smooth Stone"},{"floor":48.0,"key":"Blood Vial"},{"floor":54.0,"key":"Bottled Tornado"}],"event_choices":[{"damage_healed":0.0,"max_hp_gain":0.0,"max_hp_loss":0.0,"gold_gain":0.0,"event_name":"Shining Light","player_choice":"Entered Light","floor":2.0,"gold_loss":0.0,"damage_taken":15.0,"cards_upgraded":["Defend_B","Defend_B"]},{"damage_healed":0.0,"max_hp_gain":5.0,"max_hp_loss":0.0,"gold_gain":0.0,"event_name":"Big Fish","player_choice":"Donut","floor":4.0,"gold_loss":0.0,"damage_taken":0.0},{"damage_healed":0.0,"max_hp_gain":0.0,"max_hp_loss":0.0,"gold_gain":0.0,"event_name":"WeMeetAgain","player_choice":"Paid Gold","floor":5.0,"gold_loss":94.0,"damage_taken":0.0,"relics_obtained":["Juzu Bracelet"]},{"damage_healed":0.0,"max_hp_gain":0.0,"max_hp_loss":0.0,"gold_gain":75.0,"event_name":"World of Goop","player_choice":"Gather Gold","floor":14.0,"gold_loss":0.0,"damage_taken":11.0},{"damage_healed":0.0,"max_hp_gain":0.0,"max_hp_loss":0.0,"gold_gain":0.0,"event_name":"Colosseum","player_choice":"Fight","floor":21.0,"gold_loss":0.0,"damage_taken":0.0},{"damage_healed":0.0,"max_hp_gain":0.0,"max_hp_loss":0.0,"gold_gain":0.0,"event_name":"Colosseum","player_choice":"Fought Nobs","floor":21.0,"gold_loss":0.0,"damage_taken":0.0},{"damage_healed":0.0,"max_hp_gain":0.0,"max_hp_loss":0.0,"gold_gain":99.0,"event_name":"Nest","player_choice":"Stole From Cult","floor":22.0,"gold_loss":0.0,"damage_taken":0.0},{"damage_healed":0.0,"max_hp_gain":0.0,"max_hp_loss":0.0,"gold_gain":0.0,"event_name":"MindBloom","player_choice":"Fight","floor":37.0,"gold_loss":0.0,"damage_taken":0.0},{"damage_healed":0.0,"max_hp_gain":0.0,"max_hp_loss":0.0,"gold_gain":0.0,"event_name":"Mysterious Sphere","player_choice":"Fight","floor":38.0,"gold_loss":0.0,"damage_taken":0.0}],"is_beta":false,"boss_relics":[{"not_picked":["Sozu","Snecko Eye"],"picked":"Pandora\u0027s Box"},{"not_picked":["White Beast Statue","Busted Crown"],"picked":"Fusion Hammer"}],"items_purged_floors":[],"is_endless":false,"potions_floor_spawned":[8,13,16,20,21,21,33,38,40,44,47],"ascension_level":2}