{"path_per_floor":["M","?","M","M","?","R","$","?","T","M","M","?","?","M","R","B",null,"M","?","?","$","M","R","M","E","T","T","R","M","M","M","R","B",null,"M","?"],"character_chosen":"THE_SILENT","items_purchased":["Noxious Fumes","Anchor","Prepared"],"gold_per_floor":[111,111,126,144,195,195,79,79,79,92,103,178,178,191,191,294,294,306,306,306,133,148,148,167,194,194,194,194,205,225,238,238,341,341,356,356,356],"floor_reached":37,"campfire_rested":1,"playtime":2397,"current_hp_per_floor":[70,70,70,70,70,70,70,63,63,63,62,51,51,51,51,51,70,70,70,70,70,66,66,62,62,62,62,62,40,40,52,70,26,70,66,66,0],"items_purged":["Normality"],"gold":356,"score":505,"play_id":"24ab9266-4934-4948-8856-86c40fbcdf05","local_time":"20180504223242","is_prod":false,"is_daily":false,"chose_seed":false,"is_ascension_mode":true,"campfire_upgraded":4,"timestamp":1525487562,"path_taken":["M","?","M","M","?","R","?","?","T","?","M","?","?","?","R","BOSS","M","?","?","?","M","R","M","E","T","?","R","M","M","M","R","BOSS","M","?","BOSS"],"build_version":"2018-05-03","seed_source_timestamp":92541041069855,"purchased_purges":1,"victory":false,"master_deck":["Defend_G","Defend_G","Defend_G","Defend_G","Defend_G","Strike_G","Strike_G","Strike_G","Strike_G","Survivor","Neutralize","Deadly Poison+1","Backstab","Footwork","Noxious Fumes+1","Catalyst+1","Outmaneuver","Calculated Gamble","Deadly Poison","Venomology","Dodge and Roll","Prepared","Bouncing Flask+1","Acrobatics","Tactician","Backflip+1","Outmaneuver+1","Burst","Decay","Clumsy","Writhe"],"max_hp_per_floor":[70,70,70,70,70,70,70,70,70,70,70,70,70,70,70,70,70,70,70,70,70,70,70,70,70,70,70,70,70,70,70,70,70,70,70,70,70],"relics":["Ring of the Snake","Vajra","The Specimen","Art of War","Thread and Needle","Lizard Tail","Letter Opener","Anchor","Lantern","Matryoshka","Bronze Scales","Blue Candle","Calling Bell","Dream Catcher","Meat on the Bone","Shovel"],"card_choices":[{"not_picked":["Flechettes","Outmaneuver"],"picked":"Deadly Poison","floor":1},{"not_picked":["Dagger Throw","Prepared"],"picked":"Backstab","floor":3},{"not_picked":["Deflect","Dodge and Roll"],"picked":"Footwork","floor":4},{"not_picked":["Deflect","Sucker Punch"],"picked":"Catalyst","floor":10},{"not_picked":["Dagger Throw","Choke"],"picked":"Outmaneuver","floor":11},{"not_picked":["Slice","Predator"],"picked":"Deadly Poison","floor":14},{"not_picked":["Grand Finale","Tools of the Trade"],"picked":"Venomology","floor":16},{"not_picked":["Heel Hook","Quick Slash"],"picked":"Dodge and Roll","floor":18},{"not_picked":["Backflip","Quick Slash"],"picked":"Bouncing Flask","floor":22},{"not_picked":["Backstab","All Out Attack"],"picked":"Acrobatics","floor":24},{"not_picked":["Prepared","Dagger Throw"],"picked":"Tactician","floor":25},{"not_picked":["Blade Dance","PiercingWail"],"picked":"Backflip","floor":29},{"not_picked":["Prepared","Caltrops"],"picked":"Outmaneuver","floor":31},{"not_picked":["Unload","A Thousand Cuts"],"picked":"Burst","floor":33}],"player_experience":156459,"potions_floor_usage":[16,16,16,24,25,25,25,25,29,29,31,33,33,35,35,37,37],"damage_taken":[{"damage":0,"enemies":"Small Slimes","floor":1,"turns":4},{"damage":0,"enemies":"Cultist","floor":3,"turns":4},{"damage":0,"enemies":"Jaw Worm","floor":4,"turns":3},{"damage":0,"enemies":"2 Fungi Beasts","floor":10,"turns":4},{"damage":1,"enemies":"3 Louse","floor":11,"turns":3},{"damage":0,"enemies":"Exordium Thugs","floor":14,"turns":4},{"damage":0,"enemies":"Slime Boss","floor":16,"turns":7},{"damage":0,"enemies":"Shell Parasite","floor":18,"turns":5},{"damage":4,"enemies":"Spheric Guardian","floor":22,"turns":4},{"damage":4,"enemies":"Snake Plant","floor":24,"turns":3},{"damage":0,"enemies":"Gremlin Leader","floor":25,"turns":5},{"damage":22,"enemies":"Sentry and Sphere","floor":29,"turns":4},{"damage":0,"enemies":"3 Cultists","floor":30,"turns":4},{"damage":0,"enemies":"Centurion and Healer","floor":31,"turns":5},{"damage":44,"enemies":"Automaton","floor":33,"turns":7},{"damage":4,"enemies":"3 Shapes","floor":35,"turns":3},{"damage":115,"enemies":"Time Eater","floor":37,"turns":11}],"event_choices":[{"event_name":"Accursed Blacksmith","player_choice":"Rummage","floor":2,"damage_taken":0},{"event_name":"Golden Wing","player_choice":"Gained Gold","floor":5,"damage_taken":0},{"event_name":"Scrap Ooze","player_choice":"success","floor":8,"damage_taken":7},{"event_name":"World of Goop","player_choice":"Gather Gold","floor":12,"damage_taken":0},{"event_name":"Living Wall","player_choice":"Change","floor":13,"damage_taken":0},{"event_name":"The Mausoleum","player_choice":"Yes","floor":19,"damage_taken":0},{"event_name":"Back to Basics","player_choice":"Elegance","floor":20,"damage_taken":0},{"event_name":"SecretPortal","player_choice":"Took Portal.","floor":36,"damage_taken":0}],"boss_relics":[{"not_picked":["Sozu","Orrery"],"picked":"Lizard Tail"},{"not_picked":["Runic Pyramid","White Beast Statue"],"picked":"Calling Bell"}],"potions_floor_spawned":[3,11,14,16,22,25,30,31],"seed_played":"3238323587986971174","killed_by":"Time Eater","ascension_level":1,"is_trial":false}