{"gold_per_floor":[111,128,278,278,353,61,61,80,110,129,44,60,60,60,60,60],"floor_reached":16,"playtime":608,"items_purged":["Doubt"],"score":176,"play_id":"2c69f12b-01bc-4a00-ad37-b96e1c8e739d","local_time":"20190228190638","is_ascension_mode":true,"campfire_choices":[{"floor":13.0,"key":"REST"},{"data":"Armaments","floor":15.0,"key":"SMITH"}],"neow_cost":"CURSE","seed_source_timestamp":1290366285956890,"circlet_count":0,"master_deck":["AscendersBane","Strike_R+1","Strike_R","Strike_R","Strike_R","Defend_R","Defend_R","Defend_R+1","Defend_R","Bash","Clumsy","Spot Weakness","Heavy Blade","Shrug It Off","Shockwave","Evolve","Thunderclap","Ghostly Armor","Clothesline","Flame Barrier","Armaments+1"],"special_seed":0,"relics":["Burning Blood","Tiny Chest"],"potions_floor_usage":[16],"damage_taken":[{"damage":3.0,"enemies":"2 Louse","floor":1.0,"turns":4.0},{"damage":15.0,"enemies":"Small Slimes","floor":2.0,"turns":4.0},{"damage":8.0,"enemies":"Jaw Worm","floor":8.0,"turns":4.0},{"damage":22.0,"enemies":"Exordium Thugs","floor":10.0,"turns":6.0},{"damage":8.0,"enemies":"3 Louse","floor":12.0,"turns":2.0},{"damage":49,"enemies":"Slime Boss","floor":16,"turns":10}],"seed_played":"3565071279541861751","potions_obtained":[{"floor":10.0,"key":"Regen Potion"},{"floor":12.0,"key":"GamblersBrew"}],"is_trial":false,"path_per_floor":["M","M","?","?","?","$","?","M","T","M","$","M","R","$","R","B"],"character_chosen":"IRONCLAD","items_purchased":["Shrug It Off","Shockwave","Evolve","Flame Barrier"],"campfire_rested":1,"item_purchase_floors":[6,6,6,11],"current_hp_per_floor":[85,76,76,49,38,38,38,36,36,20,20,23,49,49,49,0],"gold":60,"neow_bonus":"TWENTY_PERCENT_HP_BONUS","is_prod":false,"is_daily":false,"chose_seed":false,"campfire_upgraded":1,"win_rate":0,"timestamp":1551398798,"path_taken":["M","M","?","?","?","$","?","M","T","?","?","M","R","$","R","BOSS"],"build_version":"2019-02-06","purchased_purges":1,"victory":false,"max_hp_per_floor":[89,89,89,89,89,89,89,89,89,89,89,89,89,89,89,89],"card_choices":[{"not_picked":["Havoc","Sentinel"],"picked":"Spot Weakness","floor":1.0},{"not_picked":["Clash","Thunderclap"],"picked":"Heavy Blade","floor":2.0},{"not_picked":["Flex","Power Through"],"picked":"Ghostly Armor","floor":8.0},{"not_picked":["Iron Wave","Flex"],"picked":"Clothesline","floor":10.0},{"not_picked":["Corruption","True Grit"],"picked":"Armaments","floor":12.0}],"player_experience":1014535,"relics_obtained":[{"floor":9.0,"key":"Tiny Chest"}],"event_choices":[{"damage_healed":0.0,"max_hp_gain":0.0,"max_hp_loss":0.0,"gold_gain":150.0,"event_name":"Liars Game","player_choice":"AGREE","floor":3.0,"gold_loss":0.0,"damage_taken":0.0,"cards_obtained":["Doubt"]},{"damage_healed":0.0,"max_hp_gain":0.0,"max_hp_loss":0.0,"gold_gain":0.0,"event_name":"Shining Light","player_choice":"Entered Light","floor":4.0,"gold_loss":0.0,"damage_taken":27.0,"cards_upgraded":["Defend_R","Strike_R"]},{"damage_healed":0.0,"max_hp_gain":0.0,"max_hp_loss":0.0,"gold_gain":75.0,"event_name":"World of Goop","player_choice":"Gather Gold","floor":5.0,"gold_loss":0.0,"damage_taken":11.0},{"damage_healed":0.0,"max_hp_gain":0.0,"max_hp_loss":0.0,"gold_gain":0.0,"cards_transformed":["Strike_R"],"event_name":"Living Wall","player_choice":"Change","floor":7.0,"gold_loss":0.0,"damage_taken":0.0,"cards_obtained":["Thunderclap"]}],"is_beta":true,"boss_relics":[],"items_purged_floors":[6],"is_endless":false,"potions_floor_spawned":[10,12],"killed_by":"Slime Boss","ascension_level":19}