{"gold_per_floor":[115,115,125,125,140,140,153,153,153,116,134,38,54,74,74,149,149,168,179,449,469,482,482,511,511,511,511,530,550,20,30,30,108,108,125,140,90,104,119,119,135,149,149,149,162,179,179,0,0,0],"floor_reached":51,"playtime":3502,"items_purged":["Strike_B"],"score":1452,"play_id":"a6493879-d850-46e5-a5a9-5be4195e8feb","local_time":"20190216225643","is_ascension_mode":true,"campfire_choices":[{"floor":6,"key":"REST"},{"data":"Defragment","floor":8,"key":"SMITH"},{"data":"Defragment","floor":15,"key":"SMITH"},{"data":"Defragment","floor":23,"key":"SMITH"},{"data":"Blizzard","floor":25,"key":"SMITH"},{"data":"Coolheaded","floor":27,"key":"SMITH"},{"floor":32,"key":"REST"},{"data":"Defragment","floor":40,"key":"SMITH"},{"floor":44,"key":"REST"},{"floor":47,"key":"REST"},{"floor":49,"key":"REST"}],"neow_cost":"NONE","seed_source_timestamp":0,"circlet_count":0,"master_deck":["AscendersBane","Strike_B","Strike_B","Strike_B","Defend_B","Defend_B","Defend_B","Defend_B","Zap","Dualcast","Dramatic Entrance","Static Discharge","Defragment+1","Cold Snap","Self Repair","Defragment+1","FTL","Defragment+1","Coolheaded","Cold Snap","Creative AI","Coolheaded+1","Blizzard+1","Chill+1","Capacitor","Capacitor","Amplify+1","Go for the Eyes+1","Parasite","Defragment+1","Capacitor+1","Redo+1"],"special_seed":0,"relics":["FrozenCore","Thread and Needle","Torii","Shuriken","Ancient Tea Set","Bottled Flame","ClockworkSouvenir","Bronze Scales","Lizard Tail","Darkstone Periapt","Red Mask"],"potions_floor_usage":[19,22,33,33,42,50,50],"damage_taken":[{"damage":1,"enemies":"Cultist","floor":1,"turns":3},{"damage":4,"enemies":"Small Slimes","floor":3,"turns":2},{"damage":0,"enemies":"2 Louse","floor":5,"turns":3},{"damage":1,"enemies":"Red Slaver","floor":7,"turns":3},{"damage":0,"enemies":"Gremlin Gang","floor":11,"turns":6},{"damage":0,"enemies":"Large Slime","floor":13,"turns":6},{"damage":0,"enemies":"2 Fungi Beasts","floor":14,"turns":4},{"damage":20,"enemies":"The Guardian","floor":16,"turns":18},{"damage":0,"enemies":"Chosen","floor":18,"turns":7},{"damage":0,"enemies":"Shell Parasite","floor":19,"turns":15},{"damage":16,"enemies":"Snake Plant","floor":21,"turns":12},{"damage":1,"enemies":"Snecko","floor":22,"turns":13},{"damage":3,"enemies":"Slavers","floor":24,"turns":7},{"damage":17,"enemies":"Shelled Parasite and Fungi","floor":28,"turns":12},{"damage":9,"enemies":"Centurion and Healer","floor":29,"turns":10},{"damage":15,"enemies":"Snake Plant","floor":31,"turns":8},{"damage":0,"enemies":"Collector","floor":33,"turns":16},{"damage":10,"enemies":"Orb Walker","floor":35,"turns":6},{"damage":34,"enemies":"3 Darklings","floor":36,"turns":5},{"damage":6,"enemies":"Writhing Mass","floor":38,"turns":14},{"damage":0,"enemies":"4 Shapes","floor":39,"turns":12},{"damage":0,"enemies":"Spire Growth","floor":41,"turns":11},{"damage":39,"enemies":"Transient","floor":42,"turns":6},{"damage":0,"enemies":"Sphere and 2 Shapes","floor":45,"turns":9},{"damage":24,"enemies":"4 Shapes","floor":46,"turns":7},{"damage":0,"enemies":"Donu and Deca","floor":50,"turns":19}],"seed_played":"2446701903910045965","potions_obtained":[{"floor":3,"key":"EssenceOfSteel"},{"floor":11,"key":"GamblersBrew"},{"floor":19,"key":"Weak Potion"},{"floor":29,"key":"GamblersBrew"},{"floor":31,"key":"FocusPotion"},{"floor":36,"key":"AttackPotion"},{"floor":41,"key":"Dexterity Potion"},{"floor":42,"key":"EssenceOfSteel"}],"is_trial":false,"path_per_floor":["M","?","M","?","M","R","M","R","T","$","M","$","M","M","R","B",null,"M","M","?","M","M","R","E","R","T","R","M","M","$","M","R","B",null,"M","M","?","M","M","R","M","M","T","R","M","M","R","?","R","B",null],"character_chosen":"DEFECT","items_purchased":["Defragment","Defragment","Coolheaded","ClockworkSouvenir","Bronze Scales","PowerPotion"],"campfire_rested":5,"item_purchase_floors":[10,12,12,30,30,30],"current_hp_per_floor":[63,18,14,14,14,35,34,34,34,34,41,41,48,55,55,42,64,71,71,43,34,40,40,44,44,44,44,34,32,32,24,45,52,66,56,29,29,37,44,44,58,26,26,47,54,37,58,58,71,71],"gold":0,"neow_bonus":"RANDOM_COLORLESS","is_prod":false,"is_daily":false,"chose_seed":false,"campfire_upgraded":6,"win_rate":0,"timestamp":1550375803,"path_taken":["M","?","M","?","?","R","M","R","T","$","M","$","M","M","R","BOSS","M","M","?","M","M","R","E","R","T","R","?","?","$","M","R","BOSS","M","M","?","?","M","R","?","M","T","R","M","M","R","?","R","BOSS"],"build_version":"2019-02-06","purchased_purges":1,"victory":true,"max_hp_per_floor":[71,71,71,71,71,71,71,71,71,71,71,71,71,71,71,71,71,71,71,71,71,71,71,71,71,71,71,71,71,71,71,71,71,71,71,71,71,71,71,71,71,71,71,71,71,71,71,71,71,71],"card_choices":[{"not_picked":["Self Repair","Barrage"],"picked":"Static Discharge","floor":1},{"not_picked":["Coolheaded","Go for the Eyes"],"picked":"Defragment","floor":3},{"not_picked":["Blizzard","Ball Lightning"],"picked":"Cold Snap","floor":5},{"not_picked":["Leap","Barrage"],"picked":"Self Repair","floor":7},{"not_picked":["Storm","Barrage"],"picked":"FTL","floor":11},{"not_picked":["Streamline","Doom and Gloom","Turbo"],"picked":"SKIP","floor":13},{"not_picked":["Hologram","Compile Driver"],"picked":"Cold Snap","floor":14},{"not_picked":["Meteor Strike","Reboot"],"picked":"Creative AI","floor":16},{"not_picked":["Streamline","Aggregate"],"picked":"Coolheaded","floor":18},{"not_picked":["Auto Shields","Barrage"],"picked":"Blizzard","floor":19},{"not_picked":["Tempest","Lockon","Scrape"],"picked":"SKIP","floor":21},{"not_picked":["Recycle","Hologram"],"picked":"Chill+1","floor":22},{"not_picked":["Fusion+1","Biased Cognition","Doom and Gloom"],"picked":"SKIP","floor":24},{"not_picked":["Self Repair","Steam Power"],"picked":"Capacitor","floor":28},{"not_picked":["Streamline+1","Aggregate","Ball Lightning"],"picked":"SKIP","floor":29},{"not_picked":["Undo","Darkness"],"picked":"Capacitor","floor":31},{"not_picked":["Thunder Strike","Biased Cognition"],"picked":"Amplify","floor":33},{"not_picked":["Fusion+1","Conserve Battery","Redo"],"picked":"SKIP","floor":35},{"not_picked":["Cold Snap","Beam Cell"],"picked":"Go for the Eyes+1","floor":36},{"not_picked":["Streamline+1","Steam","Sweeping Beam"],"picked":"SKIP","floor":38},{"not_picked":["Barrage","Auto Shields"],"picked":"Defragment","floor":39},{"not_picked":["Sunder+1","Streamline","Leap+1"],"picked":"SKIP","floor":41},{"not_picked":["Compile Driver","Static Discharge"],"picked":"Capacitor+1","floor":42},{"not_picked":["Cold Snap","Double Energy"],"picked":"Redo+1","floor":45},{"not_picked":["Cold Snap","Redo+1","Steam"],"picked":"SKIP","floor":46}],"player_experience":982078,"relics_obtained":[{"floor":4,"key":"Torii"},{"floor":9,"key":"Shuriken"},{"floor":24,"key":"Ancient Tea Set"},{"floor":26,"key":"Bottled Flame"},{"floor":43,"key":"Darkstone Periapt"}],"event_choices":[{"damage_healed":0,"gold_gain":0,"player_choice":"Success","damage_taken":45,"relics_obtained":["Thread and Needle"],"max_hp_gain":0,"max_hp_loss":0,"event_name":"Scrap Ooze","floor":2,"gold_loss":0},{"damage_healed":0,"gold_gain":0,"player_choice":"Relic","damage_taken":0,"max_hp_gain":0,"max_hp_loss":0,"event_name":"Wheel of Change","floor":4,"gold_loss":0},{"damage_healed":0,"gold_gain":270,"player_choice":"GOLD GOLD GOLD ","damage_taken":28,"max_hp_gain":0,"max_hp_loss":0,"event_name":"Knowing Skull","floor":20,"potions_obtained":[],"gold_loss":0,"cards_obtained":[]},{"damage_healed":0,"gold_gain":0,"player_choice":"Upgrade","damage_taken":0,"max_hp_gain":0,"max_hp_loss":0,"event_name":"Designer","floor":37,"gold_loss":50,"cards_upgraded":["Amplify"]},{"damage_healed":0,"gold_gain":0,"player_choice":"Paid","damage_taken":0,"relics_obtained":["Red Mask"],"max_hp_gain":0,"max_hp_loss":0,"event_name":"Tomb of Lord Red Mask","floor":48,"gold_loss":179}],"is_beta":true,"boss_relics":[{"not_picked":["Cursed Key","Calling Bell"],"picked":"FrozenCore"},{"not_picked":["Black Star","Runic Dome"],"picked":"Lizard Tail"}],"items_purged_floors":[30],"is_endless":false,"potions_floor_spawned":[3,11,13,18,19,29,31,36,41,42,45],"ascension_level":19}