{"gold_per_floor":[116,116,191,215,215,215,248,103,175,195,210,41,55,80,80,200,200,224,240,240,255,271,271,271],"floor_reached":24,"playtime":740,"items_purged":[],"score":273,"play_id":"76f1693f-16df-4895-a56a-c46c9920adf9","local_time":"20190606221236","is_ascension_mode":true,"campfire_choices":[{"floor":6,"key":"RECALL"},{"floor":15,"key":"REST"},{"floor":23,"key":"REST"}],"neow_cost":"NONE","seed_source_timestamp":16981536504209,"circlet_count":0,"master_deck":["Defend_G","Defend_G","Defend_G","Defend_G","Defend_G","Strike_G","Strike_G","Strike_G","Strike_G","Strike_G","Survivor","Neutralize","Infinite Blades","Injury","Deadly Poison","Outmaneuver","Noxious Fumes","Bouncing Flask","Deadly Poison","Bouncing Flask","Noxious Fumes","Outmaneuver","Outmaneuver","Masterful Stab","Adrenaline","Deadly Poison","Masterful Stab","Dash","Venomology","Deflect","Deadly Poison","Catalyst","Quick Slash","Dodge and Roll+1"],"relics":["Ring of the Snake","NeowsBlessing","Golden Idol","The Specimen","Orrery","MutagenicStrength"],"potions_floor_usage":[11,16,18,19,19,21,22],"damage_taken":[{"damage":0,"enemies":"Small Slimes","floor":1,"turns":1},{"damage":0,"enemies":"2 Louse","floor":4,"turns":1},{"damage":0,"enemies":"Lagavulin","floor":7,"turns":1},{"damage":1,"enemies":"Cultist","floor":10,"turns":4},{"damage":7,"enemies":"Exordium Thugs","floor":11,"turns":4},{"damage":9,"enemies":"Looter","floor":13,"turns":4},{"damage":22,"enemies":"Exordium Wildlife","floor":14,"turns":4},{"damage":32,"enemies":"The Guardian","floor":16,"turns":8},{"damage":17,"enemies":"Spheric Guardian","floor":18,"turns":4},{"damage":14,"enemies":"3 Byrds","floor":19,"turns":4},{"damage":24,"enemies":"Snake Plant","floor":21,"turns":3},{"damage":14,"enemies":"Snecko","floor":22,"turns":4},{"damage":25,"enemies":"Slavers","floor":24,"turns":1}],"seed_played":"4778730748537511653","potions_obtained":[{"floor":4,"key":"Energy Potion"},{"floor":10,"key":"AttackPotion"},{"floor":13,"key":"LiquidBronze"},{"floor":16,"key":"Weak Potion"},{"floor":18,"key":"Explosive Potion"},{"floor":19,"key":"Fire Potion"}],"is_trial":false,"path_per_floor":["M","?","?","M","?","R","E","$","T","M","M","$","M","M","R","B",null,"M","M","?","M","M","R","E"],"character_chosen":"THE_SILENT","items_purchased":["Noxious Fumes","Bouncing Flask","Bouncing Flask","Noxious Fumes","Outmaneuver"],"campfire_rested":2,"item_purchase_floors":[8,8,12,12,12],"current_hp_per_floor":[70,70,59,59,59,59,59,59,59,58,51,51,42,20,41,9,70,53,39,39,15,1,22,0],"gold":271,"neow_bonus":"THREE_ENEMY_KILL","is_prod":false,"is_daily":false,"chose_seed":false,"campfire_upgraded":0,"win_rate":0,"timestamp":1559873556,"path_taken":["M","?","?","M","?","R","E","?","T","M","?","$","M","M","R","BOSS","M","M","?","M","M","R","E"],"build_version":"2019-01-23","purchased_purges":0,"victory":false,"max_hp_per_floor":[70,70,70,70,70,70,70,70,70,70,70,70,70,70,70,70,70,70,70,70,70,70,70,70],"card_choices":[{"not_picked":["Dodge and Roll","Catalyst"],"picked":"Infinite Blades","floor":1},{"not_picked":["PiercingWail","Bouncing Flask"],"picked":"Deadly Poison","floor":4},{"not_picked":["Leg Sweep","Unload"],"picked":"Outmaneuver","floor":7},{"not_picked":["Prepared","Outmaneuver"],"picked":"Deadly Poison","floor":10},{"not_picked":["Expertise","All Out Attack","Prepared"],"picked":"SKIP","floor":11},{"not_picked":["Cloak And Dagger","Deflect"],"picked":"Outmaneuver","floor":13},{"not_picked":["Dodge and Roll","Tactician"],"picked":"Masterful Stab","floor":14},{"not_picked":["After Image","Glass Knife"],"picked":"Adrenaline","floor":16},{"not_picked":["Acrobatics","PiercingWail"],"picked":"Deadly Poison","floor":17},{"not_picked":["Finisher","Accuracy"],"picked":"Masterful Stab","floor":17},{"not_picked":["Backflip","PiercingWail"],"picked":"Dash","floor":17},{"not_picked":["Slice","Reflex"],"picked":"Venomology","floor":17},{"not_picked":["Heel Hook","Tactician"],"picked":"Deflect","floor":17},{"not_picked":["All Out Attack","Reflex+1"],"picked":"Deadly Poison","floor":18},{"not_picked":["Bane","Slice"],"picked":"Catalyst","floor":19},{"not_picked":["Blade Dance+1","Backflip"],"picked":"Quick Slash","floor":21},{"not_picked":["Sucker Punch","Quick Slash+1"],"picked":"Dodge and Roll+1","floor":22}],"player_experience":433274,"relics_obtained":[{"floor":7,"key":"The Specimen"}],"event_choices":[{"damage_healed":0,"gold_gain":0,"player_choice":"Take Wound","damage_taken":0,"relics_obtained":["Golden Idol"],"max_hp_gain":0,"max_hp_loss":0,"event_name":"Golden Idol","floor":2,"gold_loss":0,"cards_obtained":["Injury"]},{"damage_healed":0,"gold_gain":75,"player_choice":"Gather Gold","damage_taken":11,"max_hp_gain":0,"max_hp_loss":0,"event_name":"World of Goop","floor":3,"gold_loss":0},{"damage_healed":0,"gold_gain":0,"player_choice":"Ignored","damage_taken":0,"max_hp_gain":0,"max_hp_loss":0,"event_name":"Golden Wing","floor":5,"gold_loss":0},{"damage_healed":0,"gold_gain":0,"player_choice":"Inject Mutagens","damage_taken":0,"relics_obtained":["MutagenicStrength"],"max_hp_gain":0,"max_hp_loss":0,"event_name":"Drug Dealer","floor":20,"gold_loss":0}],"is_beta":false,"boss_relics":[{"not_picked":["Ring of the Serpent","Eternal Feather"],"picked":"Orrery"}],"items_purged_floors":[],"is_endless":false,"potions_floor_spawned":[4,10,13,16,18,19],"killed_by":"Slavers","ascension_level":2}