{"gold_per_floor":[111,121,86,109,121,271,271,39,39,39,54,74,91,106,106,180,180,192,192,202,216,216,216,241,253,253,253,253],"floor_reached":28,"playtime":1189,"items_purged":["Doubt"],"score":477,"play_id":"db63d7dd-59fc-4472-a7a6-d3e9869f5b56","local_time":"20190221190729","is_ascension_mode":true,"campfire_choices":[{"data":"Caltrops","floor":7.0,"key":"SMITH"},{"data":"Caltrops","floor":15.0,"key":"SMITH"},{"floor":23.0,"key":"REST"}],"neow_cost":"NONE","seed_source_timestamp":684944218789584,"circlet_count":0,"master_deck":["AscendersBane","Defend_G","Defend_G","Defend_G","Defend_G","Defend_G","Strike_G","Survivor","Neutralize","Caltrops+1","Crippling Poison","Dodge and Roll","Well Laid Plans","Predator","Footwork+1","Caltrops+1","Catalyst+1","Die Die Die","Calculated Gamble+1","Flechettes+1","Masterful Stab+1","Blade Dance+1","Backflip+1","Footwork","Dodge and Roll+1"],"special_seed":0,"relics":["Ring of the Snake","Lantern","Bag of Marbles","Toxic Egg 2","Astrolabe","Boot","Mango","Letter Opener"],"potions_floor_usage":[],"damage_taken":[{"damage":4.0,"enemies":"Small Slimes","floor":1.0,"turns":5.0},{"damage":4.0,"enemies":"Jaw Worm","floor":2.0,"turns":6.0},{"damage":0.0,"enemies":"2 Louse","floor":5.0,"turns":3.0},{"damage":0.0,"enemies":"Red Slaver","floor":11.0,"turns":5.0},{"damage":5.0,"enemies":"Exordium Wildlife","floor":12.0,"turns":3.0},{"damage":4.0,"enemies":"Lots of Slimes","floor":13.0,"turns":5.0},{"damage":16.0,"enemies":"Exordium Thugs","floor":14.0,"turns":6.0},{"damage":20.0,"enemies":"The Guardian","floor":16.0,"turns":8.0},{"damage":20.0,"enemies":"2 Thieves","floor":18.0,"turns":5.0},{"damage":14.0,"enemies":"Spheric Guardian","floor":20.0,"turns":6.0},{"damage":13.0,"enemies":"Centurion and Healer","floor":21.0,"turns":7.0},{"damage":8.0,"enemies":"Slavers","floor":24.0,"turns":5.0},{"damage":20.0,"enemies":"Snecko","floor":25.0,"turns":4.0},{"damage":30,"enemies":"Gremlin Leader","floor":28,"turns":5}],"seed_played":"-2642274389512502147","potions_obtained":[{"floor":5.0,"key":"Explosive Potion"},{"floor":11.0,"key":"Poison Potion"},{"floor":14.0,"key":"SmokeBomb"},{"floor":18.0,"key":"Fire Potion"},{"floor":21.0,"key":"AttackPotion"}],"is_trial":false,"path_per_floor":["M","M","?","T","M","?","R","$","T","?","M","M","M","M","R","B",null,"M","?","M","M","T","R","E","M","T","?","E"],"character_chosen":"THE_SILENT","items_purchased":["Bag of Marbles"],"campfire_rested":1,"item_purchase_floors":[8],"current_hp_per_floor":[61,57,72,72,72,72,72,72,72,72,72,67,63,47,47,27,61,41,41,27,14,14,35,41,21,21,21,0],"gold":253,"neow_bonus":"TEN_PERCENT_HP_BONUS","is_prod":false,"is_daily":false,"chose_seed":false,"campfire_upgraded":2,"win_rate":0,"timestamp":1550794049,"path_taken":["M","M","?","?","M","?","R","$","T","?","M","?","M","M","R","BOSS","M","?","?","M","?","R","E","M","T","?","E"],"build_version":"2019-02-06","purchased_purges":1,"victory":false,"max_hp_per_floor":[72,72,72,72,72,72,72,72,72,72,72,72,72,72,72,72,72,72,72,72,72,72,72,86,86,86,86,86],"card_choices":[{"not_picked":["Outmaneuver","PiercingWail"],"picked":"Caltrops","floor":1.0},{"not_picked":["Dagger Throw","Blade Dance"],"picked":"Crippling Poison","floor":2.0},{"not_picked":["Deadly Poison","Expertise"],"picked":"Dodge and Roll","floor":5.0},{"not_picked":["Eviscerate","Quick Slash"],"picked":"Predator","floor":11.0},{"not_picked":["Well Laid Plans","Riddle With Holes"],"picked":"Footwork","floor":12.0},{"not_picked":["Outmaneuver+1","Deflect+1"],"picked":"Caltrops","floor":13.0},{"not_picked":["Predator","Finisher"],"picked":"Catalyst+1","floor":14.0},{"not_picked":["Envenom","Glass Knife"],"picked":"Die Die Die","floor":16.0},{"not_picked":["Backstab","Masterful Stab","Choke"],"picked":"SKIP","floor":18.0},{"not_picked":["Sucker Punch","Slice"],"picked":"Blade Dance+1","floor":20.0},{"not_picked":["Slice","Finisher"],"picked":"Backflip+1","floor":21.0},{"not_picked":["Flying Knee+1","Tactician+1"],"picked":"Footwork","floor":24.0},{"not_picked":["Flying Knee","Underhanded Strike+1"],"picked":"Dodge and Roll+1","floor":25.0}],"player_experience":1006049,"relics_obtained":[{"floor":4.0,"key":"Lantern"},{"floor":9.0,"key":"Toxic Egg 2"},{"floor":22.0,"key":"Boot"},{"floor":24.0,"key":"Mango"},{"floor":26.0,"key":"Letter Opener"}],"event_choices":[{"damage_healed":18.0,"max_hp_gain":0.0,"max_hp_loss":0.0,"gold_gain":0.0,"event_name":"The Cleric","player_choice":"Healed","floor":3.0,"gold_loss":35.0,"damage_taken":0.0},{"damage_healed":0.0,"max_hp_gain":0.0,"max_hp_loss":0.0,"gold_gain":150.0,"event_name":"Liars Game","player_choice":"AGREE","floor":6.0,"gold_loss":0.0,"damage_taken":0.0,"cards_obtained":["Doubt"]},{"damage_healed":0.0,"max_hp_gain":0.0,"max_hp_loss":0.0,"gold_gain":0.0,"cards_transformed":["Strike_G"],"event_name":"Transmorgrifier","player_choice":"Transformed","floor":10.0,"gold_loss":0.0,"damage_taken":0.0,"cards_obtained":["Well Laid Plans"]},{"damage_healed":0.0,"max_hp_gain":0.0,"max_hp_loss":0.0,"gold_gain":0.0,"event_name":"Accursed Blacksmith","player_choice":"Forge","floor":19.0,"gold_loss":0.0,"damage_taken":0.0,"cards_upgraded":["Footwork"]},{"damage_healed":0,"gold_gain":0,"player_choice":"Leave","damage_taken":0,"max_hp_gain":0,"max_hp_loss":0,"event_name":"FaceTrader","floor":27,"gold_loss":0}],"is_beta":true,"boss_relics":[{"not_picked":["Empty Cage","Coffee Dripper"],"picked":"Astrolabe"}],"items_purged_floors":[8],"is_endless":false,"potions_floor_spawned":[5,11,14,18,21],"killed_by":"Gremlin Leader","ascension_level":19}