{"gold_per_floor":[114,129,129,141,5,5,30,48,48,48,64,80,80,80,80,80],"floor_reached":16,"playtime":598,"items_purged":[],"score":224,"play_id":"ee527eb3-fbb8-4dd3-86c7-fc01b0ee91e3","local_time":"20190228140411","is_ascension_mode":true,"campfire_choices":[{"data":"Armaments","floor":6.0,"key":"SMITH"},{"data":"Metallicize","floor":13,"key":"SMITH"},{"data":"Iron Wave","floor":15,"key":"SMITH"}],"neow_cost":"NONE","seed_source_timestamp":1272242456867826,"circlet_count":0,"master_deck":["AscendersBane","Strike_R","Strike_R","Strike_R","Strike_R","Strike_R","Defend_R","Defend_R+1","Defend_R","Defend_R","Bash","Entrench","Iron Wave+1","Armaments+1","Metallicize+1","Shrug It Off","Feed+1","Clothesline+1","Ghostly Armor+1","Brutality","Shrug It Off","Shrug It Off"],"special_seed":0,"relics":["Burning Blood","Molten Egg 2","WingedGreaves"],"potions_floor_usage":[11,16],"damage_taken":[{"damage":5.0,"enemies":"2 Louse","floor":1.0,"turns":4.0},{"damage":2.0,"enemies":"Cultist","floor":2.0,"turns":4.0},{"damage":16.0,"enemies":"Small Slimes","floor":4.0,"turns":5.0},{"damage":51.0,"enemies":"Gremlin Nob","floor":7.0,"turns":6.0},{"damage":3.0,"enemies":"3 Louse","floor":8.0,"turns":5.0},{"damage":22,"enemies":"Exordium Wildlife","floor":11,"turns":7},{"damage":4,"enemies":"Blue Slaver","floor":12,"turns":6},{"damage":34,"enemies":"The Guardian","floor":16,"turns":10}],"seed_played":"-4120234164732962676","potions_obtained":[{"floor":1.0,"key":"Energy Potion"},{"floor":2.0,"key":"Fire Potion"},{"floor":8.0,"key":"Regen Potion"},{"floor":12,"key":"BloodPotion"}],"is_trial":false,"path_per_floor":["M","M","?","M","$","R","E","M","T","?","M","M","R","?","R","B"],"character_chosen":"IRONCLAD","items_purchased":["Metallicize","Shrug It Off"],"campfire_rested":0,"item_purchase_floors":[5,5],"current_hp_per_floor":[76,80,85,75,75,75,30,37,37,37,40,46,46,16,16,0],"gold":80,"neow_bonus":"TEN_PERCENT_HP_BONUS","is_prod":false,"is_daily":false,"chose_seed":false,"campfire_upgraded":3,"win_rate":0,"timestamp":1551380651,"path_taken":["M","M","?","M","$","R","E","M","T","?","M","?","R","?","R","BOSS"],"build_version":"2019-02-06","purchased_purges":0,"victory":false,"max_hp_per_floor":[82,82,87,87,87,87,87,91,91,91,95,99,99,99,99,99],"card_choices":[{"not_picked":["Pummel","Thunderclap"],"picked":"Entrench","floor":1.0},{"not_picked":["Thunderclap","Heavy Blade"],"picked":"Iron Wave","floor":2.0},{"not_picked":["Shockwave","Corruption"],"picked":"Armaments","floor":4.0},{"not_picked":["Shrug It Off","Infernal Blade"],"picked":"Feed","floor":7.0},{"not_picked":["Armaments","Disarm"],"picked":"Clothesline+1","floor":8.0},{"not_picked":["Flex","Entrench"],"picked":"Shrug It Off","floor":11},{"not_picked":["Cleave+1","Corruption"],"picked":"Shrug It Off","floor":12}],"player_experience":1013446,"relics_obtained":[{"floor":7.0,"key":"Molten Egg 2"},{"floor":9.0,"key":"WingedGreaves"}],"event_choices":[{"damage_healed":0.0,"max_hp_gain":5.0,"max_hp_loss":0.0,"gold_gain":0.0,"event_name":"Big Fish","player_choice":"Donut","floor":3.0,"gold_loss":0.0,"damage_taken":0.0},{"damage_healed":0,"gold_gain":0,"player_choice":"2 cards matched","damage_taken":0,"max_hp_gain":0,"max_hp_loss":0,"event_name":"Match and Keep!","floor":10,"gold_loss":0,"cards_obtained":["Ghostly Armor","Brutality"]},{"damage_healed":0,"gold_gain":0,"player_choice":"Entered Light","damage_taken":30,"max_hp_gain":0,"max_hp_loss":0,"event_name":"Shining Light","floor":14,"gold_loss":0,"cards_upgraded":["Ghostly Armor","Defend_R"]}],"is_beta":true,"boss_relics":[],"items_purged_floors":[],"is_endless":false,"potions_floor_spawned":[1,2,8,12],"killed_by":"The Guardian","ascension_level":19}