{"gold_per_floor":[109,109,119,119,133,186,186,261,261,273,286,159,192,206,206,311,311,328,346,346,346,361,361,461,492,492,492,492],"floor_reached":28,"playtime":1816,"items_purged":[],"score":263,"play_id":"241c97f6-b28f-4247-8d7d-9fc5cb13fc65","local_time":"20190621001311","is_ascension_mode":false,"campfire_choices":[{"data":"Dualcast","floor":7,"key":"SMITH"},{"data":"White Noise","floor":15,"key":"SMITH"},{"data":"Capacitor","floor":23,"key":"SMITH"},{"data":"Defragment","floor":27,"key":"SMITH"}],"neow_cost":"NONE","seed_source_timestamp":41724221753349,"circlet_count":0,"master_deck":["Strike_B","Strike_B","Strike_B","Strike_B","Defend_B","Defend_B","Defend_B","Defend_B","Zap","Dualcast+1","Ball Lightning","Self Repair","Storm","Tempest","Self Repair","Ball Lightning","White Noise+1","Defragment+1","Chaos","Capacitor+1","Barrage"],"relics":["Cracked Core","PreservedInsect","Shuriken","Meat on the Bone","Centennial Puzzle","Frozen Egg 2"],"potions_floor_usage":[16,25,26],"damage_taken":[{"damage":7,"enemies":"Jaw Worm","floor":1,"turns":4},{"damage":1,"enemies":"Cultist","floor":3,"turns":3},{"damage":1,"enemies":"2 Louse","floor":5,"turns":2},{"damage":7,"enemies":"Blue Slaver","floor":10,"turns":3},{"damage":37,"enemies":"Gremlin Gang","floor":11,"turns":4},{"damage":8,"enemies":"Gremlin Nob","floor":13,"turns":3},{"damage":16,"enemies":"Large Slime","floor":14,"turns":3},{"damage":21,"enemies":"Hexaghost","floor":16,"turns":7},{"damage":33,"enemies":"3 Byrds","floor":18,"turns":4},{"damage":37,"enemies":"Shell Parasite","floor":19,"turns":5},{"damage":22,"enemies":"Centurion and Healer","floor":22,"turns":6},{"damage":39,"enemies":"Gremlin Leader","floor":25,"turns":5},{"damage":33,"enemies":"Snake Plant","floor":28,"turns":4}],"seed_played":"1839699434307494517","potions_obtained":[{"floor":11,"key":"Explosive Potion"},{"floor":13,"key":"Fire Potion"},{"floor":16,"key":"LiquidBronze"},{"floor":25,"key":"Fruit Juice"}],"is_trial":false,"path_per_floor":["M","?","M","?","M","T","R","?","T","M","M","$","E","M","R","B",null,"M","M","?","?","M","R","?","E","T","R","M"],"character_chosen":"DEFECT","items_purchased":["Self Repair","Ball Lightning"],"campfire_rested":0,"item_purchase_floors":[12,12],"current_hp_per_floor":[75,80,79,79,78,78,78,67,67,67,37,37,36,46,46,37,82,63,52,36,36,40,40,40,27,32,32,0],"gold":492,"neow_bonus":"TEN_PERCENT_HP_BONUS","is_prod":false,"is_daily":false,"chose_seed":false,"campfire_upgraded":4,"win_rate":0.0,"timestamp":1561093991,"path_taken":["M","?","?","?","M","?","R","?","T","M","M","$","E","M","R","BOSS","M","M","?","?","M","R","?","E","T","R","M"],"build_version":"2019-01-23","purchased_purges":0,"victory":false,"max_hp_per_floor":[82,82,82,82,82,82,82,82,82,82,82,82,82,82,82,82,82,82,82,87,87,87,87,87,87,92,92,92],"card_choices":[{"not_picked":["Stack","Auto Shields"],"picked":"Go for the Eyes","floor":1},{"not_picked":["Coolheaded","Stack"],"picked":"Ball Lightning","floor":3},{"not_picked":["Conserve Battery","Doom and Gloom"],"picked":"Self Repair","floor":5},{"not_picked":["Compile Driver","Heatsinks"],"picked":"Storm","floor":10},{"not_picked":["Go for the Eyes","Beam Cell"],"picked":"Tempest","floor":11},{"not_picked":["Aggregate","Genetic Algorithm"],"picked":"White Noise","floor":13},{"not_picked":["Ball Lightning","Reprogram"],"picked":"Defragment","floor":14},{"not_picked":["Cold Snap+1","Hello World"],"picked":"Chaos","floor":18},{"not_picked":["Beam Cell","Tempest"],"picked":"Capacitor","floor":19},{"not_picked":["Gash+1","All For One","FTL"],"picked":"SKIP","floor":22},{"not_picked":["Melter","Coolheaded"],"picked":"Barrage","floor":25}],"player_experience":64387,"relics_obtained":[{"floor":6,"key":"PreservedInsect"},{"floor":9,"key":"Shuriken"},{"floor":13,"key":"Meat on the Bone"},{"floor":25,"key":"Centennial Puzzle"},{"floor":26,"key":"Frozen Egg 2"}],"event_choices":[{"cards_removed":["Go for the Eyes"],"damage_healed":5,"gold_gain":0,"player_choice":"Offered Common","damage_taken":0,"max_hp_gain":0,"max_hp_loss":0,"event_name":"Bonfire Elementals","floor":2,"gold_loss":0},{"cards_removed":["Go for the Eyes"],"damage_healed":5,"gold_gain":0,"player_choice":"Offered Special","damage_taken":0,"max_hp_gain":0,"max_hp_loss":0,"event_name":"Bonfire Elementals","floor":2,"gold_loss":0},{"damage_healed":0,"gold_gain":0,"player_choice":"Leave","damage_taken":0,"max_hp_gain":0,"max_hp_loss":0,"event_name":"The Cleric","floor":4,"gold_loss":0},{"damage_healed":0,"gold_gain":75,"player_choice":"Gather Gold","damage_taken":11,"max_hp_gain":0,"max_hp_loss":0,"event_name":"World of Goop","floor":8,"gold_loss":0},{"damage_healed":0,"gold_gain":0,"player_choice":"Shed Blood","damage_taken":21,"max_hp_gain":5,"max_hp_loss":0,"event_name":"Forgotten Altar","floor":20,"gold_loss":0},{"damage_healed":0,"gold_gain":0,"player_choice":"Ignored","damage_taken":0,"max_hp_gain":0,"max_hp_loss":0,"event_name":"Vampires","floor":21,"gold_loss":0},{"damage_healed":0,"gold_gain":100,"player_choice":"Pray","damage_taken":0,"max_hp_gain":0,"max_hp_loss":0,"event_name":"Golden Shrine","floor":24,"gold_loss":0}],"is_beta":false,"boss_relics":[{"not_picked":["Snecko Eye","Coffee Dripper","Runic Dome"]}],"items_purged_floors":[],"is_endless":false,"potions_floor_spawned":[11,13,16,25],"killed_by":"Snake Plant","ascension_level":0}