{"gold_per_floor":[117,137,37,48,66,66,84,100,149,149,167,12,12,31,31,135,135,152,152,152,67,44,44,56,56,134,146,146,162,162,0,0,0],"floor_reached":33,"playtime":4376,"items_purged":["Defend_R"],"score":239,"play_id":"afaa35fd-47a1-416e-ad20-974b5eb26a97","local_time":"20180710203213","is_ascension_mode":false,"campfire_choices":[{"data":"Body Slam","floor":6,"key":"SMITH"},{"data":"True Grit","floor":10,"key":"SMITH"},{"data":"Bloodletting","floor":15,"key":"SMITH"},{"data":"Armaments","floor":23,"key":"SMITH"},{"data":"Clash","floor":25,"key":"SMITH"},{"floor":28,"key":"REST"},{"floor":30,"key":"REST"},{"data":"Panacea","floor":32,"key":"SMITH"}],"neow_cost":"NONE","seed_source_timestamp":859307567133758,"circlet_count":0,"master_deck":["Strike_R","Strike_R","Strike_R","Strike_R","Defend_R","Defend_R","Bash","True Grit+1","Clash+1","Body Slam+1","Perfected Strike","Clash","Clash","Flex","Armaments+1","Panacea+1","Cleave","Bloodletting+1","Offering","Intimidate","Dropkick","Flex","Entrench+1","Perfected Strike","Body Slam"],"relics":["Burning Blood","Juzu Bracelet","Lizard Tail","Lantern","Mummified Hand"],"potions_floor_usage":[8,16,16,24,27,33],"damage_taken":[{"damage":5,"enemies":"2 Louse","floor":1,"turns":3},{"damage":4,"enemies":"Cultist","floor":2,"turns":4},{"damage":2,"enemies":"Small Slimes","floor":4,"turns":3},{"damage":4,"enemies":"3 Louse","floor":5,"turns":4},{"damage":6,"enemies":"Large Slime","floor":7,"turns":6},{"damage":1,"enemies":"Gremlin Gang","floor":8,"turns":4},{"damage":9,"enemies":"Blue Slaver","floor":11,"turns":3},{"damage":17,"enemies":"Exordium Thugs","floor":14,"turns":3},{"damage":27,"enemies":"The Guardian","floor":16,"turns":5},{"damage":24,"enemies":"Shell Parasite","floor":18,"turns":5},{"damage":24,"enemies":"3 Byrds","floor":24,"turns":5},{"damage":24,"enemies":"Centurion and Healer","floor":27,"turns":5},{"damage":29,"enemies":"Snake Plant","floor":29,"turns":4},{"damage":119,"enemies":"Champ","floor":33,"turns":11}],"seed_played":"-9108966599733125858","potions_obtained":[{"floor":2,"key":"Explosive Potion"},{"floor":5,"key":"Block Potion"},{"floor":11,"key":"Strength Potion"},{"floor":13,"key":"Poison Potion"},{"floor":16,"key":"PowerPotion"},{"floor":29,"key":"Regen Potion"}],"is_trial":false,"path_per_floor":["M","M","$","M","M","R","M","M","T","R","M","$","?","M","R","B",null,"M","?","?","?","$","R","M","R","T","M","R","M","R","?","R"],"character_chosen":"IRONCLAD","items_purchased":["Body Slam","Panacea","Cleave","Flex"],"campfire_rested":2,"item_purchase_floors":[3,12,12,22],"current_hp_per_floor":[80,80,80,80,80,80,80,80,80,80,77,77,77,66,66,45,80,62,62,62,62,62,62,44,44,44,26,50,27,51,51,51,0],"gold":0,"neow_bonus":"REMOVE_CARD","is_prod":false,"is_daily":false,"chose_seed":false,"campfire_upgraded":6,"win_rate":0.0,"timestamp":1531269133,"path_taken":["M","M","$","M","M","R","M","M","T","R","M","$","?","M","R","BOSS","M","?","?","?","$","R","M","R","T","M","R","M","R","?","R","BOSS"],"build_version":"2018-07-05","purchased_purges":1,"victory":false,"max_hp_per_floor":[80,80,80,80,80,80,80,80,80,80,80,80,80,80,80,80,80,80,80,80,80,80,80,80,80,80,80,80,80,80,80,80,80],"card_choices":[{"not_picked":["Pummel","Second Wind"],"picked":"True Grit","floor":1},{"not_picked":["Carnage","Cleave"],"picked":"Clash","floor":2},{"not_picked":["Whirlwind","Feel No Pain"],"picked":"Perfected Strike","floor":4},{"not_picked":["Fiend Fire","Reckless Charge"],"picked":"Clash","floor":5},{"not_picked":["Rage","Flame Barrier"],"picked":"Clash","floor":7},{"not_picked":["Thunderclap","Whirlwind"],"picked":"Flex","floor":8},{"not_picked":["Spot Weakness","Disarm"],"picked":"Armaments","floor":11},{"not_picked":["Shockwave","Headbutt"],"picked":"Bloodletting","floor":14},{"not_picked":["Berserk","Exhume"],"picked":"Offering","floor":16},{"not_picked":["Thunderclap","Reckless Charge+1"],"picked":"Intimidate","floor":18},{"not_picked":["Iron Wave","Feel No Pain+1"],"picked":"Entrench+1","floor":24},{"not_picked":["Fire Breathing","Entrench+1"],"picked":"Perfected Strike","floor":27},{"not_picked":["Pummel","Headbutt"],"picked":"Body Slam","floor":29}],"player_experience":122000,"relics_obtained":[{"floor":9,"key":"Juzu Bracelet"},{"floor":26,"key":"Mummified Hand"}],"event_choices":[{"event_name":"The Lab","player_choice":"Got Potions","floor":13,"damage_taken":0},{"event_name":"N\u0027loth","player_choice":"Ignored","floor":19,"damage_taken":0},{"event_name":"Transmorgrifier","player_choice":"Transform","floor":20,"damage_taken":0},{"event_name":"Addict","player_choice":"Obtained Relic","floor":21,"damage_taken":0},{"event_name":"Masked Bandits","player_choice":"Paid Bandits 162 gold","floor":31,"damage_taken":0}],"boss_relics":[{"not_picked":["Fusion Hammer","Philosopher\u0027s Stone"],"picked":"Lizard Tail"}],"items_purged_floors":[3],"is_endless":false,"potions_floor_spawned":[2,5,11,16,29],"killed_by":"Champ","ascension_level":0}