{"gold_per_floor":[113,113,124,124,199,199,199,215,215,215,232,232,244,264,264,338,338,355,365,365,415,415],"floor_reached":22,"playtime":771,"items_purged":[],"score":343,"play_id":"f76761c4-8763-40dc-a76a-9ae8cf349abb","local_time":"20190217121740","is_ascension_mode":true,"campfire_choices":[{"data":"Neutralize","floor":6.0,"key":"SMITH"},{"floor":10.0,"key":"REST"},{"data":"Poisoned Stab","floor":12.0,"key":"SMITH"},{"data":"Noxious Fumes","floor":15.0,"key":"SMITH"}],"neow_cost":"NONE","seed_source_timestamp":315066919544452,"circlet_count":0,"master_deck":["AscendersBane","Defend_G","Defend_G","Defend_G","Defend_G","Defend_G","Strike_G","Strike_G+1","Strike_G","Strike_G","Strike_G","Survivor+1","Neutralize+1","Deadly Poison","Dagger Spray","Cloak And Dagger","Poisoned Stab+1","Doppelganger","Noxious Fumes+1","Malaise","Cloak And Dagger"],"special_seed":0,"relics":["Ring of the Snake","FossilizedHelix","Snake Skull","WristBlade"],"potions_floor_usage":[22,22],"damage_taken":[{"damage":1.0,"enemies":"Cultist","floor":1.0,"turns":4.0},{"damage":0.0,"enemies":"2 Louse","floor":3.0,"turns":3.0},{"damage":0.0,"enemies":"Small Slimes","floor":8.0,"turns":3.0},{"damage":0.0,"enemies":"Looter","floor":11.0,"turns":3.0},{"damage":2.0,"enemies":"3 Louse","floor":13.0,"turns":3.0},{"damage":10.0,"enemies":"Large Slime","floor":14.0,"turns":5.0},{"damage":22.0,"enemies":"Hexaghost","floor":16.0,"turns":8.0},{"damage":0.0,"enemies":"Chosen","floor":18.0,"turns":5.0},{"damage":24.0,"enemies":"2 Thieves","floor":19.0,"turns":5.0},{"damage":20,"enemies":"Snake Plant","floor":22,"turns":3}],"seed_played":"4182343067897505652","potions_obtained":[{"floor":14.0,"key":"SteroidPotion"},{"floor":16.0,"key":"Strength Potion"},{"floor":19.0,"key":"Explosive Potion"}],"is_trial":false,"path_per_floor":["M","?","M","?","?","R","T","M","T","R","M","R","M","M","R","B",null,"M","M","?","?","M"],"character_chosen":"THE_SILENT","items_purchased":[],"campfire_rested":1,"item_purchase_floors":[],"current_hp_per_floor":[64,42,42,47,36,36,36,36,36,59,59,59,57,47,47,25,64,64,40,18,18,0],"gold":415,"neow_bonus":"TEN_PERCENT_HP_BONUS","is_prod":false,"is_daily":false,"chose_seed":false,"campfire_upgraded":3,"win_rate":0,"timestamp":1550423860,"path_taken":["M","?","M","?","?","R","?","M","T","R","M","R","M","M","R","BOSS","M","M","?","?","?"],"build_version":"2019-02-06","purchased_purges":0,"victory":false,"max_hp_per_floor":[72,72,72,77,77,77,77,77,77,77,77,77,77,77,77,77,77,77,77,82,82,82],"card_choices":[{"not_picked":["Quick Slash","Poisoned Stab"],"picked":"Deadly Poison","floor":1.0},{"not_picked":["Deflect","Sucker Punch"],"picked":"Dagger Spray","floor":3.0},{"not_picked":["Sucker Punch","Endless Agony"],"picked":"Cloak And Dagger","floor":8.0},{"not_picked":["Predator","Sucker Punch"],"picked":"Poisoned Stab","floor":11.0},{"not_picked":["Cloak And Dagger","Outmaneuver"],"picked":"Doppelganger","floor":13.0},{"not_picked":["Dodge and Roll","Flying Knee"],"picked":"Noxious Fumes","floor":14.0},{"not_picked":["Grand Finale","Night Terror"],"picked":"Malaise","floor":16.0},{"not_picked":["Skewer","Blade Dance"],"picked":"Cloak And Dagger","floor":18.0},{"not_picked":["Dagger Spray+1","Dagger Throw","Reflex"],"picked":"SKIP","floor":19.0}],"player_experience":985829,"relics_obtained":[{"floor":7.0,"key":"FossilizedHelix"},{"floor":9.0,"key":"Snake Skull"}],"event_choices":[{"damage_healed":0.0,"max_hp_gain":0.0,"max_hp_loss":0.0,"gold_gain":0.0,"event_name":"Shining Light","player_choice":"Entered Light","floor":2.0,"gold_loss":0.0,"damage_taken":22.0,"cards_upgraded":["Strike_G","Survivor"]},{"damage_healed":0.0,"max_hp_gain":5.0,"max_hp_loss":0.0,"gold_gain":0.0,"event_name":"Big Fish","player_choice":"Donut","floor":4.0,"gold_loss":0.0,"damage_taken":0.0},{"damage_healed":0.0,"max_hp_gain":0.0,"max_hp_loss":0.0,"gold_gain":75.0,"event_name":"World of Goop","player_choice":"Gather Gold","floor":5.0,"gold_loss":0.0,"damage_taken":11.0},{"damage_healed":0.0,"max_hp_gain":5.0,"max_hp_loss":0.0,"gold_gain":0.0,"event_name":"Forgotten Altar","player_choice":"Shed Blood","floor":20.0,"gold_loss":0.0,"damage_taken":27.0},{"damage_healed":0.0,"max_hp_gain":0.0,"max_hp_loss":0.0,"gold_gain":50.0,"event_name":"Golden Shrine","player_choice":"Pray","floor":21.0,"gold_loss":0.0,"damage_taken":0.0}],"is_beta":true,"boss_relics":[{"not_picked":["Sozu","Fusion Hammer"],"picked":"WristBlade"}],"items_purged_floors":[],"is_endless":false,"potions_floor_spawned":[14,16,19],"killed_by":"Snake Plant","ascension_level":19}