{"gold_per_floor":[111,129,147,161,177,177,196,196,196,196,268,286,286,352,352,352],"floor_reached":16,"playtime":828,"items_purged":[],"score":178,"play_id":"244d149c-0c93-4ff5-87ad-aaed86d35841","local_time":"20190213154139","is_ascension_mode":true,"campfire_choices":[{"data":"Clothesline","floor":6,"key":"SMITH"},{"data":"Flame Barrier","floor":8,"key":"SMITH"},{"data":"Whirlwind","floor":10,"key":"SMITH"},{"data":"Armaments","floor":15,"key":"SMITH"}],"neow_cost":"NONE","seed_source_timestamp":1302778115583985,"circlet_count":0,"master_deck":["AscendersBane","Strike_R","Strike_R","Strike_R","Strike_R","Strike_R","Defend_R","Defend_R","Defend_R","Defend_R","Bash","Clothesline+1","Shrug It Off","Evolve","Whirlwind+1","Headbutt","Flame Barrier+1","Burning Pact","Armaments+1"],"relics":["Burning Blood","Vajra","Blood Vial","SsserpentHead"],"potions_floor_usage":[16],"damage_taken":[{"damage":6,"enemies":"Cultist","floor":1,"turns":4},{"damage":0,"enemies":"2 Louse","floor":2,"turns":4},{"damage":1,"enemies":"Small Slimes","floor":3,"turns":5},{"damage":24,"enemies":"Exordium Thugs","floor":4,"turns":10},{"damage":0,"enemies":"Lots of Slimes","floor":5,"turns":1},{"damage":10,"enemies":"Exordium Wildlife","floor":7,"turns":4},{"damage":0,"enemies":"2 Fungi Beasts","floor":12,"turns":2},{"damage":11,"enemies":"Gremlin Gang","floor":14,"turns":5},{"damage":64,"enemies":"Hexaghost","floor":16,"turns":13}],"seed_played":"-9058823426702564917","potions_obtained":[{"floor":5,"key":"Swift Potion"},{"floor":14,"key":"AttackPotion"}],"is_trial":false,"path_per_floor":["M","M","M","M","M","R","M","R","T","R","?","M","?","M","R","B"],"character_chosen":"IRONCLAD","items_purchased":[],"campfire_rested":0,"item_purchase_floors":[],"current_hp_per_floor":[68,74,75,57,63,63,59,59,59,59,59,67,67,64,64,2],"gold":352,"neow_bonus":"RANDOM_COMMON_RELIC","is_prod":false,"is_daily":false,"chose_seed":false,"campfire_upgraded":4,"win_rate":0,"timestamp":1550090499,"path_taken":["M","M","?","M","M","R","M","R","T","R","?","M","?","?","R","BOSS"],"build_version":"2019-02-06","purchased_purges":0,"victory":false,"max_hp_per_floor":[75,75,75,75,75,75,75,75,75,75,75,75,75,75,75,75],"card_choices":[{"not_picked":["Wild Strike","Body Slam"],"picked":"Clothesline","floor":1},{"not_picked":["Flex","Wild Strike"],"picked":"Shrug It Off","floor":2},{"not_picked":["Power Through","Second Wind"],"picked":"Evolve","floor":3},{"not_picked":["Twin Strike","Flex"],"picked":"Whirlwind","floor":4},{"not_picked":["Twin Strike","Bloodletting"],"picked":"Headbutt","floor":5},{"not_picked":["Dark Embrace","Dual Wield"],"picked":"Flame Barrier","floor":7},{"not_picked":["Ghostly Armor","Sword Boomerang"],"picked":"Burning Pact","floor":12},{"not_picked":["Spot Weakness","Evolve"],"picked":"Armaments","floor":14}],"player_experience":952450,"relics_obtained":[{"floor":9,"key":"Blood Vial"}],"event_choices":[{"damage_healed":0,"gold_gain":72,"player_choice":"Gained Gold","damage_taken":0,"max_hp_gain":0,"max_hp_loss":0,"event_name":"Golden Wing","floor":11,"gold_loss":0},{"damage_healed":0,"gold_gain":0,"player_choice":"Trade","damage_taken":0,"relics_obtained":["SsserpentHead"],"max_hp_gain":0,"max_hp_loss":0,"event_name":"FaceTrader","floor":13,"gold_loss":0}],"is_beta":true,"boss_relics":[],"items_purged_floors":[],"is_endless":false,"potions_floor_spawned":[5,14],"killed_by":"Hexaghost","ascension_level":17}