{"gold_per_floor":[115,115,115,139,163,163,198,212,292,308,308],"floor_reached":11,"playtime":738,"items_purged":[],"score":90,"play_id":"a4924eea-2684-434a-a7d8-ad02e3a1df67","local_time":"20190725193414","is_ascension_mode":true,"campfire_choices":[{"floor":6,"key":"RECALL"}],"neow_cost":"NONE","seed_source_timestamp":91141669351400,"circlet_count":0,"master_deck":["Strike_R","Strike_R","Strike_R","Strike_R","Strike_R","Defend_R","Defend_R","Defend_R","Defend_R","Bash","Iron Wave+1","Injury","Anger","Flame Barrier","Ghostly Armor","Shrug It Off","Armaments"],"relics":["Burning Blood","Golden Idol","Magic Flower","Shuriken"],"potions_floor_usage":[11],"damage_taken":[{"damage":3,"enemies":"2 Louse","floor":1,"turns":3},{"damage":4,"enemies":"Jaw Worm","floor":4,"turns":5},{"damage":5,"enemies":"Small Slimes","floor":5,"turns":4},{"damage":42,"enemies":"Lagavulin","floor":7,"turns":8},{"damage":4,"enemies":"3 Louse","floor":8,"turns":3},{"damage":10,"enemies":"Large Slime","floor":10,"turns":9},{"damage":51,"enemies":"Gremlin Nob","floor":11,"turns":5}],"seed_played":"7498077879932500726","potions_obtained":[{"floor":0,"key":"Strength Potion"},{"floor":0,"key":"BloodPotion"},{"floor":0,"key":"AttackPotion"},{"floor":10,"key":"Energy Potion"}],"is_trial":false,"path_per_floor":["M","?","?","M","M","R","E","M","T","M","E"],"character_chosen":"IRONCLAD","items_purchased":[],"campfire_rested":0,"item_purchase_floors":[],"current_hp_per_floor":[80,80,80,80,80,80,44,49,49,48,0],"gold":308,"neow_bonus":"THREE_SMALL_POTIONS","is_prod":false,"is_daily":false,"chose_seed":false,"campfire_upgraded":0,"win_rate":0,"timestamp":1564097654,"path_taken":["M","?","?","M","M","R","E","M","T","M","E"],"build_version":"2019-07-17","purchased_purges":0,"victory":false,"max_hp_per_floor":[80,80,80,80,80,80,80,80,80,80,80],"card_choices":[{"not_picked":["Warcry","Thunderclap"],"picked":"Iron Wave","floor":1},{"not_picked":["Sword Boomerang","Entrench"],"picked":"Anger","floor":4},{"not_picked":["Sentinel","Clash"],"picked":"Flame Barrier","floor":5},{"not_picked":["Sword Boomerang","Pummel"],"picked":"Ghostly Armor","floor":7},{"not_picked":["Havoc","Battle Trance"],"picked":"Shrug It Off","floor":8},{"not_picked":["Dark Embrace","Dropkick"],"picked":"Armaments","floor":10}],"player_experience":565412,"relics_obtained":[{"floor":7,"key":"Magic Flower"},{"floor":9,"key":"Shuriken"}],"event_choices":[{"damage_healed":0,"gold_gain":0,"player_choice":"Grow","damage_taken":0,"max_hp_gain":0,"max_hp_loss":0,"event_name":"Living Wall","floor":2,"gold_loss":0,"cards_upgraded":["Iron Wave"]},{"damage_healed":0,"gold_gain":0,"player_choice":"Take Wound","damage_taken":0,"relics_obtained":["Golden Idol"],"max_hp_gain":0,"max_hp_loss":0,"event_name":"Golden Idol","floor":3,"gold_loss":0,"cards_obtained":["Injury"]}],"is_beta":false,"boss_relics":[],"items_purged_floors":[],"is_endless":false,"potions_floor_spawned":[4,10],"killed_by":"Gremlin Nob","ascension_level":4}