{"gold_per_floor":[111,121,121,141,152,167,228,240,264,290,302,322,322,397,397,500,500,518,518],"floor_reached":19,"playtime":1527,"items_purged":[],"score":183,"play_id":"063ce4ad-3bb5-4f22-a1cb-5b24ef165fb2","local_time":"20190704150409","is_ascension_mode":false,"campfire_choices":[{"floor":13,"key":"REST"},{"floor":15,"key":"REST"}],"neow_cost":"NONE","seed_source_timestamp":1082525416644686,"circlet_count":0,"master_deck":["Strike_B","Strike_B","Strike_B","Strike_B","Defend_B","Defend_B","Defend_B","Defend_B","Zap","Dualcast","Leap","BootSequence","Chaos","Hologram","Static Discharge","Capacitor","Streamline","Redo","Self Repair","Conserve Battery","Reboot","Ball Lightning","Recycle","Leap","Storm","Consume","Defragment"],"relics":["Cracked Core","NeowsBlessing","Tiny Chest","Centennial Puzzle","Omamori","Orrery"],"potions_floor_usage":[7,10,10,16,16],"damage_taken":[{"damage":0,"enemies":"2 Louse","floor":1,"turns":1},{"damage":0,"enemies":"Cultist","floor":2,"turns":1},{"damage":0,"enemies":"Small Slimes","floor":4,"turns":1},{"damage":0,"enemies":"Looter","floor":5,"turns":4},{"damage":15,"enemies":"Gremlin Gang","floor":6,"turns":4},{"damage":27,"enemies":"3 Sentries","floor":7,"turns":6},{"damage":13,"enemies":"2 Fungi Beasts","floor":8,"turns":5},{"damage":16,"enemies":"Gremlin Nob","floor":10,"turns":4},{"damage":0,"enemies":"Looter","floor":11,"turns":3},{"damage":1,"enemies":"Exordium Wildlife","floor":12,"turns":4},{"damage":34,"enemies":"Hexaghost","floor":16,"turns":9},{"damage":18,"enemies":"Spheric Guardian","floor":18,"turns":4},{"damage":64,"enemies":"Masked Bandits","floor":19,"turns":3}],"seed_played":"-4128674503187074822","potions_obtained":[{"floor":2,"key":"Energy Potion"},{"floor":3,"key":"Ancient Potion"},{"floor":3,"key":"Fire Potion"},{"floor":7,"key":"Dexterity Potion"},{"floor":11,"key":"Poison Potion"},{"floor":12,"key":"Dexterity Potion"}],"is_trial":false,"path_per_floor":["M","M","?","M","M","M","E","M","T","E","M","M","R","?","R","B",null,"M","?"],"character_chosen":"DEFECT","items_purchased":[],"campfire_rested":2,"item_purchase_floors":[],"current_hp_per_floor":[75,75,75,75,75,60,33,20,20,4,4,10,32,21,43,16,75,64,0],"gold":518,"neow_bonus":"THREE_ENEMY_KILL","is_prod":false,"is_daily":false,"chose_seed":false,"campfire_upgraded":0,"win_rate":0,"timestamp":1562270649,"path_taken":["M","M","?","?","M","M","E","M","T","E","M","M","R","?","R","BOSS","M","?"],"build_version":"2019-07-01","purchased_purges":0,"victory":false,"max_hp_per_floor":[75,75,75,75,75,75,75,75,75,75,75,75,75,75,75,75,75,75,75],"card_choices":[{"not_picked":["Barrage","Fusion"],"picked":"Leap","floor":1},{"not_picked":["Stack","Scrape"],"picked":"BootSequence","floor":2},{"not_picked":["Hologram","Force Field"],"picked":"Chaos","floor":4},{"not_picked":["Cold Snap","Turbo"],"picked":"Hologram","floor":5},{"not_picked":["Rebound","Genetic Algorithm"],"picked":"Static Discharge","floor":6},{"not_picked":["Compile Driver","Leap"],"picked":"Capacitor","floor":7},{"not_picked":["Hello World","Hologram"],"picked":"Streamline","floor":8},{"not_picked":["Coolheaded","Melter"],"picked":"Redo","floor":10},{"not_picked":["Amplify","Gash"],"picked":"Self Repair","floor":11},{"not_picked":["Stack","Cold Snap"],"picked":"Conserve Battery","floor":12},{"not_picked":["Meteor Strike","Biased Cognition"],"picked":"Reboot","floor":16},{"not_picked":["Stack","Cold Snap"],"picked":"Ball Lightning","floor":17},{"not_picked":["Redo","Force Field"],"picked":"Recycle","floor":17},{"not_picked":["Cold Snap","Force Field"],"picked":"Leap","floor":17},{"not_picked":["Gash","Ball Lightning"],"picked":"Storm","floor":17},{"not_picked":["White Noise","Steam"],"picked":"Consume","floor":17},{"not_picked":["Chill+1","Rebound"],"picked":"Defragment","floor":18}],"player_experience":110842,"relics_obtained":[{"floor":7,"key":"Tiny Chest"},{"floor":9,"key":"Centennial Puzzle"},{"floor":10,"key":"Omamori"}],"event_choices":[{"damage_healed":0,"gold_gain":0,"player_choice":"Got Potions","damage_taken":0,"max_hp_gain":0,"max_hp_loss":0,"event_name":"Lab","floor":3,"gold_loss":0},{"damage_healed":0,"gold_gain":75,"player_choice":"Gather Gold","damage_taken":11,"max_hp_gain":0,"max_hp_loss":0,"event_name":"World of Goop","floor":14,"gold_loss":0},{"damage_healed":0,"gold_gain":0,"player_choice":"Fought Bandits","damage_taken":0,"max_hp_gain":0,"max_hp_loss":0,"event_name":"Masked Bandits","floor":19,"gold_loss":0}],"is_beta":false,"boss_relics":[{"not_picked":["Velvet Choker","Snecko Eye"],"picked":"Orrery"}],"items_purged_floors":[],"is_endless":false,"potions_floor_spawned":[2,4,7,11,12],"killed_by":"Masked Bandits","ascension_level":0}