{"gold_per_floor":[16,16,16,16,36,77,77,4,28,49,49,49,83,104,104,228,291,316,331,346,365,384,384],"floor_reached":23,"playtime":1452,"items_purged":[],"score":203,"play_id":"a443e10b-1cb6-49c0-9a64-fac81683530c","local_time":"20190725205429","is_ascension_mode":false,"campfire_choices":[{"data":"Reaper","floor":7,"key":"SMITH"},{"data":"Infernal Blade","floor":11,"key":"SMITH"},{"data":"Seeing Red","floor":15,"key":"SMITH"}],"neow_cost":"NO_GOLD","seed_source_timestamp":3103263996948400,"circlet_count":0,"master_deck":["Strike_R","Strike_R","Strike_R","Strike_R","Strike_R","Defend_R","Defend_R","Defend_R+1","Defend_R","Bash","Shrug It Off+1","Seeing Red","Reaper+1","Infernal Blade+1","Seeing Red+1","Spot Weakness","Carnage","Barricade","Heavy Blade","Dual Wield","Body Slam","Flame Barrier","Carnage","Feel No Pain"],"relics":["Burning Blood","StoneCalendar","Golden Idol","Pocketwatch","Strawberry","Orichalcum","Lantern","Tiny House"],"potions_floor_usage":[16,16,19,19,19,23],"damage_taken":[{"damage":0,"enemies":"Small Slimes","floor":1,"turns":4},{"damage":1,"enemies":"Jaw Worm","floor":5,"turns":5},{"damage":24,"enemies":"3 Sentries","floor":6,"turns":7},{"damage":0,"enemies":"Cultist","floor":10,"turns":3},{"damage":49,"enemies":"Gremlin Nob","floor":13,"turns":5},{"damage":7,"enemies":"Lots of Slimes","floor":14,"turns":4},{"damage":12,"enemies":"Hexaghost","floor":16,"turns":9},{"damage":31,"enemies":"2 Thieves","floor":18,"turns":5},{"damage":24,"enemies":"3 Byrds","floor":19,"turns":4},{"damage":20,"enemies":"Snecko","floor":20,"turns":5},{"damage":31,"enemies":"Sentry and Sphere","floor":21,"turns":7},{"damage":39,"enemies":"Shelled Parasite and Fungi","floor":22,"turns":7},{"damage":36,"enemies":"Gremlin Leader","floor":23,"turns":6}],"seed_played":"3002611415565073907","potions_obtained":[{"floor":13,"key":"Block Potion"},{"floor":14,"key":"SteroidPotion"},{"floor":16,"key":"LiquidBronze"},{"floor":17,"key":"SkillPotion"},{"floor":18,"key":"Regen Potion"},{"floor":22,"key":"SpeedPotion"}],"is_trial":false,"path_per_floor":["M","?","?","T","M","E","R","$","T","M","R","$","E","M","R","B",null,"M","M","M","M","M","E"],"character_chosen":"IRONCLAD","items_purchased":["Infernal Blade"],"campfire_rested":0,"item_purchase_floors":[8],"current_hp_per_floor":[80,80,60,60,65,54,54,54,54,65,65,65,29,50,50,56,92,79,83,74,49,17,0],"gold":384,"neow_bonus":"ONE_RARE_RELIC","is_prod":false,"is_daily":false,"chose_seed":false,"campfire_upgraded":3,"win_rate":0.0,"timestamp":1564113269,"path_taken":["M","?","?","?","?","E","R","$","T","M","R","?","E","M","R","BOSS","M","M","M","M","M","E"],"build_version":"2019-07-17","purchased_purges":0,"victory":false,"max_hp_per_floor":[80,80,80,80,80,87,87,87,87,87,87,87,87,87,87,87,92,92,92,92,92,92,92],"card_choices":[{"not_picked":["Anger","Sword Boomerang"],"picked":"Shrug It Off","floor":1},{"not_picked":["Anger","Shrug It Off"],"picked":"Seeing Red","floor":5},{"not_picked":["Inflame","Anger"],"picked":"Reaper","floor":6},{"not_picked":["Bloodletting","Pummel"],"picked":"Seeing Red","floor":10},{"not_picked":["Shrug It Off","Rampage"],"picked":"Spot Weakness","floor":13},{"not_picked":["Anger","Iron Wave"],"picked":"Carnage","floor":14},{"not_picked":["Dark Embrace","Berserk"],"picked":"Barricade","floor":16},{"not_picked":["Dropkick","Thunderclap"],"picked":"Heavy Blade","floor":17},{"not_picked":["Flex","Hemokinesis+1"],"picked":"Dual Wield","floor":18},{"not_picked":["Carnage","Twin Strike"],"picked":"Body Slam","floor":19},{"not_picked":["Cleave","Warcry"],"picked":"Flame Barrier","floor":20},{"not_picked":["Flex","Thunderclap+1"],"picked":"Carnage","floor":21},{"not_picked":["Clothesline","Intimidate+1"],"picked":"Feel No Pain","floor":22}],"player_experience":82607,"relics_obtained":[{"floor":4,"key":"Pocketwatch"},{"floor":6,"key":"Strawberry"},{"floor":9,"key":"Orichalcum"},{"floor":13,"key":"Lantern"}],"event_choices":[{"damage_healed":0,"gold_gain":0,"player_choice":"Grow","damage_taken":0,"max_hp_gain":0,"max_hp_loss":0,"event_name":"Living Wall","floor":2,"gold_loss":0,"cards_upgraded":["Shrug It Off"]},{"damage_healed":0,"gold_gain":0,"player_choice":"Take Damage","damage_taken":20,"relics_obtained":["Golden Idol"],"max_hp_gain":0,"max_hp_loss":0,"event_name":"Golden Idol","floor":3,"gold_loss":0}],"is_beta":false,"boss_relics":[{"not_picked":["Philosopher\u0027s Stone","Busted Crown"],"picked":"Tiny House"}],"items_purged_floors":[],"is_endless":false,"potions_floor_spawned":[13,14,16,18,22],"killed_by":"Gremlin Leader","ascension_level":0}