{"path_per_floor":["M","$","?","M","M","R","$","?","T","R","M","?","M","M","R","B",null,"M","$","?","M","M"],"character_chosen":"IRONCLAD","items_purchased":["Armaments","Mercury Hourglass","Fire Breathing","Bag of Preparation"],"gold_per_floor":[110,85,260,271,283,283,2,2,56,56,66,46,65,75,75,178,178,198,43,43,54,74],"floor_reached":23,"campfire_rested":0,"playtime":1421,"current_hp_per_floor":[78,78,78,80,67,67,67,67,67,67,58,58,63,62,62,51,84,58,58,58,28,31],"items_purged":[],"gold":74,"score":192,"play_id":"cfc29de9-cc48-4f3c-9668-1a75e6c72f76","is_prod":false,"is_daily":false,"is_ascension_mode":true,"campfire_upgraded":3,"path_taken":["M","$","?","M","M","R","$","?","T","R","?","?","M","M","R","BOSS","M","$","?","?","M","E"],"build_version":"2018-02-12-PROD1","purchased_purges":0,"victory":false,"master_deck":["Strike_R","Strike_R","Strike_R","Strike_R","Strike_R","Defend_R","Defend_R","Defend_R","Defend_R","Bash","Parasite","Seeing Red","Armaments+1","Doubt","Flame Barrier+1","Cleave+1","Fire Breathing","Spot Weakness+1","Feed","Fire Breathing","Battle Trance+1"],"max_hp_per_floor":[80,80,80,80,80,80,80,80,80,80,82,82,82,84,84,84,84,86,86,86,86,88],"relics":["Burning Blood","Sundial","Mercury Hourglass","Singing Bowl","Black Star","Bag of Preparation"],"card_choices":[{"not_picked":["Anger","Flex"],"picked":"Seeing Red"},{"not_picked":["Pommel Strike","Reaper"],"picked":"Flame Barrier"},{"not_picked":["Clash","Reckless Charge"],"picked":"Cleave"},{"not_picked":["Carnage","Thunderclap"],"picked":"Spot Weakness"},{"not_picked":["Bludgeon","Brutality"],"picked":"Feed"},{"not_picked":["True Grit","Perfected Strike"],"picked":"Battle Trance"}],"player_experience":139662,"potions_floor_usage":[16,16,16,23],"damage_taken":[{"damage":8,"enemies":"Cultist","floor":1,"turns":5},{"damage":1,"enemies":"Jaw Worm","floor":4,"turns":6},{"damage":19,"enemies":"Blue Slaver","floor":5,"turns":6},{"damage":17,"enemies":"Large Slime","floor":11,"turns":7},{"damage":1,"enemies":"Gremlin Gang","floor":13,"turns":3},{"damage":9,"enemies":"Exordium Thugs","floor":14,"turns":4},{"damage":32,"enemies":"The Guardian","floor":16,"turns":10},{"damage":34,"enemies":"Chosen","floor":18,"turns":7},{"damage":36,"enemies":"Spheric Guardian","floor":21,"turns":6},{"damage":5,"enemies":"Snake Plant","floor":22,"turns":4},{"damage":38,"enemies":"Gremlin Leader","floor":23,"turns":7}],"event_choices":[{"event_name":"Liars Game","player_choice":"agreed","floor":3,"damage_taken":0},{"event_name":"Upgrade Shrine","player_choice":"Upgraded","floor":8,"damage_taken":0},{"event_name":"The Woman in Blue","player_choice":"Bought 1 Potion","floor":12,"damage_taken":0},{"event_name":"The Library","player_choice":"Read","floor":20,"damage_taken":0}],"boss_relics":[{"not_picked":["Philosopher\u0027s Stone","Snecko Eye"],"picked":"Black Star"}],"potions_floor_spawned":[4,11,13,22],"seed_played":"-3249117317086382094","killed_by":"Gremlin Leader","ascension_level":1,"is_trial":false}