{"gold_per_floor":[116,116,134,148,161,161,181,181,205,216,216,216,235,260,260,260],"floor_reached":16,"playtime":1526,"items_purged":[],"score":166,"play_id":"604e0d35-cfdd-4ae4-823a-c454ebef293c","local_time":"20190110231617","is_ascension_mode":true,"campfire_choices":[{"data":"Prepared","floor":6.0,"key":"SMITH"},{"data":"Acrobatics","floor":8.0,"key":"SMITH"},{"data":"Noxious Fumes","floor":12.0,"key":"SMITH"},{"data":"Neutralize","floor":15.0,"key":"SMITH"}],"neow_cost":"TEN_PERCENT_HP_LOSS","seed_source_timestamp":13189006143239,"circlet_count":0,"master_deck":["AscendersBane","Defend_G","Defend_G","Defend_G","Defend_G","Defend_G","Strike_G","Strike_G","Strike_G","Strike_G","Strike_G","Survivor+1","Neutralize+1","Acrobatics+1","Prepared+1","Choke","Deflect","Flying Knee","Noxious Fumes+1","After Image"],"special_seed":0,"relics":["Ring of the Snake","Tough Bandages","Ancient Tea Set","Oddly Smooth Stone"],"potions_floor_usage":[16],"damage_taken":[{"damage":0.0,"enemies":"Small Slimes","floor":1.0,"turns":4.0},{"damage":0.0,"enemies":"Cultist","floor":3.0,"turns":5.0},{"damage":0.0,"enemies":"2 Louse","floor":4.0,"turns":3.0},{"damage":10.0,"enemies":"Lots of Slimes","floor":5.0,"turns":9.0},{"damage":12.0,"enemies":"Exordium Thugs","floor":7.0,"turns":6.0},{"damage":1.0,"enemies":"Looter","floor":10.0,"turns":3.0},{"damage":0.0,"enemies":"3 Louse","floor":13.0,"turns":3.0},{"damage":18.0,"enemies":"Lagavulin","floor":14.0,"turns":9.0},{"damage":27,"enemies":"Slime Boss","floor":16,"turns":6}],"seed_played":"-3073402516155524086","potions_obtained":[{"floor":4.0,"key":"PowerPotion"},{"floor":5.0,"key":"FearPotion"},{"floor":10.0,"key":"Fruit Juice"}],"is_trial":false,"path_per_floor":["M","?","M","M","M","R","M","R","T","M","?","R","M","E","R","B"],"character_chosen":"THE_SILENT","items_purchased":[],"campfire_rested":0,"item_purchase_floors":[],"current_hp_per_floor":[63,63,63,63,53,53,41,41,41,45,39,39,39,21,21,0],"gold":260,"neow_bonus":"ONE_RARE_RELIC","is_prod":false,"is_daily":false,"chose_seed":false,"campfire_upgraded":4,"win_rate":0,"timestamp":1547180177,"path_taken":["M","?","M","M","M","R","M","R","T","?","?","R","?","E","R","BOSS"],"build_version":"2019-01-09","purchased_purges":0,"victory":false,"max_hp_per_floor":[63,63,63,63,63,63,63,63,63,68,68,68,68,68,68,68],"card_choices":[{"not_picked":["Outmaneuver","Concentrate"],"picked":"Acrobatics","floor":1.0},{"not_picked":["Poisoned Stab","Outmaneuver"],"picked":"Prepared","floor":3.0},{"not_picked":["Outmaneuver","Bane"],"picked":"Choke","floor":4.0},{"not_picked":["Sucker Punch","Poisoned Stab"],"picked":"Deflect","floor":5.0},{"not_picked":["Outmaneuver","Sucker Punch"],"picked":"Flying Knee","floor":7.0},{"not_picked":["Dodge and Roll","Backflip"],"picked":"Noxious Fumes","floor":10.0},{"not_picked":["Bane","Heel Hook","Dagger Spray"],"picked":"SKIP","floor":13.0},{"not_picked":["Caltrops","Eviscerate"],"picked":"After Image","floor":14.0}],"player_experience":779504,"relics_obtained":[{"floor":9.0,"key":"Ancient Tea Set"},{"floor":14.0,"key":"Oddly Smooth Stone"}],"event_choices":[{"damage_healed":0.0,"max_hp_gain":0.0,"max_hp_loss":0.0,"gold_gain":0.0,"event_name":"Upgrade Shrine","player_choice":"Upgraded","floor":2.0,"gold_loss":0.0,"damage_taken":0.0,"cards_upgraded":["Survivor"]},{"damage_healed":0.0,"max_hp_gain":0.0,"max_hp_loss":0.0,"gold_gain":0.0,"event_name":"Wheel of Change","player_choice":"Damaged","floor":11.0,"gold_loss":0.0,"damage_taken":6.0}],"is_beta":true,"boss_relics":[],"items_purged_floors":[],"is_endless":false,"potions_floor_spawned":[4,5,10],"killed_by":"Slime Boss","ascension_level":12}