{"gold_per_floor":[111,126,144,155,173,173,190,200,223,243,243,263,275,275],"floor_reached":14,"playtime":677,"items_purged":[],"score":126,"play_id":"e997a815-d603-4953-9650-c6a154eb0f0c","local_time":"20181111112204","is_ascension_mode":true,"campfire_choices":[{"floor":6,"key":"REST"}],"neow_cost":"NONE","seed_source_timestamp":11709338661035,"circlet_count":0,"master_deck":["Strike_B","Strike_B","Strike_B","Strike_B","Defend_B","Defend_B","Defend_B","Defend_B","Zap","Dualcast","Static Discharge","Ball Lightning","Stack","Loop","Conserve Battery","Seek","Compile Driver","Chaos","Coolheaded","Stack","Compile Driver"],"relics":["Cracked Core","Bag of Marbles","Happy Flower"],"potions_floor_usage":[],"damage_taken":[{"damage":6,"enemies":"Cultist","floor":1,"turns":3},{"damage":3,"enemies":"2 Louse","floor":2,"turns":2},{"damage":7,"enemies":"Jaw Worm","floor":3,"turns":3},{"damage":8,"enemies":"Large Slime","floor":4,"turns":5},{"damage":17,"enemies":"Exordium Wildlife","floor":5,"turns":4},{"damage":3,"enemies":"2 Fungi Beasts","floor":7,"turns":3},{"damage":0,"enemies":"Large Slime","floor":8,"turns":4},{"damage":15,"enemies":"Lots of Slimes","floor":10,"turns":3},{"damage":2,"enemies":"3 Louse","floor":12,"turns":3},{"damage":12,"enemies":"Red Slaver","floor":13,"turns":4},{"damage":19,"enemies":"Exordium Thugs","floor":14,"turns":1}],"seed_played":"-7319361967608639254","potions_obtained":[{"floor":1,"key":"SpeedPotion"},{"floor":3,"key":"Strength Potion"},{"floor":10,"key":"Explosive Potion"}],"is_trial":false,"path_per_floor":["M","M","M","M","M","R","M","M","T","M","?","M","M","M"],"character_chosen":"DEFECT","items_purchased":[],"campfire_rested":1,"item_purchase_floors":[],"current_hp_per_floor":[62,59,52,44,27,49,46,46,46,31,31,29,17,0],"gold":275,"neow_bonus":"RANDOM_COMMON_RELIC","is_prod":false,"is_daily":false,"chose_seed":false,"campfire_upgraded":0,"win_rate":0,"timestamp":1541953324,"path_taken":["M","M","M","M","M","R","M","M","T","M","?","M","?","M"],"build_version":"2018-11-08","purchased_purges":0,"victory":false,"max_hp_per_floor":[75,75,75,75,75,75,75,75,75,75,75,75,75,75],"card_choices":[{"not_picked":["Auto Shields","Steam"],"picked":"Static Discharge","floor":1},{"not_picked":["Cold Snap","Beam Cell"],"picked":"Ball Lightning","floor":2},{"not_picked":["Genetic Algorithm","Go for the Eyes"],"picked":"Stack","floor":3},{"not_picked":["Steam","Rebound"],"picked":"Loop","floor":4},{"not_picked":["Streamline","Hologram"],"picked":"Conserve Battery","floor":5},{"not_picked":["Gash","Barrage"],"picked":"Seek","floor":7},{"not_picked":["Hologram","Steam"],"picked":"Compile Driver","floor":8},{"not_picked":["Auto Shields","Cold Snap"],"picked":"Chaos","floor":10},{"not_picked":["Cold Snap","Steam"],"picked":"Stack","floor":12},{"not_picked":["Turbo","Rebound"],"picked":"Compile Driver","floor":13}],"player_experience":365522,"relics_obtained":[{"floor":9,"key":"Happy Flower"}],"event_choices":[{"damage_healed":0,"gold_gain":0,"player_choice":"1 cards matched","damage_taken":0,"max_hp_gain":0,"max_hp_loss":0,"event_name":"Match and Keep!","floor":11,"gold_loss":0,"cards_obtained":["Coolheaded"]}],"is_beta":true,"boss_relics":[],"items_purged_floors":[],"is_endless":false,"potions_floor_spawned":[1,3,10,12,13],"killed_by":"Exordium Thugs","ascension_level":8}