{"gold_per_floor":[116,116,136,148,163,195,195,228,253,253,253,269,3,3,3,102,102,119,69,69,84,102,135,135,135,135,135,135,154,168,179,179,283,283,302,317,121,138,156,182,182,582,636,636,681,681,641,661,661,661,661,661,39,71,71],"floor_reached":55,"playtime":4115,"items_purged":[],"score":752,"play_id":"e73a0954-0ca7-429a-9964-dc1c8e9d614a","local_time":"20190210101737","is_ascension_mode":false,"campfire_choices":[{"floor":7.0,"key":"RECALL"},{"floor":10.0,"key":"REST"},{"data":"Bludgeon","floor":15.0,"key":"SMITH"},{"floor":25.0,"key":"REST"},{"floor":28.0,"key":"REST"},{"floor":32.0,"key":"REST"},{"floor":41,"key":"REST"},{"floor":44,"key":"REST"},{"floor":49,"key":"REST"},{"floor":52,"key":"REST"}],"neow_cost":"NONE","seed_source_timestamp":0,"circlet_count":0,"master_deck":["Defend_R","Defend_R","Defend_R","Defend_R","Bash","Iron Wave","Clothesline","Demon Form+1","Iron Wave","Feel No Pain","Heavy Blade","Anger","Bludgeon+1","Double Tap","Cleave","Anger+1","Twin Strike+1","Rage+1","Bite","Bite","Bite","Bite","Bite","Sentinel","Battle Trance","Barricade","Juggernaut","Iron Wave+1","Carnage+1","Shrug It Off+1","Infernal Blade+1","Dropkick+1","Armaments+1","Anger","Heavy Blade+1"],"special_seed":0,"relics":["Snecko Eye","Bag of Marbles","Omamori","HandDrill","Fusion Hammer","Vajra","Bronze Scales","Black Star","Lee\u0027s Waffle","Happy Flower","PreservedInsect","Old Coin","Oddly Smooth Stone","Ginger","Bottled Lightning","Unceasing Top","Magic Flower","Orichalcum"],"potions_floor_usage":[40,50,50,54,55],"damage_taken":[{"damage":1.0,"enemies":"2 Louse","floor":1.0,"turns":2.0},{"damage":1.0,"enemies":"Jaw Worm","floor":3.0,"turns":4.0},{"damage":2.0,"enemies":"Small Slimes","floor":4.0,"turns":3.0},{"damage":13.0,"enemies":"Exordium Thugs","floor":5.0,"turns":5.0},{"damage":5.0,"enemies":"Gremlin Nob","floor":6.0,"turns":4.0},{"damage":19.0,"enemies":"3 Sentries","floor":8.0,"turns":6.0},{"damage":0.0,"enemies":"Blue Slaver","floor":12.0,"turns":2.0},{"damage":16.0,"enemies":"The Guardian","floor":16.0,"turns":5.0},{"damage":0.0,"enemies":"3 Byrds","floor":18.0,"turns":4.0},{"damage":0.0,"enemies":"Chosen","floor":21.0,"turns":3.0},{"damage":19.0,"enemies":"Shelled Parasite and Fungi","floor":22.0,"turns":4.0},{"damage":59.0,"enemies":"Slavers","floor":23.0,"turns":6.0},{"damage":0.0,"enemies":"Cultist and Chosen","floor":29.0,"turns":4.0},{"damage":0.0,"enemies":"Snake Plant","floor":30.0,"turns":1.0},{"damage":0.0,"enemies":"Centurion and Healer","floor":31.0,"turns":3.0},{"damage":26.0,"enemies":"Champ","floor":33.0,"turns":8.0},{"damage":10,"enemies":"Orb Walker","floor":35,"turns":2},{"damage":49,"enemies":"3 Darklings","floor":36,"turns":7},{"damage":2,"enemies":"Maw","floor":38,"turns":5},{"damage":24,"enemies":"4 Shapes","floor":39,"turns":4},{"damage":45,"enemies":"Reptomancer","floor":40,"turns":4},{"damage":19,"enemies":"Mind Bloom Boss Battle","floor":42,"turns":4},{"damage":4,"enemies":"2 Orb Walkers","floor":45,"turns":3},{"damage":0,"enemies":"Transient","floor":48,"turns":5},{"damage":47,"enemies":"Time Eater","floor":50,"turns":8},{"damage":48,"enemies":"Shield and Spear","floor":54,"turns":4},{"damage":27,"enemies":"The Heart","floor":55,"turns":2}],"seed_played":"1137631187278616588","potions_obtained":[{"floor":1.0,"key":"Poison Potion"},{"floor":3.0,"key":"SneckoOil"},{"floor":8.0,"key":"Strength Potion"},{"floor":16.0,"key":"PowerPotion"},{"floor":23.0,"key":"Fire Potion"},{"floor":29.0,"key":"Weak Potion"},{"floor":36,"key":"Dexterity Potion"},{"floor":39,"key":"FairyPotion"},{"floor":40,"key":"SmokeBomb"},{"floor":45,"key":"Ancient Potion"},{"floor":48,"key":"GamblersBrew"},{"floor":54,"key":"LiquidBronze"}],"is_trial":false,"path_per_floor":["M","$","M","M","M","E","R","E","T","R","?","M","$","?","R","B",null,"M","?","$","M","M","E","$","R","T","?","R","M","M","M","R","B",null,"M","M","$","M","M","E","R","?","T","R","?","?","?","M","R","B",null,"R","$","E","B"],"character_chosen":"IRONCLAD","items_purchased":["HandDrill","Bludgeon","Lee\u0027s Waffle","Bottled Lightning","Unceasing Top","Anger","Fire Potion"],"campfire_rested":8,"item_purchase_floors":[13,13,37,53,53,53,53],"current_hp_per_floor":[79,79,78,76,63,58,58,39,39,63,63,63,63,68,68,52,85,85,85,85,85,66,7,7,32,32,32,49,59,59,59,59,47,59,53,12,66,66,46,3,22,9,9,28,28,58,58,58,58,15,58,58,58,14,0],"gold":71,"neow_bonus":"BOSS_RELIC","is_prod":false,"is_daily":false,"chose_seed":false,"campfire_upgraded":1,"win_rate":0,"timestamp":1549811857,"path_taken":["M","$","M","M","M","E","R","E","T","R","?","M","$","?","R","BOSS","M","?","?","M","M","E","$","R","T","?","R","?","?","M","R","BOSS","M","M","$","M","M","E","R","?","T","R","?","?","?","M","R","BOSS","R","$","E","BOSS"],"build_version":"2019-01-23","purchased_purges":0,"victory":false,"max_hp_per_floor":[80,80,80,80,80,80,80,80,80,80,80,80,80,85,85,85,85,85,85,85,85,85,85,85,85,85,59,59,59,59,59,59,59,59,59,59,66,66,66,66,66,66,66,66,66,58,58,58,58,58,58,58,58,58,58],"card_choices":[{"not_picked":["Burning Pact","Pommel Strike"],"picked":"Iron Wave","floor":1.0},{"not_picked":["Sword Boomerang","Entrench"],"picked":"Clothesline","floor":3.0},{"not_picked":["Havoc","Flex"],"picked":"Demon Form","floor":4.0},{"not_picked":["Dropkick","Dual Wield"],"picked":"Iron Wave","floor":5.0},{"not_picked":["Wild Strike","Shrug It Off"],"picked":"Feel No Pain","floor":6.0},{"not_picked":["Shrug It Off","Headbutt"],"picked":"Heavy Blade","floor":8.0},{"not_picked":["Evolve","Rage"],"picked":"Anger","floor":12.0},{"not_picked":["Reaper","Immolate"],"picked":"Double Tap","floor":16.0},{"not_picked":["Iron Wave","Sentinel"],"picked":"Cleave","floor":18.0},{"not_picked":["Warcry","Body Slam"],"picked":"Anger+1","floor":21.0},{"not_picked":["Iron Wave","Bloodletting+1"],"picked":"Twin Strike+1","floor":22.0},{"not_picked":["True Grit","Rupture+1"],"picked":"Rage+1","floor":23.0},{"not_picked":["Power Through","True Grit+1"],"picked":"Sentinel","floor":29.0},{"not_picked":["Seeing Red","Warcry"],"picked":"Battle Trance","floor":30.0},{"not_picked":["Warcry","Bloodletting"],"picked":"Barricade","floor":31.0},{"not_picked":["Dark Embrace","Exhume"],"picked":"Juggernaut","floor":33.0},{"not_picked":["Anger","Headbutt","Twin Strike"],"picked":"SKIP","floor":35},{"not_picked":["Heavy Blade","Cleave"],"picked":"Iron Wave+1","floor":36},{"not_picked":["Combust","Burning Pact+1"],"picked":"Carnage+1","floor":38},{"not_picked":["Reckless Charge","Dual Wield+1"],"picked":"Shrug It Off+1","floor":39},{"not_picked":["True Grit+1","Reaper"],"picked":"Infernal Blade+1","floor":40},{"not_picked":["Whirlwind+1","Shrug It Off+1"],"picked":"Dropkick+1","floor":42},{"not_picked":["Ghostly Armor","Warcry"],"picked":"Armaments+1","floor":45},{"not_picked":["Wild Strike+1","Infernal Blade+1","Evolve+1"],"picked":"SKIP","floor":48},{"not_picked":["Shrug It Off+1","Corruption"],"picked":"Heavy Blade+1","floor":54}],"player_experience":205233,"relics_obtained":[{"floor":6.0,"key":"Bag of Marbles"},{"floor":8.0,"key":"Omamori"},{"floor":23.0,"key":"Vajra"},{"floor":26.0,"key":"Bronze Scales"},{"floor":40,"key":"Happy Flower"},{"floor":40,"key":"PreservedInsect"},{"floor":42,"key":"Old Coin"},{"floor":43,"key":"Oddly Smooth Stone"},{"floor":45,"key":"Ginger"},{"floor":54,"key":"Magic Flower"},{"floor":54,"key":"Orichalcum"}],"event_choices":[{"damage_healed":0.0,"max_hp_gain":0.0,"max_hp_loss":0.0,"gold_gain":0.0,"event_name":"Dead Adventurer","player_choice":"Searched \u00270\u0027 times","floor":11.0,"gold_loss":0.0,"damage_taken":0.0},{"damage_healed":0.0,"max_hp_gain":5.0,"max_hp_loss":0.0,"gold_gain":0.0,"event_name":"Big Fish","player_choice":"Donut","floor":14.0,"gold_loss":0.0,"damage_taken":0.0},{"damage_healed":0.0,"max_hp_gain":0.0,"max_hp_loss":0.0,"gold_gain":0.0,"event_name":"The Joust","player_choice":"Bet on Murderer","floor":19.0,"gold_loss":50.0,"damage_taken":0.0},{"damage_healed":0.0,"max_hp_gain":0.0,"max_hp_loss":26.0,"gold_gain":0.0,"event_name":"Vampires","player_choice":"Became a vampire","floor":27.0,"gold_loss":0.0,"damage_taken":0.0,"cards_obtained":["Bite","Bite","Bite","Bite","Bite"]},{"damage_healed":0,"gold_gain":0,"player_choice":"Fight","damage_taken":0,"max_hp_gain":0,"max_hp_loss":0,"event_name":"MindBloom","floor":42,"gold_loss":0},{"damage_healed":0,"gold_gain":0,"player_choice":"Fight","damage_taken":0,"max_hp_gain":0,"max_hp_loss":0,"event_name":"Mysterious Sphere","floor":45,"gold_loss":0},{"damage_healed":58,"gold_gain":0,"player_choice":"Heal","damage_taken":0,"max_hp_gain":0,"max_hp_loss":8,"event_name":"The Moai Head","floor":46,"gold_loss":0},{"damage_healed":0,"gold_gain":0,"player_choice":"Upgrade","damage_taken":0,"max_hp_gain":0,"max_hp_loss":0,"event_name":"Designer","floor":47,"gold_loss":40,"cards_upgraded":["Demon Form"]}],"is_beta":false,"boss_relics":[{"not_picked":["Philosopher\u0027s Stone","Tiny House"],"picked":"Fusion Hammer"},{"not_picked":["Empty Cage","Coffee Dripper"],"picked":"Black Star"}],"items_purged_floors":[],"is_endless":false,"potions_floor_spawned":[1,3,8,16,23,29,36,39,40,45,48,54],"killed_by":"The Heart","ascension_level":0}