{"gold_per_floor":[115,290,290,290,303,303,334,349,349,349],"floor_reached":10,"playtime":911,"items_purged":[],"score":73,"play_id":"65fd960f-ca27-4a3b-8d77-e8cb2ac08eac","local_time":"20190707094332","is_ascension_mode":true,"campfire_choices":[{"data":"Barricade","floor":6,"key":"SMITH"}],"neow_cost":"NONE","seed_source_timestamp":0,"circlet_count":0,"master_deck":["Strike_R","Strike_R","Strike_R","Strike_R","Strike_R","Defend_R","Defend_R","Defend_R","Defend_R","Bash","Barricade+1","Power Through","Iron Wave","Shrug It Off"],"special_seed":0,"relics":["Burning Blood","Singing Bowl","Blue Candle"],"potions_floor_usage":[7],"damage_taken":[{"damage":6,"enemies":"Cultist","floor":1,"turns":3},{"damage":2,"enemies":"Small Slimes","floor":5,"turns":4},{"damage":48,"enemies":"3 Sentries","floor":7,"turns":15},{"damage":7,"enemies":"Jaw Worm","floor":8,"turns":3},{"damage":12,"enemies":"3 Louse","floor":10,"turns":4}],"seed_played":"-4296017744833050897","potions_obtained":[{"floor":5,"key":"Strength Potion"}],"is_trial":false,"path_per_floor":["M","?","?","?","M","R","E","M","T","M"],"character_chosen":"IRONCLAD","items_purchased":[],"campfire_rested":0,"item_purchase_floors":[],"current_hp_per_floor":[80,80,85,78,82,82,40,39,39,27],"gold":349,"neow_bonus":"ONE_RANDOM_RARE_CARD","is_prod":false,"is_daily":false,"chose_seed":false,"campfire_upgraded":1,"win_rate":0,"timestamp":1562507012,"path_taken":["M","?","?","?","M","R","E","M","T","M"],"build_version":"2019-07-05","purchased_purges":0,"victory":false,"max_hp_per_floor":[80,80,85,85,85,85,85,85,85,85],"card_choices":[{"not_picked":["Perfected Strike","Fire Breathing","Pommel Strike"],"picked":"SKIP","floor":1},{"not_picked":["Twin Strike","Thunderclap"],"picked":"Power Through","floor":5},{"not_picked":["Spot Weakness","Shockwave"],"picked":"Iron Wave","floor":7},{"not_picked":["True Grit","Warcry"],"picked":"Shrug It Off","floor":8}],"player_experience":648668,"relics_obtained":[{"floor":7,"key":"Singing Bowl"},{"floor":9,"key":"Blue Candle"}],"event_choices":[{"damage_healed":0,"gold_gain":175,"player_choice":"AGREE","damage_taken":0,"max_hp_gain":0,"max_hp_loss":0,"event_name":"Liars Game","floor":2,"gold_loss":0,"cards_obtained":["Doubt"]},{"damage_healed":0,"gold_gain":0,"player_choice":"Donut","damage_taken":0,"max_hp_gain":5,"max_hp_loss":0,"event_name":"Big Fish","floor":3,"gold_loss":0},{"cards_removed":["Doubt"],"damage_healed":0,"gold_gain":0,"player_choice":"Card Removal","damage_taken":7,"max_hp_gain":0,"max_hp_loss":0,"event_name":"Golden Wing","floor":4,"gold_loss":0}],"is_beta":false,"boss_relics":[],"items_purged_floors":[],"is_endless":false,"potions_floor_spawned":[5],"killed_by":"3 Louse","ascension_level":2}