{"gold_per_floor":[115,133,133,146,71,85,85,85,85,260,271,171,171,201,201,301,351,369,389,389,389,589,589],"floor_reached":23,"playtime":2261,"items_purged":["Strike_B","Doubt"],"score":214,"play_id":"42877857-37c5-4a52-be24-5faeaec61cb1","local_time":"20181110015255","is_ascension_mode":false,"campfire_choices":[{"data":"Go for the Eyes","floor":7,"key":"SMITH"},{"data":"Coolheaded","floor":13,"key":"SMITH"},{"data":"Glacier","floor":15,"key":"SMITH"}],"neow_cost":"PERCENT_DAMAGE","seed_source_timestamp":203792073716001,"circlet_count":0,"master_deck":["Strike_B","Defend_B","Defend_B","Defend_B","Defend_B","Zap+1","Dualcast","Coolheaded+1","Gash","Go for the Eyes+1","Glacier+1","BootSequence","Reprogram","Reboot","Stack","Rebound","Lockon+1","Writhe","Shame"],"relics":["Cracked Core","Dead Branch","Incense Burner","Juzu Bracelet","Tiny House","Ornamental Fan","Toxic Egg 2"],"potions_floor_usage":[18,18,18,18,19,23,23],"damage_taken":[{"damage":0,"enemies":"2 Louse","floor":1,"turns":2},{"damage":0,"enemies":"Cultist","floor":2,"turns":3},{"damage":1,"enemies":"Small Slimes","floor":4,"turns":4},{"damage":0,"enemies":"3 Louse","floor":6,"turns":5},{"damage":1,"enemies":"Exordium Wildlife","floor":11,"turns":5},{"damage":0,"enemies":"Lagavulin","floor":14,"turns":10},{"damage":17,"enemies":"The Guardian","floor":16,"turns":19},{"damage":19,"enemies":"2 Thieves","floor":18,"turns":5},{"damage":5,"enemies":"3 Byrds","floor":19,"turns":5},{"damage":64,"enemies":"Gremlin Leader","floor":23,"turns":5}],"seed_played":"7513887839596065656","potions_obtained":[{"floor":11,"key":"SteroidPotion"},{"floor":16,"key":"EntropicBrew"},{"floor":17,"key":"Swift Potion"},{"floor":18,"key":"Swift Potion"},{"floor":19,"key":"SkillPotion"}],"is_trial":false,"path_per_floor":["M","M","?","M","$","M","R","?","T","?","M","$","R","E","R","B",null,"M","M","?","?","?","E"],"character_chosen":"DEFECT","items_purchased":[],"campfire_rested":0,"item_purchase_floors":[],"current_hp_per_floor":[54,54,54,53,53,53,53,41,41,41,40,40,40,40,40,23,80,61,56,56,56,56,0],"gold":589,"neow_bonus":"TRANSFORM_TWO_CARDS","is_prod":false,"is_daily":false,"chose_seed":false,"campfire_upgraded":3,"win_rate":0,"timestamp":1541832775,"path_taken":["M","M","?","?","$","M","R","?","T","?","M","?","R","E","R","BOSS","M","M","?","?","?","E"],"build_version":"2018-11-08","purchased_purges":2,"victory":false,"max_hp_per_floor":[75,75,75,75,75,75,75,75,75,75,75,75,75,75,75,75,80,80,80,80,80,80,80],"card_choices":[{"not_picked":["Leap","Compile Driver"],"picked":"Go for the Eyes","floor":1},{"not_picked":["Chaos","Barrage"],"picked":"Glacier","floor":2},{"not_picked":["Storm","Barrage","Darkness"],"picked":"SKIP","floor":4},{"not_picked":["Leap","Scrape","Turbo"],"picked":"SKIP","floor":6},{"not_picked":["Conserve Battery","Stack"],"picked":"BootSequence","floor":11},{"not_picked":["Heatsinks","Double Energy"],"picked":"Reprogram","floor":14},{"not_picked":["Hyperbeam","Biased Cognition"],"picked":"Reboot","floor":16},{"not_picked":["Gash","Steam"],"picked":"Stack","floor":17},{"not_picked":["Tempest","Cold Snap"],"picked":"Rebound","floor":18},{"not_picked":["Steam Power","Cold Snap"],"picked":"Lockon+1","floor":19}],"player_experience":284599,"relics_obtained":[{"floor":9,"key":"Incense Burner"},{"floor":14,"key":"Juzu Bracelet"}],"event_choices":[{"damage_healed":0,"gold_gain":0,"player_choice":"Ignored","damage_taken":0,"max_hp_gain":0,"max_hp_loss":0,"event_name":"NoteForYourself","floor":3,"gold_loss":0},{"damage_healed":0,"gold_gain":0,"player_choice":"Success","damage_taken":12,"relics_obtained":["Dead Branch"],"max_hp_gain":0,"max_hp_loss":0,"event_name":"Scrap Ooze","floor":8,"gold_loss":0},{"damage_healed":0,"gold_gain":175,"player_choice":"AGREE","damage_taken":0,"max_hp_gain":0,"max_hp_loss":0,"event_name":"Liars Game","floor":10,"gold_loss":0,"cards_obtained":["Doubt"]},{"damage_healed":0,"gold_gain":0,"player_choice":"Opened","damage_taken":0,"relics_obtained":["Ornamental Fan"],"max_hp_gain":0,"max_hp_loss":0,"event_name":"The Mausoleum","floor":20,"gold_loss":0,"cards_obtained":["Writhe"]},{"damage_healed":0,"gold_gain":0,"player_choice":"Stole Relic","damage_taken":0,"relics_obtained":["Toxic Egg 2"],"max_hp_gain":0,"max_hp_loss":0,"event_name":"Addict","floor":21,"gold_loss":0,"cards_obtained":["Shame"]},{"damage_healed":0,"gold_gain":250,"player_choice":"Bet on Owner","damage_taken":0,"max_hp_gain":0,"max_hp_loss":0,"event_name":"The Joust","floor":22,"gold_loss":50}],"is_beta":true,"boss_relics":[{"not_picked":["Philosopher\u0027s Stone","Cursed Key"],"picked":"Tiny House"}],"items_purged_floors":[5,12],"is_endless":false,"potions_floor_spawned":[11,16,18,19],"killed_by":"Gremlin Leader","ascension_level":0}