{"gold_per_floor":[119,138,157,157,82,82,82,82,105,129,145,164,185,232,232,353,353,372,372,392,4,82,82,82,98,123,123,123,146,159,177,177,301,301,316,316,335,350,350,350,393,393,393,22,35,35,35,55,55,55],"floor_reached":51,"playtime":4866,"items_purged":["Strike_G","Strike_G","Strike_G"],"score":618,"play_id":"e3bf4b79-2c1c-4fea-acad-f9ec3f635221","local_time":"20181107181124","is_ascension_mode":false,"campfire_choices":[{"data":"Dash","floor":6.0,"key":"SMITH"},{"data":"Backflip","floor":8.0,"key":"SMITH"},{"data":"Noxious Fumes","floor":15.0,"key":"SMITH"},{"data":"Neutralize","floor":23.0,"key":"SMITH"},{"data":"Jack Of All Trades","floor":32,"key":"SMITH"},{"data":"Burst","floor":40,"key":"SMITH"},{"data":"Blur","floor":49,"key":"SMITH"}],"neow_cost":"NONE","seed_source_timestamp":0,"circlet_count":0,"master_deck":["Defend_G","Defend_G+1","Defend_G","Defend_G","Survivor+1","Neutralize+1","Dash+1","Backflip+1","PiercingWail","Noxious Fumes+1","Jack Of All Trades+1","Leg Sweep+1","Prepared+1","Dodge and Roll+1","Terror","Burst+1","Blur+1","Backflip+1","Catalyst+1","Madness","Madness"],"special_seed":0,"relics":["Ring of the Snake","Golden Idol","Vajra","Happy Flower","White Beast Statue","Letter Opener","Torii","Question Card","War Paint","Potion Belt","Empty Cage","Omamori","Dodecahedron","Lee\u0027s Waffle"],"potions_floor_usage":[33,37,41,41,48,50,50,50,50],"damage_taken":[{"damage":0.0,"enemies":"Cultist","floor":1.0,"turns":3.0},{"damage":0.0,"enemies":"Small Slimes","floor":2.0,"turns":5.0},{"damage":0.0,"enemies":"Jaw Worm","floor":3.0,"turns":5.0},{"damage":0.0,"enemies":"Red Slaver","floor":10.0,"turns":4.0},{"damage":2.0,"enemies":"Exordium Wildlife","floor":11.0,"turns":7.0},{"damage":0.0,"enemies":"Exordium Thugs","floor":12.0,"turns":5.0},{"damage":0.0,"enemies":"Large Slime","floor":13.0,"turns":7.0},{"damage":11.0,"enemies":"The Guardian","floor":16.0,"turns":11.0},{"damage":7.0,"enemies":"2 Thieves","floor":18.0,"turns":5.0},{"damage":0.0,"enemies":"Chosen","floor":20.0,"turns":6.0},{"damage":0.0,"enemies":"Centurion and Healer","floor":25.0,"turns":8.0},{"damage":0.0,"enemies":"Snake Plant","floor":29.0,"turns":6.0},{"damage":2.0,"enemies":"3 Cultists","floor":30.0,"turns":6.0},{"damage":0.0,"enemies":"Shelled Parasite and Fungi","floor":31.0,"turns":8.0},{"damage":8,"enemies":"Collector","floor":33,"turns":9},{"damage":1,"enemies":"Orb Walker","floor":35,"turns":6},{"damage":0,"enemies":"3 Darklings","floor":37,"turns":6},{"damage":1,"enemies":"Maw","floor":38,"turns":10},{"damage":0,"enemies":"Jaw Worm Horde","floor":41,"turns":6},{"damage":0,"enemies":"3 Darklings","floor":45,"turns":5},{"damage":8,"enemies":"Maw","floor":48,"turns":8},{"damage":30,"enemies":"Awakened One","floor":50,"turns":17}],"seed_played":"-6493450404765725666","potions_obtained":[{"floor":0.0,"key":"SkillPotion"},{"floor":0.0,"key":"Strength Potion"},{"floor":0.0,"key":"SmokeBomb"},{"floor":1.0,"key":"Swift Potion"},{"floor":2.0,"key":"Explosive Potion"},{"floor":13.0,"key":"EssenceOfSteel"},{"floor":18.0,"key":"GamblersBrew"},{"floor":20.0,"key":"Fire Potion"},{"floor":25.0,"key":"SpeedPotion"},{"floor":29.0,"key":"SteroidPotion"},{"floor":30.0,"key":"GhostInAJar"},{"floor":31.0,"key":"SkillPotion"},{"floor":33,"key":"PowerPotion"},{"floor":35,"key":"Strength Potion"},{"floor":37,"key":"GamblersBrew"},{"floor":41,"key":"Weak Potion"},{"floor":47,"key":"GhostInAJar"},{"floor":47,"key":"Dexterity Potion"},{"floor":48,"key":"Poison Potion"}],"is_trial":false,"path_per_floor":["M","M","M","?","$","R","?","R","T","M","M","M","M","T","R","B",null,"M","T","M","$","T","R","?","M","T","$","T","M","M","M","R","B",null,"M","?","M","M","T","R","M","?","T","$","M","?","?","M","R","B",null],"character_chosen":"THE_SILENT","items_purchased":["Torii","Lee\u0027s Waffle","Energy Potion"],"campfire_rested":0,"item_purchase_floors":[21,44,44],"current_hp_per_floor":[70,70,70,53,53,53,53,53,53,53,51,51,51,51,51,40,70,63,63,63,63,63,63,63,63,63,63,63,63,61,61,61,53,70,69,69,69,68,68,68,68,59,59,77,77,77,77,69,69,39],"gold":55,"neow_bonus":"THREE_SMALL_POTIONS","is_prod":false,"is_daily":false,"chose_seed":false,"campfire_upgraded":7,"win_rate":0,"timestamp":1541632284,"path_taken":["M","?","M","?","$","R","?","R","T","M","M","?","M","?","R","BOSS","M","?","M","$","?","R","?","?","T","?","?","M","M","?","R","BOSS","M","?","M","M","?","R","?","?","T","$","M","?","?","M","R","BOSS"],"build_version":"2018-11-06","purchased_purges":3,"victory":true,"max_hp_per_floor":[70,70,70,70,70,70,70,70,70,70,70,70,70,70,70,70,70,70,70,70,70,70,70,70,70,70,70,70,70,70,70,70,70,70,70,70,70,70,70,70,70,70,70,77,77,77,77,77,77,77],"card_choices":[{"not_picked":["Expertise","All Out Attack"],"picked":"Dash","floor":1.0},{"not_picked":["Dodge and Roll","Escape Plan"],"picked":"Backflip","floor":2.0},{"not_picked":["Slice","Predator"],"picked":"PiercingWail","floor":3.0},{"not_picked":["Predator","Prepared","Blade Dance"],"picked":"SKIP","floor":10.0},{"not_picked":["Prepared","Acrobatics","Flying Knee"],"picked":"SKIP","floor":11.0},{"not_picked":["Flying Knee","Well Laid Plans"],"picked":"Noxious Fumes","floor":12.0},{"not_picked":["Sucker Punch","PiercingWail","Dagger Throw"],"picked":"SKIP","floor":13.0},{"not_picked":["PiercingWail","Expertise+1","Quick Slash"],"picked":"SKIP","floor":18.0},{"not_picked":["Slice+1","Underhanded Strike","Finisher+1"],"picked":"SKIP","floor":20.0},{"not_picked":["All Out Attack","Sucker Punch+1","Deadly Poison"],"picked":"Prepared+1","floor":25.0},{"not_picked":["Slice","Dash","Distraction+1","Deadly Poison+1"],"picked":"SKIP","floor":29.0},{"not_picked":["Blade Dance+1","Flying Knee","Deadly Poison"],"picked":"Dodge and Roll+1","floor":30.0},{"not_picked":["Predator","Expertise","PiercingWail+1"],"picked":"Terror","floor":31.0},{"not_picked":["Glass Knife","Bullet Time","Adrenaline"],"picked":"Burst","floor":33},{"not_picked":["Flying Knee","Acrobatics+1","Blade Dance+1"],"picked":"Blur","floor":35},{"not_picked":["Underhanded Strike","Quick Slash","All Out Attack+1"],"picked":"Backflip+1","floor":37},{"not_picked":["Prepared+1","Deflect+1","Terror+1"],"picked":"Catalyst+1","floor":38},{"not_picked":["Backflip","Deadly Poison+1","Burst","Backstab+1"],"picked":"SKIP","floor":41},{"not_picked":["Riddle With Holes+1","Bane","Backflip","Flechettes"],"picked":"SKIP","floor":45},{"not_picked":["Poisoned Stab+1","Endless Agony","Underhanded Strike+1","Deflect"],"picked":"SKIP","floor":48}],"player_experience":184019,"relics_obtained":[{"floor":9.0,"key":"Vajra"},{"floor":14.0,"key":"Happy Flower"},{"floor":19.0,"key":"Letter Opener"},{"floor":22.0,"key":"Question Card"},{"floor":26.0,"key":"War Paint"},{"floor":28.0,"key":"Potion Belt"},{"floor":39,"key":"Omamori"},{"floor":43,"key":"Dodecahedron"}],"event_choices":[{"damage_healed":0.0,"max_hp_gain":0.0,"max_hp_loss":0.0,"gold_gain":0.0,"event_name":"Golden Idol","player_choice":"Take Damage","floor":4.0,"gold_loss":0.0,"damage_taken":17.0,"relics_obtained":["Golden Idol"]},{"damage_healed":0.0,"max_hp_gain":0.0,"max_hp_loss":0.0,"gold_gain":0.0,"event_name":"Upgrade Shrine","player_choice":"Upgraded","floor":7.0,"gold_loss":0.0,"damage_taken":0.0,"cards_upgraded":["Survivor"]},{"damage_healed":0.0,"max_hp_gain":0.0,"max_hp_loss":0.0,"gold_gain":0.0,"event_name":"Match and Keep!","player_choice":"2 cards matched","floor":24.0,"gold_loss":0.0,"damage_taken":0.0,"cards_obtained":["Jack Of All Trades","Leg Sweep"]},{"damage_healed":0,"gold_gain":0,"player_choice":"Ignored","damage_taken":0,"max_hp_gain":0,"max_hp_loss":0,"event_name":"Tomb of Lord Red Mask","floor":36,"gold_loss":0},{"damage_healed":0,"gold_gain":0,"player_choice":"Embrace Madness","damage_taken":9,"max_hp_gain":0,"max_hp_loss":0,"event_name":"Winding Halls","floor":42,"gold_loss":0,"cards_obtained":["Madness","Madness"]},{"cards_removed":["Defend_G"],"damage_healed":0,"gold_gain":0,"player_choice":"Removed Skill","damage_taken":0,"max_hp_gain":0,"max_hp_loss":0,"event_name":"Falling","floor":46,"gold_loss":0},{"damage_healed":0,"gold_gain":0,"player_choice":"Got Potions","damage_taken":0,"max_hp_gain":0,"max_hp_loss":0,"event_name":"Lab","floor":47,"gold_loss":0}],"is_beta":true,"boss_relics":[{"not_picked":["Tiny House","Runic Pyramid"],"picked":"White Beast Statue"},{"not_picked":["Eternal Feather","Cursed Key"],"picked":"Empty Cage"}],"items_purged_floors":[5,21,44],"is_endless":false,"potions_floor_spawned":[1,2,12,13,18,20,25,29,30,31,33,35,37,38,41,45,48],"ascension_level":0}