{"gold_per_floor":[359,371,371,371,384,384,398,398,398,408,408,425,425,441,441,441],"floor_reached":16,"playtime":457,"items_purged":[],"score":169,"play_id":"7568fe43-00d1-4854-a322-896414891700","local_time":"20190128165948","is_ascension_mode":true,"campfire_choices":[{"data":"Perfected Strike","floor":6.0,"key":"SMITH"},{"data":"Juggernaut","floor":8.0,"key":"SMITH"},{"data":"Burning Pact","floor":11.0,"key":"SMITH"},{"data":"Dual Wield","floor":13.0,"key":"SMITH"},{"data":"Armaments","floor":15.0,"key":"SMITH"}],"neow_cost":"TEN_PERCENT_HP_LOSS","seed_source_timestamp":155659394783482,"circlet_count":0,"master_deck":["AscendersBane","Strike_R+1","Strike_R","Strike_R","Strike_R","Strike_R","Defend_R","Defend_R+1","Defend_R","Defend_R","Bash","Burning Pact+1","Rampage+1","Perfected Strike+1","Juggernaut+1","Headbutt","Dual Wield+1","Armaments+1"],"special_seed":0,"relics":["Burning Blood","Pear"],"potions_floor_usage":[],"damage_taken":[{"damage":4.0,"enemies":"2 Louse","floor":1.0,"turns":4.0},{"damage":18.0,"enemies":"Jaw Worm","floor":2.0,"turns":4.0},{"damage":0.0,"enemies":"Cultist","floor":5.0,"turns":4.0},{"damage":10.0,"enemies":"2 Fungi Beasts","floor":7.0,"turns":3.0},{"damage":10.0,"enemies":"3 Louse","floor":10.0,"turns":4.0},{"damage":0.0,"enemies":"Large Slime","floor":12.0,"turns":5.0},{"damage":11.0,"enemies":"Blue Slaver","floor":14.0,"turns":4.0},{"damage":0,"enemies":"Hexaghost","floor":16,"turns":1}],"seed_played":"-7549971894735011068","potions_obtained":[{"floor":7.0,"key":"Block Potion"},{"floor":10.0,"key":"EssenceOfSteel"},{"floor":12.0,"key":"AttackPotion"}],"is_trial":false,"path_per_floor":["M","M","?","?","M","R","M","R","T","M","R","M","R","M","R","B"],"character_chosen":"IRONCLAD","items_purchased":[],"campfire_rested":0,"item_purchase_floors":[],"current_hp_per_floor":[68,56,36,36,42,42,38,38,48,44,44,50,50,45,45,45],"gold":441,"neow_bonus":"TWO_FIFTY_GOLD","is_prod":false,"is_daily":false,"chose_seed":false,"campfire_upgraded":5,"win_rate":0,"timestamp":1548712788,"path_taken":["M","M","?","?","M","R","M","R","T","M","R","?","R","M","R","BOSS"],"build_version":"2019-01-23","purchased_purges":0,"victory":false,"max_hp_per_floor":[68,68,68,68,68,68,68,68,78,78,78,78,78,78,78,78],"card_choices":[{"not_picked":["Clothesline","Wild Strike"],"picked":"Burning Pact","floor":1.0},{"not_picked":["Pommel Strike","Twin Strike"],"picked":"Rampage","floor":2.0},{"not_picked":["Corruption","Sword Boomerang"],"picked":"Perfected Strike","floor":5.0},{"not_picked":["Warcry","Iron Wave"],"picked":"Juggernaut","floor":7.0},{"not_picked":["Twin Strike","Wild Strike"],"picked":"Headbutt","floor":10.0},{"not_picked":["Dropkick","Clash"],"picked":"Dual Wield","floor":12.0},{"not_picked":["Warcry","Flex"],"picked":"Armaments","floor":14.0}],"player_experience":888532,"relics_obtained":[{"floor":9.0,"key":"Pear"}],"event_choices":[{"damage_healed":0.0,"max_hp_gain":0.0,"max_hp_loss":0.0,"gold_gain":0.0,"event_name":"Shining Light","player_choice":"Entered Light","floor":3.0,"gold_loss":0.0,"damage_taken":20.0,"cards_upgraded":["Strike_R","Defend_R"]},{"damage_healed":0.0,"max_hp_gain":0.0,"max_hp_loss":0.0,"gold_gain":0.0,"event_name":"Upgrade Shrine","player_choice":"Upgraded","floor":4.0,"gold_loss":0.0,"damage_taken":0.0,"cards_upgraded":["Rampage"]}],"is_beta":true,"boss_relics":[],"items_purged_floors":[],"is_endless":false,"potions_floor_spawned":[7,10,12],"killed_by":"Hexaghost","ascension_level":16}