{"gold_per_floor":[212,231,250,264,109,137,137,151,151,165,176,208,208,208,208,306,306,325,342,362,362],"floor_reached":21,"playtime":1518,"items_purged":[],"score":240,"play_id":"e42034c1-cf93-4c16-9f0c-56ec2f4ab88c","local_time":"20190601091130","is_ascension_mode":true,"campfire_choices":[{"floor":7,"key":"RECALL"},{"floor":13,"key":"REST"},{"data":"Spot Weakness","floor":15,"key":"SMITH"}],"neow_cost":"NONE","seed_source_timestamp":140563639791340,"circlet_count":0,"master_deck":["Strike_R","Strike_R","Strike_R","Strike_R","Strike_R","Defend_R","Defend_R","Defend_R","Defend_R","Bash","Shrug It Off","Clothesline","Flex","Spot Weakness+1","Seeing Red+1","Thunderclap","Pommel Strike","Anger","Juggernaut","Clothesline+1","Rampage","Seeing Red"],"relics":["Burning Blood","Bronze Scales","Gremlin Horn","Pear","Strawberry","White Beast Statue"],"potions_floor_usage":[3,12,12,20,20,21,21],"damage_taken":[{"damage":10,"enemies":"Cultist","floor":1,"turns":5},{"damage":3,"enemies":"Small Slimes","floor":2,"turns":3},{"damage":4,"enemies":"2 Louse","floor":3,"turns":3},{"damage":1,"enemies":"Exordium Wildlife","floor":4,"turns":3},{"damage":35,"enemies":"Gremlin Nob","floor":6,"turns":5},{"damage":6,"enemies":"Looter","floor":8,"turns":3},{"damage":11,"enemies":"Exordium Thugs","floor":10,"turns":5},{"damage":7,"enemies":"3 Louse","floor":11,"turns":2},{"damage":22,"enemies":"Lagavulin","floor":12,"turns":7},{"damage":45,"enemies":"Hexaghost","floor":16,"turns":9},{"damage":22,"enemies":"Spheric Guardian","floor":18,"turns":4},{"damage":43,"enemies":"Shell Parasite","floor":19,"turns":5},{"damage":20,"enemies":"Snecko","floor":20,"turns":5},{"damage":48,"enemies":"Sentry and Sphere","floor":21,"turns":5}],"seed_played":"-6222437958083218420","potions_obtained":[{"floor":1,"key":"AttackPotion"},{"floor":6,"key":"Ancient Potion"},{"floor":8,"key":"Poison Potion"},{"floor":11,"key":"LiquidBronze"},{"floor":18,"key":"SpeedPotion"},{"floor":19,"key":"Poison Potion"},{"floor":20,"key":"BloodPotion"}],"is_trial":false,"path_per_floor":["M","M","M","M","$","E","R","M","T","M","M","E","R","?","R","B",null,"M","M","M","M"],"character_chosen":"IRONCLAD","items_purchased":["Bronze Scales"],"campfire_rested":1,"item_purchase_floors":[5],"current_hp_per_floor":[76,79,80,80,80,51,51,51,61,56,55,46,75,75,75,36,97,81,44,30,0],"gold":362,"neow_bonus":"HUNDRED_GOLD","is_prod":false,"is_daily":false,"chose_seed":false,"campfire_upgraded":1,"win_rate":0,"timestamp":1559394690,"path_taken":["M","?","M","M","$","E","R","M","T","M","M","E","R","?","R","BOSS","M","M","?","M"],"build_version":"2019-01-23","purchased_purges":0,"victory":false,"max_hp_per_floor":[80,80,80,80,80,80,80,80,90,90,90,97,97,97,97,97,97,97,97,97,97],"card_choices":[{"not_picked":["Sword Boomerang","True Grit"],"picked":"Shrug It Off","floor":1},{"not_picked":["Reckless Charge","Body Slam"],"picked":"Clothesline","floor":2},{"not_picked":["Twin Strike","Uppercut"],"picked":"Flex","floor":3},{"not_picked":["Shrug It Off","Blood for Blood"],"picked":"Spot Weakness","floor":4},{"not_picked":["Second Wind","Dropkick"],"picked":"Seeing Red","floor":6},{"not_picked":["Rupture","Clothesline"],"picked":"Thunderclap","floor":8},{"not_picked":["Warcry","Thunderclap","Hemokinesis"],"picked":"SKIP","floor":10},{"not_picked":["Thunderclap","Blood for Blood"],"picked":"Pommel Strike","floor":11},{"not_picked":["Feel No Pain","Entrench"],"picked":"Anger","floor":12},{"not_picked":["Berserk","Immolate"],"picked":"Juggernaut","floor":16},{"not_picked":["Pummel","Iron Wave"],"picked":"Clothesline+1","floor":18},{"not_picked":["Perfected Strike","Havoc"],"picked":"Rampage","floor":19},{"not_picked":["Cleave","Dual Wield"],"picked":"Seeing Red","floor":20}],"player_experience":411458,"relics_obtained":[{"floor":6,"key":"Gremlin Horn"},{"floor":9,"key":"Pear"},{"floor":12,"key":"Strawberry"}],"event_choices":[{"damage_healed":0,"gold_gain":0,"player_choice":"Forge","damage_taken":0,"max_hp_gain":0,"max_hp_loss":0,"event_name":"Accursed Blacksmith","floor":14,"gold_loss":0,"cards_upgraded":["Seeing Red"]}],"is_beta":false,"boss_relics":[{"not_picked":["Tiny House","Runic Dome"],"picked":"White Beast Statue"}],"items_purged_floors":[],"is_endless":false,"potions_floor_spawned":[1,6,8,11,18,19,20],"killed_by":"Sentry and Sphere","ascension_level":2}