{"gold_per_floor":[216,231,242,242,256,256,256,256,256,269,269,286,461,477,477,574,574,584,584,164,164,79,114,14,14,14,14,14,33,59,71,71,173,173,190,190,204,216,216,216,250,6,29,29,48,94,109,124,124,124],"floor_reached":51,"playtime":4977,"items_purged":["Strike_G","Strike_G"],"score":657,"play_id":"a4bba13c-0ee5-41b2-ab3d-84c554a48684","local_time":"20181106225038","is_ascension_mode":false,"campfire_choices":[{"data":"Dash","floor":6,"key":"SMITH"},{"data":"Crippling Poison","floor":8,"key":"SMITH"},{"data":"Noxious Fumes","floor":15,"key":"SMITH"},{"data":"Caltrops","floor":25,"key":"SMITH"},{"data":"Dodge and Roll","floor":27,"key":"SMITH"},{"floor":32,"key":"REST"},{"data":"Neutralize","floor":40,"key":"SMITH"},{"data":"PiercingWail","floor":44,"key":"SMITH"},{"floor":49,"key":"REST"}],"neow_cost":"NONE","seed_source_timestamp":65031077849893,"circlet_count":0,"master_deck":["Defend_G","Defend_G","Defend_G","Defend_G","Survivor","Neutralize+1","PiercingWail+1","Crippling Poison+1","Dash+1","Escape Plan","Noxious Fumes+1","Dodge and Roll+1","Venomology","Caltrops+1","Heatsinks+1","Leg Sweep+1","Dash+1","Shrug It Off+1","Bullet Time+1","Adrenaline+1","Skewer+1","Unload+1","Madness+1","Madness+1","Master of Strategy+1","Discovery+1","Footwork+1","After Image","Catalyst+1","PanicButton+1"],"relics":["Ring of the Snake","Nunchaku","Ginger","GremlinMask","Black Star","Snake Skull","PrismaticShard","Letter Opener","Toxic Egg 2","Meat on the Bone","Question Card","Juzu Bracelet","Happy Flower","Astrolabe","Prayer Wheel","Calipers","Strange Spoon","Peace Pipe"],"potions_floor_usage":[16,16,23,29,29,30,33,33,38,38,41,41,41,45,46,47,48,50,50,50],"damage_taken":[{"damage":0,"enemies":"2 Louse","floor":1,"turns":4},{"damage":1,"enemies":"Cultist","floor":2,"turns":6},{"damage":0,"enemies":"Small Slimes","floor":3,"turns":4},{"damage":2,"enemies":"Looter","floor":5,"turns":4},{"damage":4,"enemies":"Blue Slaver","floor":10,"turns":4},{"damage":0,"enemies":"3 Louse","floor":12,"turns":2},{"damage":2,"enemies":"Looter","floor":14,"turns":4},{"damage":31,"enemies":"Slime Boss","floor":16,"turns":12},{"damage":8,"enemies":"Shell Parasite","floor":18,"turns":10},{"damage":12,"enemies":"Gremlin Leader","floor":23,"turns":7},{"damage":5,"enemies":"Spheric Guardian","floor":29,"turns":4},{"damage":28,"enemies":"Slavers","floor":30,"turns":5},{"damage":0,"enemies":"Centurion and Healer","floor":31,"turns":9},{"damage":31,"enemies":"Collector","floor":33,"turns":13},{"damage":0,"enemies":"Orb Walker","floor":35,"turns":5},{"damage":1,"enemies":"3 Darklings","floor":37,"turns":4},{"damage":4,"enemies":"Maw","floor":38,"turns":9},{"damage":22,"enemies":"Nemesis","floor":41,"turns":11},{"damage":12,"enemies":"Jaw Worm Horde","floor":45,"turns":4},{"damage":44,"enemies":"2 Orb Walkers","floor":46,"turns":5},{"damage":0,"enemies":"Sphere and 2 Shapes","floor":47,"turns":4},{"damage":1,"enemies":"3 Darklings","floor":48,"turns":5},{"damage":48,"enemies":"Time Eater","floor":50,"turns":13}],"seed_played":"7382920684215121341","potions_obtained":[{"floor":2,"key":"Block Potion"},{"floor":3,"key":"GamblersBrew"},{"floor":5,"key":"GamblersBrew"},{"floor":18,"key":"FearPotion"},{"floor":23,"key":"Poison Potion"},{"floor":37,"key":"FearPotion"},{"floor":38,"key":"GhostInAJar"},{"floor":45,"key":"Regen Potion"},{"floor":47,"key":"PowerPotion"}],"is_trial":false,"path_per_floor":["M","M","M","?","M","R","?","R","T","M","?","M","?","M","R","B",null,"M","?","$","?","?","E","$","R","T","R","$","M","E","M","R","B",null,"M","?","M","M","?","R","E","$","T","R","M","?","M","M","R","B",null],"character_chosen":"THE_SILENT","items_purchased":["Snake Skull","PrismaticShard","Strange Spoon","Strength Potion"],"campfire_rested":2,"item_purchase_floors":[20,20,42,42],"current_hp_per_floor":[70,69,69,62,60,60,53,53,53,49,49,49,49,47,47,16,70,62,62,62,49,49,37,37,37,37,37,37,44,28,40,62,43,75,75,66,65,61,61,61,54,54,54,54,42,25,37,48,70,34],"gold":124,"neow_bonus":"HUNDRED_GOLD","is_prod":false,"is_daily":false,"chose_seed":false,"campfire_upgraded":7,"win_rate":0,"timestamp":1541562638,"path_taken":["M","M","M","?","M","R","?","R","T","M","?","?","?","M","R","BOSS","M","?","$","?","?","E","$","R","T","R","?","?","E","M","R","BOSS","M","?","M","M","?","R","E","?","T","R","M","?","M","M","R","BOSS"],"build_version":"2018-11-05","purchased_purges":2,"victory":true,"max_hp_per_floor":[70,70,70,70,70,70,70,70,70,70,70,70,70,70,70,70,70,70,70,70,75,75,75,75,75,75,75,75,75,75,75,75,75,75,75,75,75,75,75,75,75,75,75,75,75,75,75,75,75,75],"card_choices":[{"not_picked":["Underhanded Strike","Quick Slash"],"picked":"PiercingWail","floor":1},{"not_picked":["Flying Knee","Predator","Deadly Poison"],"picked":"SKIP","floor":2},{"not_picked":["Bullet Time","Predator"],"picked":"Crippling Poison","floor":3},{"not_picked":["Infinite Blades","Backflip"],"picked":"Dash","floor":5},{"not_picked":["Deadly Poison","Finisher"],"picked":"Escape Plan","floor":10},{"not_picked":["Poisoned Stab","Dagger Spray"],"picked":"Noxious Fumes","floor":12},{"not_picked":["Slice","Dagger Throw"],"picked":"Dodge and Roll","floor":14},{"not_picked":["Adrenaline","Night Terror"],"picked":"Venomology","floor":16},{"not_picked":["Quick Slash+1","Slice"],"picked":"Caltrops","floor":18},{"not_picked":["Hologram","Outmaneuver"],"picked":"Heatsinks+1","floor":23},{"not_picked":["Heavy Blade","Distraction+1","Acrobatics+1"],"picked":"Leg Sweep+1","floor":29},{"not_picked":["Reckless Charge+1","Quick Slash","Endless Agony+1"],"picked":"Dash+1","floor":30},{"not_picked":["Reaper","Underhanded Strike","Backstab"],"picked":"Shrug It Off+1","floor":31},{"not_picked":["Unload","Doppelganger+1","Doppelganger+1"],"picked":"Bullet Time+1","floor":33},{"not_picked":["Compile Driver+1","Twin Strike","Flash of Steel+1","Flying Knee"],"picked":"SKIP","floor":35},{"not_picked":["Coolheaded+1","Bane+1","Blade Dance+1"],"picked":"Finesse+1","floor":37},{"not_picked":["Rebound+1","Hologram+1","Acrobatics+1"],"picked":"Master of Strategy+1","floor":38},{"not_picked":["Acrobatics+1","Offering+1","Prepared+1","Forethought+1"],"picked":"SKIP","floor":41},{"not_picked":["Twin Strike+1","Dual Wield+1","Hologram+1"],"picked":"Discovery+1","floor":45},{"not_picked":["Infernal Blade+1","Compile Driver","Footwork+1","Heavy Blade+1"],"picked":"SKIP","floor":45},{"not_picked":["Infernal Blade+1","Compile Driver","Heavy Blade+1"],"picked":"Footwork+1","floor":45},{"not_picked":["Clash","Acrobatics+1","Dagger Spray+1"],"picked":"After Image","floor":46},{"not_picked":["Accuracy+1","Sever Soul","Shrug It Off+1"],"picked":"Catalyst+1","floor":47},{"not_picked":["Thunderclap","Trip+1","Static Discharge+1","Acrobatics+1"],"picked":"SKIP","floor":47},{"not_picked":["Go for the Eyes","Power Through+1","Panacea+1"],"picked":"PanicButton+1","floor":48},{"not_picked":["Leap+1","Trip+1","Trip+1","Headbutt+1"],"picked":"SKIP","floor":48}],"player_experience":163492,"relics_obtained":[{"floor":9,"key":"Ginger"},{"floor":23,"key":"Toxic Egg 2"},{"floor":23,"key":"Meat on the Bone"},{"floor":26,"key":"Question Card"},{"floor":30,"key":"Juzu Bracelet"},{"floor":30,"key":"Happy Flower"},{"floor":41,"key":"Prayer Wheel"},{"floor":41,"key":"Calipers"},{"floor":46,"key":"Peace Pipe"}],"event_choices":[{"cards_removed":["Strike_G"],"damage_healed":0,"gold_gain":0,"player_choice":"Card Removal","damage_taken":7,"max_hp_gain":0,"max_hp_loss":0,"event_name":"Golden Wing","floor":4,"gold_loss":0},{"damage_healed":0,"gold_gain":0,"player_choice":"Success","damage_taken":7,"relics_obtained":["Nunchaku"],"max_hp_gain":0,"max_hp_loss":0,"event_name":"Scrap Ooze","floor":7,"gold_loss":0},{"damage_healed":0,"gold_gain":0,"player_choice":"Trade","damage_taken":0,"relics_obtained":["GremlinMask"],"max_hp_gain":0,"max_hp_loss":0,"event_name":"FaceTrader","floor":11,"gold_loss":0},{"damage_healed":0,"gold_gain":175,"player_choice":"AGREE","damage_taken":0,"max_hp_gain":0,"max_hp_loss":0,"event_name":"Liars Game","floor":13,"gold_loss":0,"cards_obtained":["Doubt"]},{"cards_removed":["Doubt"],"damage_healed":0,"gold_gain":0,"player_choice":"Elegance","damage_taken":0,"max_hp_gain":0,"max_hp_loss":0,"event_name":"Back to Basics","floor":19,"gold_loss":0},{"damage_healed":0,"gold_gain":0,"player_choice":"Shed Blood","damage_taken":18,"max_hp_gain":5,"max_hp_loss":0,"event_name":"Forgotten Altar","floor":21,"gold_loss":0},{"damage_healed":0,"gold_gain":0,"player_choice":"Obtained Relic","damage_taken":0,"relics_obtained":["Letter Opener"],"max_hp_gain":0,"max_hp_loss":0,"event_name":"Addict","floor":22,"gold_loss":85},{"damage_healed":0,"gold_gain":0,"player_choice":"Embrace Madness","damage_taken":9,"max_hp_gain":0,"max_hp_loss":0,"event_name":"Winding Halls","floor":36,"gold_loss":0,"cards_obtained":["Madness","Madness"]},{"cards_removed":["Finesse"],"damage_healed":0,"gold_gain":0,"player_choice":"Removed Skill","damage_taken":0,"max_hp_gain":0,"max_hp_loss":0,"event_name":"Falling","floor":39,"gold_loss":0},{"damage_healed":0,"gold_gain":0,"player_choice":"Fight","damage_taken":0,"max_hp_gain":0,"max_hp_loss":0,"event_name":"Mysterious Sphere","floor":46,"gold_loss":0}],"is_beta":true,"boss_relics":[{"not_picked":["Runic Pyramid","Sozu"],"picked":"Black Star"},{"not_picked":["Empty Cage","WristBlade"],"picked":"Astrolabe"}],"items_purged_floors":[20,24],"is_endless":false,"potions_floor_spawned":[2,3,5,12,18,23,31,37,38,45,47,48],"ascension_level":0}