{"gold_per_floor":[118,118,268,292,292,331,356,370,395,395,17,30,81,99,99,194,194,168,368,384,384],"floor_reached":21,"playtime":737,"items_purged":["Doubt"],"score":398,"play_id":"67f03176-8f4c-43b9-8b7c-c3767a1f919c","local_time":"20190306212326","is_ascension_mode":true,"campfire_choices":[{"floor":10.0,"key":"REST"},{"data":"Flame Barrier","floor":15.0,"key":"SMITH"}],"neow_cost":"NONE","seed_source_timestamp":209622157049257,"circlet_count":0,"master_deck":["AscendersBane","Strike_R","Strike_R","Strike_R","Strike_R","Strike_R","Defend_R","Defend_R","Defend_R","Defend_R","Bash","Pummel","Evolve","Rupture","Burning Pact","Flame Barrier+1","True Grit","Inflame","Uppercut","Dual Wield","Reaper","Warcry","Whirlwind"],"special_seed":0,"relics":["Burning Blood","NeowsBlessing","Golden Idol","Strawberry","Ginger","Odd Mushroom","Bag of Marbles","Orichalcum","Runic Pyramid"],"potions_floor_usage":[20,20],"damage_taken":[{"damage":0.0,"enemies":"Jaw Worm","floor":1.0,"turns":1.0},{"damage":0.0,"enemies":"Small Slimes","floor":4.0,"turns":1.0},{"damage":0.0,"enemies":"Lagavulin","floor":6.0,"turns":1.0},{"damage":37.0,"enemies":"The Mushroom Lair","floor":7.0,"turns":5.0},{"damage":6.0,"enemies":"2 Louse","floor":8.0,"turns":3.0},{"damage":6.0,"enemies":"Large Slime","floor":12.0,"turns":8.0},{"damage":3.0,"enemies":"Blue Slaver","floor":14.0,"turns":4.0},{"damage":27.0,"enemies":"Slime Boss","floor":16.0,"turns":11.0},{"damage":22.0,"enemies":"2 Thieves","floor":18.0,"turns":4.0},{"damage":32,"enemies":"Shell Parasite","floor":20,"turns":7},{"damage":48,"enemies":"Snecko","floor":21,"turns":6}],"seed_played":"5238747276908401375","potions_obtained":[{"floor":4.0,"key":"Ancient Potion"},{"floor":6.0,"key":"EssenceOfSteel"},{"floor":8.0,"key":"Strength Potion"},{"floor":16.0,"key":"FearPotion"},{"floor":18.0,"key":"Explosive Potion"},{"floor":20,"key":"SpeedPotion"}],"is_trial":false,"path_per_floor":["M","?","?","M","?","E","?","M","T","R","$","M","?","M","R","B",null,"M","?","M","M"],"character_chosen":"IRONCLAD","items_purchased":["True Grit","Orichalcum","Inflame"],"campfire_rested":1,"item_purchase_floors":[11,11,11],"current_hp_per_floor":[74,48,48,54,50,56,25,25,25,49,49,49,49,52,52,31,69,65,65,39,0],"gold":384,"neow_bonus":"THREE_ENEMY_KILL","is_prod":false,"is_daily":false,"chose_seed":false,"campfire_upgraded":1,"win_rate":0,"timestamp":1551925406,"path_taken":["M","?","?","M","?","E","?","?","T","R","?","M","?","M","R","BOSS","M","?","?","M"],"build_version":"2019-02-06","purchased_purges":1,"victory":false,"max_hp_per_floor":[75,75,75,75,82,82,82,82,82,82,82,82,82,82,82,82,82,82,82,82,82],"card_choices":[{"not_picked":["Clash","Wild Strike"],"picked":"Pummel","floor":1.0},{"not_picked":["Twin Strike","Anger"],"picked":"Evolve","floor":4.0},{"not_picked":["Pommel Strike","Sword Boomerang"],"picked":"Rupture","floor":6.0},{"not_picked":["Dual Wield","Anger"],"picked":"Burning Pact","floor":7.0},{"not_picked":["Combust","Perfected Strike"],"picked":"Flame Barrier","floor":8.0},{"not_picked":["Infernal Blade","Burning Pact"],"picked":"Uppercut","floor":12.0},{"not_picked":["Pummel","Reckless Charge"],"picked":"Dual Wield","floor":14.0},{"not_picked":["Fiend Fire","Double Tap"],"picked":"Reaper","floor":16.0},{"not_picked":["Headbutt","Flex"],"picked":"Warcry","floor":18.0},{"not_picked":["Wild Strike","Anger"],"picked":"Whirlwind","floor":20}],"player_experience":1037841,"relics_obtained":[{"floor":6.0,"key":"Ginger"},{"floor":7.0,"key":"Odd Mushroom"},{"floor":9.0,"key":"Bag of Marbles"}],"event_choices":[{"damage_healed":0.0,"max_hp_gain":0.0,"max_hp_loss":0.0,"gold_gain":0.0,"event_name":"Golden Idol","player_choice":"Take Damage","floor":2.0,"gold_loss":0.0,"damage_taken":26.0,"relics_obtained":["Golden Idol"]},{"damage_healed":0.0,"max_hp_gain":0.0,"max_hp_loss":0.0,"gold_gain":150.0,"event_name":"Liars Game","player_choice":"AGREE","floor":3.0,"gold_loss":0.0,"damage_taken":0.0,"cards_obtained":["Doubt"]},{"damage_healed":0.0,"max_hp_gain":0.0,"max_hp_loss":0.0,"gold_gain":0.0,"event_name":"Scrap Ooze","player_choice":"Success","floor":5.0,"gold_loss":0.0,"damage_taken":11.0,"relics_obtained":["Strawberry"]},{"damage_healed":0.0,"max_hp_gain":0.0,"max_hp_loss":0.0,"gold_gain":0.0,"event_name":"Mushrooms","player_choice":"Fought Mushrooms","floor":7.0,"gold_loss":0.0,"damage_taken":0.0},{"damage_healed":0.0,"max_hp_gain":0.0,"max_hp_loss":0.0,"gold_gain":51.0,"event_name":"Golden Wing","player_choice":"Gained Gold","floor":13.0,"gold_loss":0.0,"damage_taken":0.0},{"damage_healed":0.0,"max_hp_gain":0.0,"max_hp_loss":0.0,"gold_gain":200.0,"event_name":"Wheel of Change","player_choice":"Gold","floor":19.0,"gold_loss":0.0,"damage_taken":0.0}],"is_beta":true,"boss_relics":[{"not_picked":["Snecko Eye","Black Star"],"picked":"Runic Pyramid"}],"items_purged_floors":[11],"is_endless":false,"potions_floor_spawned":[4,6,8,16,18,20],"killed_by":"Snecko","ascension_level":19}