{"gold_per_floor":[119,119,135,97,97,97,107,119,119,119,119,119,137,156,156,257,257,276,276,286,297,297,297,297,297,297,1,13,36,48,60,72,84],"floor_reached":33,"playtime":1955,"items_purged":[],"score":260,"play_id":"593b4901-ff92-4a99-9e9c-067c88ace7f9","local_time":"20181107212857","is_ascension_mode":false,"campfire_choices":[{"data":"Pain","floor":6,"key":"PURGE"},{"data":"Footwork","floor":10,"key":"SMITH"},{"data":"Strike_G","floor":15,"key":"PURGE"},{"data":"Footwork","floor":23,"key":"SMITH"},{"data":"Dodge and Roll","floor":25,"key":"SMITH"},{"data":"Ghostly","floor":28,"key":"SMITH"},{"data":"Noxious Fumes","floor":30,"key":"SMITH"},{"data":"Ghostly","floor":32,"key":"SMITH"}],"neow_cost":"TEN_PERCENT_HP_LOSS","seed_source_timestamp":15452212908482,"circlet_count":0,"master_deck":["Survivor","Neutralize+1","Cloak And Dagger","Accuracy","Footwork+1","Flying Knee","Footwork+1","Outmaneuver","Bouncing Flask","Doppelganger","A Thousand Cuts","Prepared","Escape Plan","Deadly Poison","Noxious Fumes+1","Dagger Spray","Blade Dance","Bane","Skewer","Ghostly+1","Ghostly","Ghostly","Ghostly","Ghostly+1","Deflect","Dodge and Roll+1","Bouncing Flask+1"],"relics":["Ring of the Snake","Peace Pipe","WarpedTongs","Bottled Lightning","Pandora\u0027s Box","Bottled Flame","Omamori","MawBank","Bag of Preparation"],"potions_floor_usage":[29,33,33,33],"damage_taken":[{"damage":5,"enemies":"Jaw Worm","floor":1,"turns":4},{"damage":1,"enemies":"Small Slimes","floor":3,"turns":4},{"damage":0,"enemies":"Cultist","floor":7,"turns":4},{"damage":5,"enemies":"Looter","floor":8,"turns":4},{"damage":0,"enemies":"Exordium Thugs","floor":13,"turns":6},{"damage":0,"enemies":"Blue Slaver","floor":14,"turns":5},{"damage":16,"enemies":"Slime Boss","floor":16,"turns":14},{"damage":13,"enemies":"Spheric Guardian","floor":18,"turns":5},{"damage":2,"enemies":"Chosen","floor":20,"turns":6},{"damage":3,"enemies":"Shelled Parasite and Fungi","floor":21,"turns":6},{"damage":8,"enemies":"Snake Plant","floor":29,"turns":4},{"damage":20,"enemies":"Collector","floor":33,"turns":3}],"seed_played":"-2694879224881110189","potions_obtained":[{"floor":14,"key":"FearPotion"},{"floor":16,"key":"SteroidPotion"},{"floor":21,"key":"FearPotion"},{"floor":29,"key":"SpeedPotion"}],"is_trial":false,"path_per_floor":["M","?","M","$","?","R","M","M","T","R","?","$","M","M","R","B",null,"M","?","M","M","?","R","?","R","T","$","R","M","R","?","R","B"],"character_chosen":"THE_SILENT","items_purchased":["Footwork","Omamori","MawBank"],"campfire_rested":0,"item_purchase_floors":[4,27,27],"current_hp_per_floor":[58,45,44,44,44,44,44,39,39,39,39,39,39,39,39,23,63,50,31,29,26,26,26,26,26,26,26,26,18,18,18,18,0],"gold":84,"neow_bonus":"ONE_RARE_RELIC","is_prod":false,"is_daily":false,"chose_seed":false,"campfire_upgraded":6,"win_rate":0,"timestamp":1541644137,"path_taken":["M","?","M","?","?","R","?","M","T","R","?","?","M","M","R","BOSS","M","?","M","M","?","R","?","R","T","$","R","M","R","?","R","BOSS"],"build_version":"2018-11-06","purchased_purges":0,"victory":false,"max_hp_per_floor":[63,63,63,63,63,63,63,63,63,63,63,63,63,63,63,63,63,63,31,31,31,31,31,31,31,31,31,31,31,31,31,31,31],"card_choices":[{"not_picked":["PiercingWail","Dodge and Roll"],"picked":"Cloak And Dagger","floor":1},{"not_picked":["Bane","Prepared"],"picked":"Accuracy","floor":3},{"not_picked":["Dagger Spray","Dagger Throw"],"picked":"Flying Knee","floor":7},{"not_picked":["Noxious Fumes","Deflect"],"picked":"Footwork","floor":8},{"not_picked":["Finisher","Deflect"],"picked":"Bouncing Flask","floor":13},{"not_picked":["Dodge and Roll","Underhanded Strike"],"picked":"Doppelganger","floor":14},{"not_picked":["Unload","Wraith Form v2"],"picked":"A Thousand Cuts","floor":16},{"not_picked":["Heel Hook","Dagger Throw"],"picked":"Skewer","floor":18},{"not_picked":["Underhanded Strike+1","Bane"],"picked":"Deflect","floor":20},{"not_picked":["Slice","Reflex"],"picked":"Dodge and Roll","floor":21},{"not_picked":["Underhanded Strike","Flying Knee+1"],"picked":"Bouncing Flask+1","floor":29}],"player_experience":198019,"relics_obtained":[{"floor":9,"key":"Bottled Lightning"},{"floor":26,"key":"Bottled Flame"}],"event_choices":[{"damage_healed":0,"gold_gain":0,"player_choice":"Entered Light","damage_taken":13,"max_hp_gain":0,"max_hp_loss":0,"event_name":"Shining Light","floor":2,"gold_loss":0,"cards_upgraded":["Defend_G","Neutralize"]},{"damage_healed":0,"gold_gain":0,"player_choice":"Rummage","damage_taken":0,"relics_obtained":["WarpedTongs"],"max_hp_gain":0,"max_hp_loss":0,"event_name":"Accursed Blacksmith","floor":5,"gold_loss":0,"cards_obtained":["Pain"]},{"damage_healed":0,"gold_gain":0,"cards_transformed":["Strike_G"],"player_choice":"Change","damage_taken":0,"max_hp_gain":0,"max_hp_loss":0,"event_name":"Living Wall","floor":11,"gold_loss":0,"cards_obtained":["Outmaneuver"]},{"damage_healed":0,"gold_gain":0,"player_choice":"Became a Ghost","damage_taken":0,"max_hp_gain":0,"max_hp_loss":32,"event_name":"Ghosts","floor":19,"gold_loss":0,"cards_obtained":["Ghostly","Ghostly","Ghostly","Ghostly","Ghostly"]},{"damage_healed":0,"gold_gain":0,"player_choice":"Ignored","damage_taken":0,"max_hp_gain":0,"max_hp_loss":0,"event_name":"Cursed Tome","floor":22,"gold_loss":0},{"cards_removed":["Eviscerate"],"damage_healed":0,"gold_gain":0,"player_choice":"Elegance","damage_taken":0,"max_hp_gain":0,"max_hp_loss":0,"event_name":"Back to Basics","floor":24,"gold_loss":0},{"damage_healed":0,"gold_gain":0,"player_choice":"Stole Relic","damage_taken":0,"relics_obtained":["Bag of Preparation"],"max_hp_gain":0,"max_hp_loss":0,"event_name":"Addict","floor":31,"gold_loss":0,"cards_obtained":["Shame"]}],"is_beta":true,"boss_relics":[{"not_picked":["Runic Dome","Calling Bell"],"picked":"Pandora\u0027s Box"}],"items_purged_floors":[],"is_endless":false,"potions_floor_spawned":[14,16,21,29],"killed_by":"Collector","ascension_level":0}