{"path_per_floor":["M","?","$","?","$","E","M","?","T","?","M","M","R","M","R","B",null,"M","$","M","M","M","R"],"character_chosen":"IRONCLAD","items_purchased":["Ice Cream","Iron Wave","Pantograph","Paper Frog"],"gold_per_floor":[218,468,99,99,74,115,133,164,164,339,358,379,379,400,400,526,526,520,22,46,59,78,78],"floor_reached":24,"campfire_rested":0,"playtime":1818,"current_hp_per_floor":[79,79,79,59,59,54,59,33,33,33,42,50,50,59,59,22,99,97,97,75,83,46,46],"items_purged":["Regret"],"gold":78,"score":233,"play_id":"1eafc283-61f7-47c0-9d0b-5806bc27d84a","is_prod":false,"is_daily":false,"is_ascension_mode":true,"campfire_upgraded":3,"path_taken":["M","?","$","?","?","E","?","?","T","?","?","M","R","M","R","BOSS","M","?","?","M","M","R","E"],"build_version":"2018-02-12-PROD1","purchased_purges":1,"victory":false,"master_deck":["Strike_R","Strike_R","Strike_R","Strike_R","Strike_R","Defend_R","Defend_R","Defend_R","Defend_R","Bash","Metallicize+1","Iron Wave","Feed+1","Fire Breathing","Power Through","Doubt","Anger","Juggernaut","Demon Form","Iron Wave+1","Pommel Strike","Armaments+1"],"max_hp_per_floor":[80,80,80,80,80,80,83,86,86,86,89,92,92,95,95,99,99,103,103,103,107,107,107],"relics":["Burning Blood","Ice Cream","Golden Idol","Gambling Chip","Odd Mushroom","Pen Nib","Black Star","Pantograph","Paper Frog"],"card_choices":[{"not_picked":["Whirlwind","Dark Embrace"],"picked":"Metallicize"},{"not_picked":["Warcry","Corruption"],"picked":"Feed"},{"not_picked":["Infernal Blade","Perfected Strike"],"picked":"Fire Breathing"},{"not_picked":["True Grit","Wild Strike"],"picked":"Power Through"},{"not_picked":["Havoc","Headbutt"],"picked":"Anger"},{"not_picked":["Clothesline","Wild Strike"],"picked":"Juggernaut"},{"not_picked":["Barricade","Double Tap"],"picked":"Demon Form"},{"not_picked":["Twin Strike","Thunderclap"],"picked":"Iron Wave"},{"not_picked":["Heavy Blade","Havoc"],"picked":"Pommel Strike"},{"not_picked":["Intimidate","Warcry"],"picked":"Armaments"}],"player_experience":141083,"potions_floor_usage":[16,16,24,24],"damage_taken":[{"damage":7,"enemies":"Small Slimes","floor":1,"turns":4},{"damage":11,"enemies":"3 Sentries","floor":6,"turns":10},{"damage":4,"enemies":"Blue Slaver","floor":7,"turns":6},{"damage":35,"enemies":"The Mushroom Lair","floor":8,"turns":6},{"damage":0,"enemies":"2 Louse","floor":11,"turns":5},{"damage":1,"enemies":"2 Fungi Beasts","floor":12,"turns":3},{"damage":0,"enemies":"Exordium Wildlife","floor":14,"turns":4},{"damage":47,"enemies":"Slime Boss","floor":16,"turns":11},{"damage":12,"enemies":"2 Thieves","floor":18,"turns":4},{"damage":28,"enemies":"Shell Parasite","floor":20,"turns":7},{"damage":2,"enemies":"Chosen and Byrds","floor":21,"turns":8},{"damage":43,"enemies":"Snake Plant","floor":22,"turns":7},{"damage":49,"enemies":"Book of Stabbing","floor":24,"turns":6}],"event_choices":[{"event_name":"Golden Shrine","player_choice":"Desecrate","floor":2,"damage_taken":0},{"event_name":"Golden Idol","player_choice":"Take Damage","floor":4,"damage_taken":0},{"event_name":"Mushrooms","player_choice":"Fought Mushrooms","floor":8,"damage_taken":0},{"event_name":"Liars Game","player_choice":"agreed","floor":10,"damage_taken":0}],"boss_relics":[{"not_picked":["Velvet Choker","Ectoplasm"],"picked":"Black Star"}],"potions_floor_spawned":[1,12,16,18,22],"seed_played":"3899993066526771339","killed_by":"Book of Stabbing","ascension_level":1,"is_trial":false}