{"gold_per_floor":[114,114,114,114,129,129,144,144,144,159,174,189,45,60,60,160,160,175,175,175,190,205,220,220,220,245,260,67,82,82,0,0,100,100,115,115,115,91,106,106,16,31,31,46,61,76,76,91,91,91],"floor_reached":50,"playtime":3743,"items_purged":["Strike_G","Survivor"],"score":465,"play_id":"cf1c54d7-77bf-4bf9-b493-e7e745db6de2","local_time":"20190708201324","daily_mods":["Specialized","Red Cards","Lethality"],"is_ascension_mode":false,"campfire_choices":[{"floor":6.0,"key":"REST"},{"data":"Inflame","floor":8,"key":"SMITH"},{"data":"Cloak And Dagger","floor":15,"key":"SMITH"},{"floor":24,"key":"REST"},{"data":"Iron Wave","floor":30,"key":"SMITH"},{"floor":32,"key":"REST"},{"data":"Escape Plan","floor":40,"key":"SMITH"},{"floor":47,"key":"REST"},{"floor":49,"key":"REST"}],"neow_cost":"","seed_source_timestamp":0,"circlet_count":0,"master_deck":["Strike_G+1","Strike_G+1","Strike_G+1","Defend_G+1","Defend_G+1","Defend_G+1","Defend_G+1","Defend_G+1","Neutralize","Double Tap","Double Tap","Double Tap+1","Double Tap","Double Tap","Inflame+1","Inflame+1","Thunderclap","Cloak And Dagger+1","Pummel","Bullet Time","Offering","Backflip","Iron Wave+1","Iron Wave+1","Bandage Up","Leg Sweep","Heavy Blade+1","Escape Plan+1","Warcry+1","Ghostly Armor","Shrug It Off+1"],"special_seed":18086,"relics":["Ring of the Serpent","The Specimen","Sozu","Vajra","Letter Opener"],"potions_floor_usage":[48,48,50],"damage_taken":[{"damage":12.0,"enemies":"Jaw Worm","floor":1.0,"turns":6.0},{"damage":10.0,"enemies":"2 Louse","floor":5.0,"turns":3.0},{"damage":1,"enemies":"Cultist","floor":7,"turns":3},{"damage":0,"enemies":"Looter","floor":10,"turns":2},{"damage":3,"enemies":"Large Slime","floor":11,"turns":6},{"damage":9,"enemies":"Exordium Thugs","floor":12,"turns":3},{"damage":0,"enemies":"2 Fungi Beasts","floor":14,"turns":2},{"damage":24,"enemies":"Slime Boss","floor":16,"turns":7},{"damage":11,"enemies":"Chosen","floor":18,"turns":3},{"damage":21,"enemies":"2 Thieves","floor":21,"turns":3},{"damage":11,"enemies":"3 Cultists","floor":22,"turns":3},{"damage":11,"enemies":"Snake Plant","floor":23,"turns":2},{"damage":3,"enemies":"Centurion and Healer","floor":27,"turns":3},{"damage":4,"enemies":"Snecko","floor":29,"turns":3},{"damage":58,"enemies":"Collector","floor":33,"turns":7},{"damage":12,"enemies":"3 Darklings","floor":35,"turns":3},{"damage":15,"enemies":"3 Shapes","floor":39,"turns":3},{"damage":19,"enemies":"Transient","floor":42,"turns":5},{"damage":11,"enemies":"4 Shapes","floor":44,"turns":4},{"damage":20,"enemies":"3 Darklings","floor":45,"turns":3},{"damage":12,"enemies":"Jaw Worm Horde","floor":46,"turns":3},{"damage":22,"enemies":"Spire Growth","floor":48,"turns":4},{"damage":46,"enemies":"Time Eater","floor":50,"turns":8}],"seed_played":"2934690668443707342","potions_obtained":[{"floor":7,"key":"FearPotion"},{"floor":10,"key":"PowerPotion"},{"floor":16,"key":"SteroidPotion"}],"is_trial":false,"path_per_floor":["M","?","?","?","M","R","M","R","T","M","M","M","$","M","R","B",null,"M","?","?","M","M","M","R","?","T","M","$","M","R","?","R","B",null,"M","$","?","$","M","R","?","M","T","M","M","M","R","M","R","B"],"character_chosen":"THE_SILENT","items_purchased":["Bullet Time","Bandage Up","Heavy Blade"],"campfire_rested":5,"item_purchase_floors":[13,28,38],"current_hp_per_floor":[58,44,49,49,39,61,60,60,60,60,57,48,48,48,48,24,75,64,64,64,43,32,21,43,43,43,40,40,40,40,40,62,8,75,63,63,63,63,52,52,52,37,37,30,14,2,24,6,28,0],"gold":91,"neow_bonus":"","is_prod":false,"is_daily":true,"chose_seed":false,"campfire_upgraded":4,"win_rate":0,"timestamp":1562642004,"path_taken":["M","?","?","?","M","R","M","R","T","M","M","?","$","M","R","BOSS","M","?","?","M","M","M","R","?","T","M","$","M","R","?","R","BOSS","M","$","?","?","M","R","?","M","T","M","M","M","R","M","R","BOSS"],"build_version":"2019-07-05","purchased_purges":2,"victory":false,"max_hp_per_floor":[70,70,75,75,75,75,75,75,75,75,75,75,75,75,75,75,75,75,75,75,75,75,75,75,75,75,75,75,75,75,75,75,75,75,75,75,75,75,75,75,75,75,75,75,75,75,75,75,75,75],"card_choices":[{"not_picked":["Anger","Bouncing Flask"],"picked":"Inflame","floor":1.0},{"not_picked":["Wild Strike","Dagger Throw"],"picked":"Inflame","floor":5.0},{"not_picked":["Disarm","PiercingWail"],"picked":"Thunderclap","floor":7},{"not_picked":["Backflip","Clothesline","Sword Boomerang"],"picked":"SKIP","floor":10},{"not_picked":["Flex","Dagger Throw"],"picked":"Cloak And Dagger","floor":11},{"not_picked":["Rampage","Sever Soul"],"picked":"Pummel","floor":12},{"not_picked":["Underhanded Strike","Quick Slash","Spot Weakness"],"picked":"SKIP","floor":14},{"not_picked":["Phantasmal Killer","Dark Embrace"],"picked":"Offering","floor":16},{"not_picked":["Poisoned Stab","Predator","Anger"],"picked":"SKIP","floor":18},{"not_picked":["Clothesline","Sentinel"],"picked":"Backflip","floor":21},{"not_picked":["Masterful Stab","Spot Weakness+1"],"picked":"Iron Wave+1","floor":22},{"not_picked":["Pummel+1","Crippling Poison","Tactician+1"],"picked":"SKIP","floor":23},{"not_picked":["Dagger Throw","Dash"],"picked":"Iron Wave","floor":27},{"not_picked":["Footwork+1","Feel No Pain+1","Dagger Spray+1"],"picked":"SKIP","floor":29},{"not_picked":["Hemokinesis+1","Cloak And Dagger"],"picked":"Leg Sweep","floor":35},{"not_picked":["Wild Strike","Rupture+1"],"picked":"Escape Plan","floor":39},{"not_picked":["Bane+1","Sucker Punch+1","Bouncing Flask+1"],"picked":"SKIP","floor":42},{"not_picked":["Blood for Blood","Quick Slash+1"],"picked":"Warcry+1","floor":44},{"not_picked":["Well Laid Plans+1","Expertise+1","Catalyst"],"picked":"SKIP","floor":45},{"not_picked":["Quick Slash","Deflect"],"picked":"Ghostly Armor","floor":46},{"not_picked":["Body Slam+1","Wild Strike+1"],"picked":"Shrug It Off+1","floor":48}],"player_experience":104192,"relics_obtained":[{"floor":9,"key":"The Specimen"},{"floor":26,"key":"Vajra"},{"floor":43,"key":"Letter Opener"}],"event_choices":[{"damage_healed":0.0,"max_hp_gain":0.0,"max_hp_loss":0.0,"gold_gain":0.0,"event_name":"Shining Light","player_choice":"Entered Light","floor":2.0,"gold_loss":0.0,"damage_taken":14.0,"cards_upgraded":["Defend_G","Double Tap"]},{"damage_healed":0.0,"max_hp_gain":5.0,"max_hp_loss":0.0,"gold_gain":0.0,"event_name":"Big Fish","player_choice":"Donut","floor":3.0,"gold_loss":0.0,"damage_taken":0.0},{"damage_healed":0.0,"max_hp_gain":0.0,"max_hp_loss":0.0,"gold_gain":0.0,"event_name":"Accursed Blacksmith","player_choice":"Forge","floor":4.0,"gold_loss":0.0,"damage_taken":0.0,"cards_upgraded":["Inflame"]},{"damage_healed":0,"gold_gain":0,"player_choice":"Ignored","damage_taken":0,"max_hp_gain":0,"max_hp_loss":0,"event_name":"Cursed Tome","floor":19,"gold_loss":0},{"damage_healed":0,"gold_gain":0,"player_choice":"Ignored","damage_taken":0,"max_hp_gain":0,"max_hp_loss":0,"event_name":"The Mausoleum","floor":20,"gold_loss":0},{"damage_healed":0,"gold_gain":0,"player_choice":"Simplicity","damage_taken":0,"max_hp_gain":0,"max_hp_loss":0,"event_name":"Back to Basics","floor":25,"gold_loss":0,"cards_upgraded":["Strike_G","Strike_G","Strike_G","Strike_G","Defend_G","Defend_G","Defend_G","Defend_G"]},{"damage_healed":0,"gold_gain":0,"player_choice":"Paid Fearfully","damage_taken":0,"max_hp_gain":0,"max_hp_loss":0,"event_name":"Masked Bandits","floor":31,"gold_loss":82},{"damage_healed":0,"gold_gain":0,"player_choice":"Ignored","damage_taken":0,"max_hp_gain":0,"max_hp_loss":0,"event_name":"SecretPortal","floor":37,"gold_loss":0},{"cards_removed":["Strike_G"],"damage_healed":0,"gold_gain":0,"player_choice":"Upgrade and Remove","damage_taken":0,"max_hp_gain":0,"max_hp_loss":0,"event_name":"Designer","floor":41,"gold_loss":90,"cards_upgraded":["Heavy Blade"]}],"is_beta":false,"boss_relics":[{"not_picked":["Cursed Key","Lizard Tail"],"picked":"Sozu"},{"not_picked":["WristBlade","Runic Pyramid"],"picked":"Ring of the Serpent"}],"items_purged_floors":[13,28],"is_endless":false,"potions_floor_spawned":[7,10,16,22,29,33,35,44,46,48],"killed_by":"Time Eater","ascension_level":0}