{"gold_per_floor":[116,116,116,116,134,134,134,154,154,197,221,186,210,39,39,133,133,152,152,165,165,180,180,20,20,20,55,55,55,105,1,1,79,79,94,106,126,126,139,139,159,172,199,211],"floor_reached":44,"playtime":3572,"items_purged":[],"score":835,"play_id":"db8264a6-8ffe-43d9-a321-622a70e20c63","local_time":"20190214095343","is_ascension_mode":true,"campfire_choices":[{"data":"Go for the Eyes","floor":6.0,"key":"SMITH"},{"data":"Lockon","floor":15.0,"key":"SMITH"},{"floor":23.0,"key":"REST"},{"data":"Sunder","floor":25.0,"key":"SMITH"},{"floor":29.0,"key":"REST"},{"data":"Stack","floor":32.0,"key":"SMITH"},{"data":"Go for the Eyes","floor":40.0,"key":"SMITH"}],"neow_cost":"TEN_PERCENT_HP_LOSS","seed_source_timestamp":44106780055349,"circlet_count":0,"master_deck":["AscendersBane","Strike_B+1","Strike_B+1","Strike_B+1","Defend_B+1","Defend_B+1","Defend_B+1","Defend_B+1","Zap","Dualcast","Leap","Go for the Eyes+1","Stack+1","Injury","Recycle","Sunder+1","Stack","Lockon+1","Electrodynamics","Capacitor+1","Heatsinks","Genetic Algorithm+1","Redo+1","Conserve Battery","Core Surge","Glacier","Go for the Eyes+1","Heatsinks","Mayhem","FTL","Scrape+1","Undo"],"special_seed":0,"relics":["FrozenCore","Incense Burner","Bloody Idol","Kunai","Omamori","DataDisk","Eternal Feather","Ancient Tea Set","Vajra","Blood Vial","MawBank"],"potions_floor_usage":[44],"damage_taken":[{"damage":7.0,"enemies":"Jaw Worm","floor":1.0,"turns":3.0},{"damage":0.0,"enemies":"2 Louse","floor":5.0,"turns":3.0},{"damage":4.0,"enemies":"Small Slimes","floor":8.0,"turns":4.0},{"damage":26.0,"enemies":"Lagavulin","floor":10.0,"turns":9.0},{"damage":0.0,"enemies":"Exordium Wildlife","floor":11.0,"turns":3.0},{"damage":0.0,"enemies":"2 Fungi Beasts","floor":13.0,"turns":4.0},{"damage":13.0,"enemies":"Hexaghost","floor":16.0,"turns":7.0},{"damage":9.0,"enemies":"Spheric Guardian","floor":18.0,"turns":6.0},{"damage":25.0,"enemies":"2 Thieves","floor":20.0,"turns":3.0},{"damage":35.0,"enemies":"Cultist and Chosen","floor":22.0,"turns":7.0},{"damage":40.0,"enemies":"Book of Stabbing","floor":27.0,"turns":5.0},{"damage":47.0,"enemies":"Automaton","floor":33.0,"turns":11.0},{"damage":17.0,"enemies":"3 Darklings","floor":35.0,"turns":8.0},{"damage":10.0,"enemies":"3 Shapes","floor":36.0,"turns":10.0},{"damage":9.0,"enemies":"Spire Growth","floor":37.0,"turns":16.0},{"damage":0.0,"enemies":"4 Shapes","floor":39.0,"turns":5.0},{"damage":3.0,"enemies":"Sphere and 2 Shapes","floor":41.0,"turns":12.0},{"damage":44.0,"enemies":"Transient","floor":42.0,"turns":6.0},{"damage":44,"enemies":"3 Darklings","floor":44,"turns":7}],"seed_played":"-8520472676743667568","potions_obtained":[{"floor":8.0,"key":"FairyPotion"},{"floor":10.0,"key":"PowerPotion"},{"floor":16.0,"key":"Fire Potion"},{"floor":20.0,"key":"SteroidPotion"},{"floor":27.0,"key":"GamblersBrew"},{"floor":35.0,"key":"SpeedPotion"},{"floor":39.0,"key":"Block Potion"}],"is_trial":false,"path_per_floor":["M","?","?","?","M","R","?","M","T","E","M","?","M","$","R","B",null,"M","?","M","?","M","R","$","R","T","E","?","R","?","$","R","B",null,"M","M","M","?","M","R","M","M","T","M"],"character_chosen":"DEFECT","items_purchased":["DataDisk","Ancient Tea Set","Conserve Battery","PowerPotion"],"campfire_rested":2,"item_purchase_floors":[14,24,31,31],"current_hp_per_floor":[57,38,38,38,38,38,38,34,34,8,8,24,24,24,24,11,51,42,42,17,17,6,37,37,49,49,9,9,40,39,39,51,11,51,41,38,36,36,43,61,64,25,30,0],"gold":211,"neow_bonus":"ONE_RARE_RELIC","is_prod":false,"is_daily":false,"chose_seed":false,"campfire_upgraded":5,"win_rate":0,"timestamp":1550156023,"path_taken":["M","?","?","?","?","R","?","M","T","E","M","?","M","?","R","BOSS","M","?","M","?","M","R","$","R","T","E","?","R","?","$","R","BOSS","M","M","?","?","M","R","M","M","T","M"],"build_version":"2019-02-06","purchased_purges":0,"victory":false,"max_hp_per_floor":[64,64,64,64,64,64,64,64,64,64,64,64,64,64,64,64,64,64,64,64,64,64,64,64,64,64,64,64,64,64,64,64,64,64,64,64,64,64,64,64,64,64,64,64],"card_choices":[{"not_picked":["Rebound","Skim"],"picked":"Leap","floor":1.0},{"not_picked":["Gash","Tempest"],"picked":"Stack","floor":5.0},{"not_picked":["Double Energy","Gash"],"picked":"Recycle","floor":8.0},{"not_picked":["Leap","Heatsinks"],"picked":"Sunder","floor":10.0},{"not_picked":["Leap","Turbo"],"picked":"Stack","floor":11.0},{"not_picked":["Skim","Barrage"],"picked":"Lockon","floor":13.0},{"not_picked":["Buffer","Reboot"],"picked":"Electrodynamics","floor":16.0},{"not_picked":["Rebound","Turbo"],"picked":"Capacitor+1","floor":18.0},{"not_picked":["Rebound","Sweeping Beam"],"picked":"Heatsinks","floor":20.0},{"not_picked":["Gash","Fusion"],"picked":"Genetic Algorithm+1","floor":22.0},{"not_picked":["Sweeping Beam","Leap"],"picked":"Redo+1","floor":27.0},{"not_picked":["Amplify","All For One"],"picked":"Core Surge","floor":33.0},{"not_picked":["Consume+1","Redo"],"picked":"Glacier","floor":35.0},{"not_picked":["Sweeping Beam","Self Repair"],"picked":"Go for the Eyes","floor":36.0},{"not_picked":["Streamline","Consume"],"picked":"Heatsinks","floor":37.0},{"not_picked":["Impatience","Madness"],"picked":"Mayhem","floor":38.0},{"not_picked":["Heatsinks+1","Leap"],"picked":"FTL","floor":39.0},{"not_picked":["Conserve Battery","Auto Shields"],"picked":"Scrape+1","floor":41.0},{"not_picked":["Auto Shields","Beam Cell"],"picked":"Undo","floor":42.0}],"player_experience":961915,"relics_obtained":[{"floor":9.0,"key":"Kunai"},{"floor":10.0,"key":"Omamori"},{"floor":26.0,"key":"Vajra"},{"floor":27.0,"key":"Blood Vial"},{"floor":43.0,"key":"MawBank"}],"event_choices":[{"damage_healed":0.0,"max_hp_gain":0.0,"max_hp_loss":0.0,"gold_gain":0.0,"event_name":"Shining Light","player_choice":"Entered Light","floor":2.0,"gold_loss":0.0,"damage_taken":19.0,"cards_upgraded":["Strike_B","Defend_B"]},{"damage_healed":0.0,"max_hp_gain":0.0,"max_hp_loss":0.0,"gold_gain":0.0,"event_name":"Golden Wing","player_choice":"Ignored","floor":3.0,"gold_loss":0.0,"damage_taken":0.0},{"damage_healed":0.0,"max_hp_gain":0.0,"max_hp_loss":0.0,"gold_gain":0.0,"cards_transformed":["Strike_B"],"event_name":"Living Wall","player_choice":"Change","floor":4.0,"gold_loss":0.0,"damage_taken":0.0,"cards_obtained":["Go for the Eyes"]},{"damage_healed":0.0,"max_hp_gain":0.0,"max_hp_loss":0.0,"gold_gain":0.0,"event_name":"Golden Idol","player_choice":"Take Wound","floor":7.0,"gold_loss":0.0,"damage_taken":0.0,"relics_obtained":["Golden Idol"],"cards_obtained":["Injury"]},{"damage_healed":16.0,"max_hp_gain":0.0,"max_hp_loss":0.0,"gold_gain":0.0,"event_name":"The Cleric","player_choice":"Healed","floor":12.0,"gold_loss":35.0,"damage_taken":0.0},{"damage_healed":0.0,"max_hp_gain":0.0,"max_hp_loss":0.0,"gold_gain":0.0,"event_name":"Back to Basics","player_choice":"Simplicity","floor":19.0,"gold_loss":0.0,"damage_taken":0.0,"cards_upgraded":["Strike_B","Strike_B","Defend_B","Defend_B","Defend_B"]},{"damage_healed":0.0,"max_hp_gain":0.0,"max_hp_loss":0.0,"gold_gain":0.0,"event_name":"Beggar","player_choice":"Ignored","floor":21.0,"gold_loss":0.0,"damage_taken":0.0},{"damage_healed":0.0,"max_hp_gain":0.0,"max_hp_loss":0.0,"gold_gain":0.0,"event_name":"Forgotten Altar","player_choice":"Gave Idol","floor":28.0,"relics_lost":["Golden Idol"],"gold_loss":0.0,"damage_taken":0.0,"relics_obtained":["Bloody Idol"]},{"damage_healed":0.0,"max_hp_gain":0.0,"max_hp_loss":0.0,"gold_gain":50.0,"event_name":"FaceTrader","player_choice":"Touch","floor":30.0,"gold_loss":0.0,"damage_taken":6.0},{"damage_healed":0.0,"max_hp_gain":0.0,"max_hp_loss":0.0,"gold_gain":0.0,"event_name":"SensoryStone","player_choice":"Memory 1","floor":38.0,"gold_loss":0.0,"damage_taken":0.0}],"is_beta":true,"boss_relics":[{"not_picked":["Orrery","Runic Dome"],"picked":"Eternal Feather"},{"not_picked":["Black Star","Cursed Key"],"picked":"FrozenCore"}],"items_purged_floors":[],"is_endless":false,"potions_floor_spawned":[8,10,11,16,20,27,35,39,41],"killed_by":"3 Darklings","ascension_level":19}