{"gold_per_floor":[109,119,119,119,119,119,139,157,180,200,277,12,12,31,31,155,155,174,174,188,41,59,59,6,30,76,95,95,95,95,120,120,240,240,259,283,283,296,296,296,421,421,421,29,49,49,68,81,81,81],"floor_reached":51,"playtime":3162,"items_purged":["Strike_B","Strike_B"],"score":666,"play_id":"a18e5045-9ffc-4318-99eb-e47ed87d171a","local_time":"20181108082211","is_ascension_mode":false,"campfire_choices":[{"data":"Sunder","floor":6,"key":"SMITH"},{"floor":13,"key":"REST"},{"data":"Defragment","floor":15,"key":"SMITH"},{"data":"Loop","floor":23,"key":"SMITH"},{"floor":30,"key":"REST"},{"data":"Conserve Battery","floor":32,"key":"SMITH"},{"floor":40,"key":"REST"},{"floor":46,"key":"REST"},{"floor":49,"key":"REST"}],"neow_cost":"NONE","seed_source_timestamp":53425895820505,"circlet_count":0,"master_deck":["Strike_B","Defend_B","Defend_B","Defend_B+1","Defend_B","Zap","Leap+1","Sunder+1","Defragment+1","Loop+1","Core Surge","Glacier","Go for the Eyes","Conserve Battery+1","Loop+1","Chill","White Noise","Madness","Madness","Capacitor","Chaos+1","Leap+1","Glacier+1"],"relics":["Cracked Core","Golden Idol","Mercury Hourglass","Dream Catcher","TheAbacus","Lizard Tail","DataDisk","Calipers","PreservedInsect","Empty Cage","Thread and Needle","Gremlin Horn","OrangePellets"],"potions_floor_usage":[10,20,27,27,35,41,47,50,50],"damage_taken":[{"damage":0,"enemies":"Cultist","floor":1,"turns":4},{"damage":0,"enemies":"Jaw Worm","floor":2,"turns":3},{"damage":0,"enemies":"2 Louse","floor":7,"turns":2},{"damage":6,"enemies":"Exordium Thugs","floor":8,"turns":5},{"damage":1,"enemies":"Large Slime","floor":10,"turns":4},{"damage":13,"enemies":"Red Slaver","floor":14,"turns":3},{"damage":15,"enemies":"Slime Boss","floor":16,"turns":8},{"damage":0,"enemies":"Chosen","floor":18,"turns":4},{"damage":6,"enemies":"Spheric Guardian","floor":20,"turns":5},{"damage":5,"enemies":"Cultist and Chosen","floor":22,"turns":6},{"damage":10,"enemies":"Chosen and Byrds","floor":25,"turns":6},{"damage":3,"enemies":"Snake Plant","floor":27,"turns":4},{"damage":0,"enemies":"Sentry and Sphere","floor":31,"turns":6},{"damage":5,"enemies":"Collector","floor":33,"turns":15},{"damage":9,"enemies":"Orb Walker","floor":35,"turns":4},{"damage":2,"enemies":"3 Darklings","floor":36,"turns":11},{"damage":49,"enemies":"Writhing Mass","floor":38,"turns":6},{"damage":8,"enemies":"Mind Bloom Boss Battle","floor":41,"turns":5},{"damage":0,"enemies":"Spire Growth","floor":45,"turns":6},{"damage":13,"enemies":"Jaw Worm Horde","floor":47,"turns":7},{"damage":0,"enemies":"Writhing Mass","floor":48,"turns":8},{"damage":28,"enemies":"Time Eater","floor":50,"turns":18}],"seed_played":"-2312888074325004115","potions_obtained":[{"floor":2,"key":"Fire Potion"},{"floor":10,"key":"Swift Potion"},{"floor":14,"key":"Weak Potion"},{"floor":18,"key":"SkillPotion"},{"floor":25,"key":"Block Potion"},{"floor":27,"key":"Block Potion"},{"floor":41,"key":"FearPotion"},{"floor":45,"key":"AttackPotion"},{"floor":47,"key":"GamblersBrew"},{"floor":48,"key":"Regen Potion"}],"is_trial":false,"path_per_floor":["M","M","?","T","?","R","M","M","T","M","?","$","R","M","R","B",null,"M","?","M","$","M","R","?","M","T","M","$","?","R","M","R","B",null,"M","M","?","M","?","R","?","?","T","$","M","R","M","M","R","B",null],"character_chosen":"DEFECT","items_purchased":["TheAbacus","DataDisk","Capacitor","Block Potion","OrangePellets"],"campfire_rested":5,"item_purchase_floors":[12,21,44,44,44],"current_hp_per_floor":[82,82,62,62,46,46,46,40,40,39,39,39,63,50,50,35,82,82,82,76,76,71,71,71,61,61,58,58,58,82,82,82,77,82,73,71,71,22,12,36,28,28,28,28,28,52,39,39,63,50],"gold":81,"neow_bonus":"TEN_PERCENT_HP_BONUS","is_prod":false,"is_daily":false,"chose_seed":false,"campfire_upgraded":4,"win_rate":0,"timestamp":1541683331,"path_taken":["M","M","?","?","?","R","M","M","T","?","?","?","R","M","R","BOSS","M","?","M","$","M","R","?","?","T","?","$","?","R","M","R","BOSS","M","M","?","?","?","R","?","?","T","$","M","R","?","M","R","BOSS"],"build_version":"2018-11-07","purchased_purges":2,"victory":true,"max_hp_per_floor":[82,82,82,82,82,82,82,82,82,82,82,82,82,82,82,82,82,82,82,82,82,82,82,82,82,82,82,82,82,82,82,82,82,82,82,82,82,82,82,82,82,82,82,82,82,82,82,82,82,82],"card_choices":[{"not_picked":["Barrage","Steam"],"picked":"Leap","floor":1},{"not_picked":["Rebound","Steam"],"picked":"Sunder","floor":2},{"not_picked":["Stack","Compile Driver","Heatsinks"],"picked":"SKIP","floor":7},{"not_picked":["Buffer","Go for the Eyes"],"picked":"Defragment","floor":8},{"not_picked":["Turbo","Gash","Sunder"],"picked":"SKIP","floor":10},{"not_picked":["Streamline","Cold Snap"],"picked":"Loop","floor":13},{"not_picked":["Turbo","Fusion","Storm"],"picked":"SKIP","floor":14},{"not_picked":["Thunder Strike","Fission"],"picked":"Core Surge","floor":16},{"not_picked":["Static Discharge","Compile Driver"],"picked":"Glacier","floor":18},{"not_picked":["Doom and Gloom+1","Redo"],"picked":"Go for the Eyes","floor":20},{"not_picked":["Redo+1","FTL"],"picked":"Conserve Battery","floor":22},{"not_picked":["Turbo","Barrage","Sweeping Beam"],"picked":"SKIP","floor":25},{"not_picked":["Ball Lightning+1","Storm"],"picked":"Loop+1","floor":27},{"not_picked":["Undo","Core Surge"],"picked":"Chill","floor":30},{"not_picked":["Go for the Eyes","Ball Lightning","Undo"],"picked":"SKIP","floor":31},{"not_picked":["Aggregate+1","Sweeping Beam+1","Rebound"],"picked":"SKIP","floor":35},{"not_picked":["Conserve Battery+1","Gash"],"picked":"White Noise","floor":36},{"not_picked":["Rebound","Melter","Beam Cell+1"],"picked":"SKIP","floor":38},{"not_picked":["Ball Lightning+1","Undo+1"],"picked":"Chaos+1","floor":45},{"not_picked":["Go for the Eyes+1","Conserve Battery"],"picked":"Leap+1","floor":46},{"not_picked":["Redo","Heatsinks"],"picked":"Glacier+1","floor":47},{"not_picked":["Fusion","Buffer","FTL+1"],"picked":"SKIP","floor":48}],"player_experience":213645,"relics_obtained":[{"floor":4,"key":"Mercury Hourglass"},{"floor":9,"key":"Dream Catcher"},{"floor":26,"key":"PreservedInsect"},{"floor":41,"key":"Thread and Needle"},{"floor":43,"key":"Gremlin Horn"}],"event_choices":[{"damage_healed":0,"gold_gain":0,"player_choice":"Take Damage","damage_taken":20,"relics_obtained":["Golden Idol"],"max_hp_gain":0,"max_hp_loss":0,"event_name":"Golden Idol","floor":3,"gold_loss":0},{"damage_healed":0,"gold_gain":0,"player_choice":"Entered Light","damage_taken":16,"max_hp_gain":0,"max_hp_loss":0,"event_name":"Shining Light","floor":5,"gold_loss":0,"cards_upgraded":["Leap","Defend_B"]},{"damage_healed":0,"gold_gain":77,"player_choice":"Gained Gold","damage_taken":0,"max_hp_gain":0,"max_hp_loss":0,"event_name":"Golden Wing","floor":11,"gold_loss":0},{"damage_healed":0,"gold_gain":0,"player_choice":"Ignored","damage_taken":0,"max_hp_gain":0,"max_hp_loss":0,"event_name":"Ghosts","floor":19,"gold_loss":0},{"damage_healed":0,"gold_gain":0,"player_choice":"Paid Gold","damage_taken":0,"relics_obtained":["Calipers"],"max_hp_gain":0,"max_hp_loss":0,"event_name":"WeMeetAgain","floor":24,"gold_loss":53},{"damage_healed":0,"gold_gain":0,"player_choice":"Ignored","damage_taken":0,"max_hp_gain":0,"max_hp_loss":0,"event_name":"Cursed Tome","floor":29,"gold_loss":0},{"damage_healed":0,"gold_gain":0,"player_choice":"Ignored","damage_taken":0,"max_hp_gain":0,"max_hp_loss":0,"event_name":"SecretPortal","floor":37,"gold_loss":0},{"damage_healed":0,"gold_gain":0,"player_choice":"Embrace Madness","damage_taken":10,"max_hp_gain":0,"max_hp_loss":0,"event_name":"Winding Halls","floor":39,"gold_loss":0,"cards_obtained":["Madness","Madness"]},{"damage_healed":0,"gold_gain":0,"player_choice":"Fight","damage_taken":0,"max_hp_gain":0,"max_hp_loss":0,"event_name":"MindBloom","floor":41,"gold_loss":0},{"damage_healed":0,"gold_gain":0,"player_choice":"Ignored","damage_taken":0,"max_hp_gain":0,"max_hp_loss":0,"event_name":"Tomb of Lord Red Mask","floor":42,"gold_loss":0}],"is_beta":true,"boss_relics":[{"not_picked":["Runic Dome","Philosopher\u0027s Stone"],"picked":"Lizard Tail"},{"not_picked":["Busted Crown","Snecko Eye"],"picked":"Empty Cage"}],"items_purged_floors":[12,44],"is_endless":false,"potions_floor_spawned":[2,10,14,18,25,27,41,45,47,48],"ascension_level":0}