{"gold_per_floor":[110,127,140,156,170,170,200,218,263,263,294,294,329,4,4,132,132,156,156,182,57,81,112,148,148,148,188,31,69,69,269,269,366,366,378,39,39,0,24,50,83,109,109,119,119,146,146,146,146,146],"floor_reached":51,"playtime":4418,"items_purged":[],"score":1080,"play_id":"b0239d60-6f3c-492c-a8b7-ed2f29ef4938","local_time":"20190217122422","daily_mods":["Insanity","Chimera","Heirloom","Flight"],"is_ascension_mode":false,"campfire_choices":[{"data":"Defragment","floor":6,"key":"SMITH"},{"data":"Aggregate","floor":10,"key":"SMITH"},{"floor":15,"key":"REST"},{"floor":25,"key":"REST"},{"floor":32,"key":"REST"},{"data":"Aggregate","floor":45,"key":"SMITH"},{"floor":49,"key":"REST"}],"neow_cost":"","seed_source_timestamp":0,"circlet_count":0,"master_deck":["Bash","Survivor","Zap","Strike_R","Strike_G+1","Strike_B","Defend_R","Defend_G","Defend_B","Rebound","Leap","Stack","Go for the Eyes","Compile Driver","Static Discharge","Heatsinks","Rebound","Chaos","Redo","Go for the Eyes","Compile Driver","Glacier","Storm","Skim","Chill","FTL","Turbo","Ball Lightning","Gash","Gash","Sweeping Beam","BootSequence","Steam+1","Sweeping Beam","Go for the Eyes","Chaos","Auto Shields","Sweeping Beam","Glacier","Defragment+1","Go for the Eyes","Gash","Leap","Hologram","Recycle","Auto Shields","Stack+1","Sweeping Beam","Streamline","Redo","Hello World","Go for the Eyes","Turbo","Tempest","Double Energy","Chill","Ball Lightning","Streamline+1","Barrage","Streamline","Aggregate+1","Aggregate+1","Darkness","Barrage","Genetic Algorithm","Chaos","Glacier","Sunder","Apotheosis","Seek","Lockon+1","Electrodynamics","Defragment","Self Repair+1"],"relics":["Snecko Eye","Thread and Needle","Happy Flower","Blood Vial","Omamori","Bloody Idol","Dodecahedron","Whetstone","Black Star","Art of War","Pen Nib","Tiny Chest","Kunai","Lantern","Shuriken","Ancient Tea Set","Orichalcum","Smiling Mask","War Paint","Juzu Bracelet","Vajra","Centennial Puzzle","Lizard Tail","Oddly Smooth Stone","Frozen Eye","Ornamental Fan","Sundial","StoneCalendar","Molten Egg 2","Symbiotic Virus","Darkstone Periapt","Mercury Hourglass","Blue Candle","The Courier","Question Card","Cables","Frozen Egg 2"],"potions_floor_usage":[7,11,16,16,24,24,24,41,42,50],"damage_taken":[{"damage":0,"enemies":"2 Louse","floor":1,"turns":4},{"damage":0,"enemies":"Small Slimes","floor":2,"turns":4},{"damage":0,"enemies":"Jaw Worm","floor":3,"turns":6},{"damage":0,"enemies":"Gremlin Gang","floor":4,"turns":4},{"damage":0,"enemies":"Blue Slaver","floor":5,"turns":4},{"damage":0,"enemies":"3 Sentries","floor":7,"turns":4},{"damage":0,"enemies":"Large Slime","floor":8,"turns":4},{"damage":20,"enemies":"Gremlin Nob","floor":11,"turns":5},{"damage":13,"enemies":"Lagavulin","floor":13,"turns":4},{"damage":0,"enemies":"Hexaghost","floor":16,"turns":8},{"damage":9,"enemies":"2 Thieves","floor":18,"turns":4},{"damage":0,"enemies":"Chosen","floor":22,"turns":4},{"damage":18,"enemies":"Slavers","floor":23,"turns":3},{"damage":9,"enemies":"Book of Stabbing","floor":24,"turns":4},{"damage":2,"enemies":"Gremlin Leader","floor":27,"turns":4},{"damage":20,"enemies":"Book of Stabbing","floor":29,"turns":6},{"damage":3,"enemies":"Champ","floor":33,"turns":6},{"damage":0,"enemies":"3 Darklings","floor":35,"turns":3},{"damage":3,"enemies":"Nemesis","floor":40,"turns":7},{"damage":10,"enemies":"Reptomancer","floor":41,"turns":5},{"damage":1,"enemies":"Giant Head","floor":42,"turns":8},{"damage":0,"enemies":"Orb Walker","floor":44,"turns":3},{"damage":36,"enemies":"Nemesis","floor":46,"turns":7},{"damage":50,"enemies":"Time Eater","floor":50,"turns":8}],"seed_played":"9075811002947010626","potions_obtained":[{"floor":4,"key":"Weak Potion"},{"floor":5,"key":"Strength Potion"},{"floor":7,"key":"Ancient Potion"},{"floor":8,"key":"LiquidBronze"},{"floor":16,"key":"Strength Potion"},{"floor":22,"key":"Swift Potion"},{"floor":23,"key":"Weak Potion"},{"floor":24,"key":"Explosive Potion"},{"floor":40,"key":"AttackPotion"},{"floor":42,"key":"Energy Potion"},{"floor":46,"key":"Strength Potion"}],"is_trial":true,"path_per_floor":["M","M","M","M","M","R","E","M","T","R","E","?","E","$","R","B",null,"M","?","T","$","M","E","E","R","T","E","$","E","?","?","R","B",null,"M","$","T","$","T","E","E","E","T","M","R","E","?","T","R","B",null],"character_chosen":"DEFECT","items_purchased":["Apotheosis","Whetstone","Tiny Chest","Juzu Bracelet","Oddly Smooth Stone","Frozen Eye","Defragment"],"campfire_rested":4,"item_purchase_floors":[14,14,21,28,36,36,38],"current_hp_per_floor":[75,75,75,75,75,75,75,75,75,75,55,55,44,44,66,68,75,66,66,66,66,68,52,45,67,67,67,67,49,49,54,75,75,75,75,75,75,75,75,75,70,75,75,75,75,44,44,44,66,28],"gold":146,"neow_bonus":"","is_prod":false,"is_daily":false,"chose_seed":false,"campfire_upgraded":3,"win_rate":0,"timestamp":1550424262,"path_taken":["M","M","M","M","M","R","E","M","T","R","E","?","E","$","R","BOSS","M","?","?","$","?","E","E","R","T","E","$","E","?","?","R","BOSS","M","$","?","?","?","E","E","E","T","M","R","E","?","?","R","BOSS"],"build_version":"2019-01-23","purchased_purges":0,"victory":true,"max_hp_per_floor":[75,75,75,75,75,75,75,75,75,75,75,75,75,75,75,75,75,75,75,75,75,75,75,75,75,75,75,75,75,75,75,75,75,75,75,75,75,75,75,75,75,75,75,75,75,75,75,75,75,75],"card_choices":[{"not_picked":["White Noise","Loop"],"picked":"Streamline","floor":1},{"not_picked":["Melter","Beam Cell"],"picked":"Aggregate","floor":2},{"not_picked":["Hello World","Force Field"],"picked":"Aggregate","floor":3},{"not_picked":["Hologram","Steam"],"picked":"Darkness","floor":4},{"not_picked":["Steam","Auto Shields"],"picked":"Barrage","floor":5},{"not_picked":["Biased Cognition","Ball Lightning"],"picked":"Genetic Algorithm","floor":7},{"not_picked":["Steam Power","Rebound"],"picked":"Chaos","floor":8},{"not_picked":["Force Field","Compile Driver"],"picked":"Glacier","floor":11},{"not_picked":["Ball Lightning","Buffer"],"picked":"Sunder","floor":13},{"not_picked":["Core Surge","Reboot"],"picked":"Seek","floor":16},{"not_picked":["White Noise+1","Gash"],"picked":"Lockon+1","floor":18},{"not_picked":["Stack","Beam Cell+1","Coolheaded"],"picked":"SKIP","floor":22},{"not_picked":["Go for the Eyes","Barrage+1","Leap"],"picked":"SKIP","floor":23},{"not_picked":["Beam Cell+1","Tempest"],"picked":"Electrodynamics","floor":24},{"not_picked":["Heatsinks","Glacier+1","Reprogram"],"picked":"SKIP","floor":27},{"not_picked":["Rebound","Conserve Battery","Barrage"],"picked":"SKIP","floor":29},{"not_picked":["Conserve Battery+1","Genetic Algorithm+1","Glacier"],"picked":"SKIP","floor":35},{"not_picked":["Leap","Sweeping Beam+1","Turbo+1"],"picked":"SKIP","floor":40},{"not_picked":["Redo","Turbo+1","Cold Snap+1"],"picked":"SKIP","floor":41},{"not_picked":["Loop+1","Ball Lightning+1","Stack+1"],"picked":"SKIP","floor":42},{"not_picked":["Compile Driver+1","Gash+1","Sweeping Beam+1"],"picked":"SKIP","floor":44},{"not_picked":["Creative AI","Fusion+1"],"picked":"Self Repair+1","floor":46}],"player_experience":234343,"relics_obtained":[{"floor":7,"key":"Happy Flower"},{"floor":9,"key":"Blood Vial"},{"floor":11,"key":"Omamori"},{"floor":13,"key":"Dodecahedron"},{"floor":20,"key":"Pen Nib"},{"floor":23,"key":"Kunai"},{"floor":23,"key":"Lantern"},{"floor":24,"key":"Shuriken"},{"floor":24,"key":"Ancient Tea Set"},{"floor":26,"key":"Orichalcum"},{"floor":27,"key":"Smiling Mask"},{"floor":27,"key":"War Paint"},{"floor":29,"key":"Vajra"},{"floor":29,"key":"Centennial Puzzle"},{"floor":37,"key":"Ornamental Fan"},{"floor":39,"key":"Sundial"},{"floor":40,"key":"StoneCalendar"},{"floor":40,"key":"Molten Egg 2"},{"floor":41,"key":"Symbiotic Virus"},{"floor":41,"key":"Darkstone Periapt"},{"floor":42,"key":"Mercury Hourglass"},{"floor":42,"key":"Blue Candle"},{"floor":43,"key":"The Courier"},{"floor":46,"key":"Question Card"},{"floor":46,"key":"Cables"},{"floor":48,"key":"Frozen Egg 2"}],"event_choices":[{"damage_healed":0,"gold_gain":0,"player_choice":"Take Wound","damage_taken":0,"relics_obtained":["Golden Idol"],"max_hp_gain":0,"max_hp_loss":0,"event_name":"Golden Idol","floor":12,"gold_loss":0,"cards_obtained":["Injury"]},{"damage_healed":0,"gold_gain":0,"player_choice":"Opened","damage_taken":0,"relics_obtained":["Art of War"],"max_hp_gain":0,"max_hp_loss":0,"event_name":"The Mausoleum","floor":19,"gold_loss":0,"cards_obtained":["Writhe"]},{"damage_healed":0,"gold_gain":0,"player_choice":"Gave Idol","damage_taken":0,"relics_obtained":["Bloody Idol"],"max_hp_gain":0,"max_hp_loss":0,"event_name":"Forgotten Altar","floor":30,"relics_lost":["Golden Idol"],"gold_loss":0},{"damage_healed":0,"gold_gain":250,"player_choice":"Bet on Owner","damage_taken":0,"max_hp_gain":0,"max_hp_loss":0,"event_name":"The Joust","floor":31,"gold_loss":50},{"damage_healed":0,"gold_gain":0,"player_choice":"Ignored","damage_taken":0,"max_hp_gain":0,"max_hp_loss":0,"event_name":"Transmorgrifier","floor":47,"gold_loss":0}],"is_beta":false,"boss_relics":[{"not_picked":["Tiny House","Sozu"],"picked":"Black Star"},{"not_picked":["Eternal Feather","Velvet Choker"],"picked":"Lizard Tail"}],"items_purged_floors":[],"is_endless":false,"potions_floor_spawned":[4,5,7,8,16,22,23,24,40,42,46],"ascension_level":0}