{"gold_per_floor":[109,127,127,142,159,189,189,264,287,287],"floor_reached":10,"playtime":515,"items_purged":[],"score":92,"play_id":"be493902-7d77-4906-ad26-621bf919cf4f","local_time":"20181201030221","is_ascension_mode":true,"campfire_choices":[],"neow_cost":"NONE","seed_source_timestamp":216788994824048,"circlet_count":0,"master_deck":["Strike_R","Strike_R","Strike_R","Strike_R","Strike_R","Defend_R+1","Defend_R","Defend_R+1","Defend_R","Bash","Shockwave","Flame Barrier","Uppercut","Injury"],"relics":["Burning Blood","Potion Belt","Orichalcum","Golden Idol","Juzu Bracelet"],"potions_floor_usage":[10],"damage_taken":[{"damage":9,"enemies":"Jaw Worm","floor":1,"turns":5},{"damage":0,"enemies":"Small Slimes","floor":2,"turns":3},{"damage":4,"enemies":"2 Louse","floor":4,"turns":5},{"damage":2,"enemies":"Red Slaver","floor":5,"turns":6},{"damage":52,"enemies":"3 Sentries","floor":6,"turns":13},{"damage":8,"enemies":"Gremlin Nob","floor":10,"turns":2}],"seed_played":"4212930462275701141","potions_obtained":[{"floor":6,"key":"SpeedPotion"}],"is_trial":false,"path_per_floor":["M","M","?","M","M","E","?","?","T","E"],"character_chosen":"IRONCLAD","items_purchased":[],"campfire_rested":0,"item_purchase_floors":[],"current_hp_per_floor":[69,75,59,61,65,19,19,8,8,0],"gold":287,"neow_bonus":"RANDOM_COMMON_RELIC","is_prod":false,"is_daily":false,"chose_seed":false,"campfire_upgraded":0,"win_rate":0,"timestamp":1543651341,"path_taken":["M","M","?","M","M","E","?","?","T","E"],"build_version":"2018-11-15","purchased_purges":0,"victory":false,"max_hp_per_floor":[80,80,80,80,80,80,80,80,80,80],"card_choices":[{"not_picked":["Twin Strike","Armaments"],"picked":"Shockwave","floor":1},{"not_picked":["Perfected Strike","Sword Boomerang","Havoc"],"picked":"SKIP","floor":2},{"not_picked":["Havoc","Heavy Blade"],"picked":"Flame Barrier","floor":4},{"not_picked":["Hemokinesis","True Grit","Flex"],"picked":"SKIP","floor":5},{"not_picked":["Warcry","Thunderclap"],"picked":"Uppercut","floor":6}],"player_experience":561718,"relics_obtained":[{"floor":6,"key":"Orichalcum"},{"floor":9,"key":"Juzu Bracelet"}],"event_choices":[{"damage_healed":0,"gold_gain":0,"player_choice":"Entered Light","damage_taken":16,"max_hp_gain":0,"max_hp_loss":0,"event_name":"Shining Light","floor":3,"gold_loss":0,"cards_upgraded":["Defend_R","Defend_R"]},{"damage_healed":0,"gold_gain":0,"player_choice":"Take Wound","damage_taken":0,"relics_obtained":["Golden Idol"],"max_hp_gain":0,"max_hp_loss":0,"event_name":"Golden Idol","floor":7,"gold_loss":0,"cards_obtained":["Injury"]},{"damage_healed":0,"gold_gain":75,"player_choice":"Gather Gold","damage_taken":11,"max_hp_gain":0,"max_hp_loss":0,"event_name":"World of Goop","floor":8,"gold_loss":0}],"is_beta":true,"boss_relics":[],"items_purged_floors":[],"is_endless":false,"potions_floor_spawned":[6],"killed_by":"Gremlin Nob","ascension_level":7}