{"gold_per_floor":[116,134,148,165,165,165,198,217,274,274,5,5,20,49,49,151,151,164,180,192,192],"floor_reached":21,"playtime":1852,"items_purged":[],"score":212,"play_id":"4f7d3df9-ae8d-45fe-949c-c361a1b72cee","local_time":"20190726135728","is_ascension_mode":true,"campfire_choices":[{"data":"Corpse Explosion","floor":6,"key":"SMITH"},{"data":"Neutralize","floor":10,"key":"SMITH"},{"data":"Crippling Poison","floor":12,"key":"SMITH"},{"floor":15,"key":"REST"}],"neow_cost":"NONE","seed_source_timestamp":441679563418220,"circlet_count":0,"master_deck":["Strike_G","Strike_G","Strike_G","Strike_G","Strike_G","Defend_G","Defend_G","Defend_G","Defend_G","Defend_G","Survivor","Neutralize+1","Dagger Throw","Crippling Poison+1","Heel Hook","Corpse Explosion+1","Noxious Fumes","Deadly Poison","Dagger Spray","Poisoned Stab","Burst","Calculated Gamble","Acrobatics","Crippling Poison"],"relics":["Ring of the Serpent","Shuriken","Tiny Chest","Bottled Flame","PreservedInsect"],"potions_floor_usage":[7,7,14,14,20,21,21],"damage_taken":[{"damage":0,"enemies":"Cultist","floor":1,"turns":4},{"damage":2,"enemies":"2 Louse","floor":2,"turns":3},{"damage":5,"enemies":"Small Slimes","floor":3,"turns":3},{"damage":0,"enemies":"3 Louse","floor":4,"turns":3},{"damage":6,"enemies":"3 Sentries","floor":7,"turns":8},{"damage":9,"enemies":"Gremlin Gang","floor":8,"turns":2},{"damage":7,"enemies":"Blue Slaver","floor":13,"turns":3},{"damage":8,"enemies":"Gremlin Nob","floor":14,"turns":3},{"damage":27,"enemies":"The Guardian","floor":16,"turns":8},{"damage":8,"enemies":"Spheric Guardian","floor":18,"turns":3},{"damage":21,"enemies":"Shell Parasite","floor":19,"turns":6},{"damage":18,"enemies":"Centurion and Healer","floor":20,"turns":5},{"damage":27,"enemies":"Shelled Parasite and Fungi","floor":21,"turns":4}],"seed_played":"4638433242034309128","potions_obtained":[{"floor":0,"key":"Energy Potion"},{"floor":0,"key":"PowerPotion"},{"floor":0,"key":"SteroidPotion"},{"floor":3,"key":"AttackPotion"},{"floor":5,"key":"Dexterity Potion"},{"floor":8,"key":"SpeedPotion"},{"floor":13,"key":"AttackPotion"},{"floor":16,"key":"Energy Potion"},{"floor":18,"key":"Weak Potion"},{"floor":20,"key":"Energy Potion"}],"is_trial":false,"path_per_floor":["M","M","M","M","?","R","E","M","T","R","$","R","M","E","R","B",null,"M","M","M","M"],"character_chosen":"THE_SILENT","items_purchased":["Dagger Spray","Bottled Flame"],"campfire_rested":1,"item_purchase_floors":[11,11],"current_hp_per_floor":[70,68,63,63,63,63,57,48,48,48,48,48,41,33,54,27,70,62,41,23,0],"gold":192,"neow_bonus":"THREE_SMALL_POTIONS","is_prod":false,"is_daily":false,"chose_seed":false,"campfire_upgraded":3,"win_rate":0,"timestamp":1564167448,"path_taken":["M","?","M","M","?","R","E","M","T","R","$","R","?","E","R","BOSS","M","M","?","M"],"build_version":"2019-07-17","purchased_purges":0,"victory":false,"max_hp_per_floor":[70,70,70,70,70,70,70,70,70,70,70,70,70,70,70,70,70,70,70,70,70],"card_choices":[{"not_picked":["Slice","Acrobatics"],"picked":"Dagger Throw","floor":1},{"not_picked":["Acrobatics","Cloak And Dagger"],"picked":"Crippling Poison","floor":2},{"not_picked":["Leg Sweep","Acrobatics"],"picked":"Heel Hook","floor":3},{"not_picked":["Outmaneuver","Dodge and Roll"],"picked":"Corpse Explosion","floor":4},{"not_picked":["Quick Slash","Dagger Throw"],"picked":"Noxious Fumes","floor":7},{"not_picked":["Dodge and Roll","Blade Dance"],"picked":"Deadly Poison","floor":8},{"not_picked":["Expertise","Cloak And Dagger"],"picked":"Poisoned Stab","floor":13},{"not_picked":["Heel Hook","Deadly Poison","Calculated Gamble"],"picked":"SKIP","floor":14},{"not_picked":["Envenom","Glass Knife"],"picked":"Burst","floor":16},{"not_picked":["Terror","Sucker Punch"],"picked":"Calculated Gamble","floor":18},{"not_picked":["Crippling Poison","Finisher"],"picked":"Acrobatics","floor":19},{"not_picked":["Blade Dance","Poisoned Stab"],"picked":"Crippling Poison","floor":20}],"player_experience":261948,"relics_obtained":[{"floor":7,"key":"Shuriken"},{"floor":9,"key":"Tiny Chest"},{"floor":14,"key":"PreservedInsect"}],"event_choices":[{"damage_healed":0,"gold_gain":0,"player_choice":"Got Potions","damage_taken":0,"max_hp_gain":0,"max_hp_loss":0,"event_name":"Lab","floor":5,"gold_loss":0}],"is_beta":false,"boss_relics":[{"not_picked":["Sozu","Runic Dome"],"picked":"Ring of the Serpent"}],"items_purged_floors":[],"is_endless":false,"potions_floor_spawned":[3,4,8,13,16,18,20],"killed_by":"Shelled Parasite and Fungi","ascension_level":2}