{"gold_per_floor":[114,85,160,310,324,324,352,352,352,366,52,52,10,43,43,116,116,131,131,12,12,30,30,30,30,77,88,99,99,112,7,7,7],"floor_reached":33,"playtime":1006,"items_purged":[],"score":552,"play_id":"0bc2f652-f290-4d07-9bd0-89f8be74648f","local_time":"20190325021402","is_ascension_mode":true,"campfire_choices":[{"data":"Sweeping Beam","floor":6.0,"key":"SMITH"},{"data":"Zap","floor":12.0,"key":"SMITH"},{"data":"Static Discharge","floor":15.0,"key":"SMITH"},{"data":"Buffer","floor":23.0,"key":"SMITH"},{"data":"Static Discharge","floor":25.0,"key":"SMITH"},{"data":"Amplify","floor":32.0,"key":"SMITH"}],"neow_cost":"NONE","seed_source_timestamp":140131291913107,"circlet_count":0,"master_deck":["AscendersBane","Strike_B","Strike_B","Strike_B","Strike_B","Defend_B","Defend_B+1","Defend_B","Defend_B","Zap+1","Dualcast+1","BootSequence","Cold Snap","Sweeping Beam+1","FTL","Self Repair","Static Discharge+1","Leap","Buffer+1","Static Discharge+1","Storm","Stack","Amplify+1"],"special_seed":0,"relics":["Cracked Core","NeowsBlessing","Dodecahedron","War Paint","Membership Card","Juzu Bracelet","The Courier","Nuclear Battery","Happy Flower","Vajra","Pantograph"],"potions_floor_usage":[],"damage_taken":[{"damage":0.0,"enemies":"Cultist","floor":1.0,"turns":1.0},{"damage":0.0,"enemies":"Small Slimes","floor":5.0,"turns":1.0},{"damage":0.0,"enemies":"3 Sentries","floor":7.0,"turns":1.0},{"damage":0.0,"enemies":"2 Louse","floor":10.0,"turns":2.0},{"damage":41.0,"enemies":"Gremlin Nob","floor":14.0,"turns":5.0},{"damage":16.0,"enemies":"The Guardian","floor":16.0,"turns":9.0},{"damage":16.0,"enemies":"Chosen","floor":18.0,"turns":5.0},{"damage":12.0,"enemies":"Colosseum Slavers","floor":19.0,"turns":4.0},{"damage":8.0,"enemies":"Shell Parasite","floor":22.0,"turns":3.0},{"damage":35.0,"enemies":"Cultist and Chosen","floor":27.0,"turns":5.0},{"damage":8.0,"enemies":"3 Cultists","floor":28.0,"turns":4.0},{"damage":13.0,"enemies":"Snake Plant","floor":30.0,"turns":4.0},{"damage":59,"enemies":"Automaton","floor":33,"turns":10}],"seed_played":"-3621588641347759435","potions_obtained":[{"floor":1.0,"key":"LiquidBronze"},{"floor":5.0,"key":"FocusPotion"},{"floor":16.0,"key":"Poison Potion"},{"floor":18.0,"key":"AttackPotion"},{"floor":27.0,"key":"AttackPotion"}],"is_trial":false,"path_per_floor":["M","$","?","?","M","R","E","?","T","M","$","R","$","E","R","B",null,"M","?","$","?","M","R","$","R","T","M","M","?","M","$","R","B"],"character_chosen":"DEFECT","items_purchased":["Cold Snap","Membership Card","Juzu Bracelet","Static Discharge","Happy Flower","Strength Potion","Regen Potion","Pantograph"],"campfire_rested":0,"item_purchase_floors":[2,11,11,13,20,20,20,31],"current_hp_per_floor":[64,64,53,53,53,53,53,53,53,53,53,53,53,19,19,10,56,47,42,42,42,53,53,53,53,53,25,24,38,32,32,32,0],"gold":7,"neow_bonus":"THREE_ENEMY_KILL","is_prod":false,"is_daily":false,"chose_seed":false,"campfire_upgraded":6,"win_rate":0,"timestamp":1553494442,"path_taken":["M","?","?","?","M","R","E","?","T","?","?","R","$","E","R","BOSS","M","?","$","?","M","R","?","R","T","M","M","?","M","$","R","BOSS"],"build_version":"2019-03-15","purchased_purges":0,"victory":false,"max_hp_per_floor":[71,71,71,71,71,71,71,71,71,71,71,71,71,71,71,71,71,71,71,71,71,71,71,71,71,71,71,71,71,71,71,71,71],"card_choices":[{"not_picked":["Compile Driver","Barrage"],"picked":"BootSequence","floor":1.0},{"not_picked":["Scrape","Double Energy"],"picked":"Sweeping Beam","floor":5.0},{"not_picked":["Coolheaded","Fusion"],"picked":"FTL","floor":7.0},{"not_picked":["Gash","Aggregate"],"picked":"Self Repair","floor":10.0},{"not_picked":["Stack","Go for the Eyes"],"picked":"Leap","floor":14.0},{"not_picked":["Seek","Thunder Strike"],"picked":"Buffer","floor":16.0},{"not_picked":["Steam","Streamline"],"picked":"Static Discharge","floor":18.0},{"not_picked":["Sunder","Barrage"],"picked":"Storm","floor":22.0},{"not_picked":["Sweeping Beam","Hello World","Gash+1"],"picked":"SKIP","floor":27.0},{"not_picked":["BootSequence","Genetic Algorithm"],"picked":"Stack","floor":28.0},{"not_picked":["Cold Snap","Doom and Gloom"],"picked":"Amplify","floor":30.0}],"player_experience":1044858,"relics_obtained":[{"floor":7.0,"key":"Dodecahedron"},{"floor":9.0,"key":"War Paint"},{"floor":14.0,"key":"The Courier"},{"floor":26.0,"key":"Vajra"}],"event_choices":[{"damage_healed":0.0,"max_hp_gain":0.0,"max_hp_loss":0.0,"gold_gain":75.0,"event_name":"World of Goop","player_choice":"Gather Gold","floor":3.0,"gold_loss":0.0,"damage_taken":11.0},{"damage_healed":0.0,"max_hp_gain":0.0,"max_hp_loss":0.0,"gold_gain":150.0,"event_name":"Liars Game","player_choice":"AGREE","floor":4.0,"gold_loss":0.0,"damage_taken":0.0,"cards_obtained":["Doubt"]},{"cards_removed":["Doubt"],"damage_healed":0.0,"max_hp_gain":0.0,"max_hp_loss":0.0,"gold_gain":0.0,"event_name":"Living Wall","player_choice":"Forget","floor":8.0,"gold_loss":0.0,"damage_taken":0.0},{"damage_healed":0.0,"max_hp_gain":0.0,"max_hp_loss":0.0,"gold_gain":0.0,"event_name":"Colosseum","player_choice":"Fight","floor":19.0,"gold_loss":0.0,"damage_taken":0.0},{"damage_healed":0.0,"max_hp_gain":0.0,"max_hp_loss":0.0,"gold_gain":0.0,"event_name":"Colosseum","player_choice":"Fled From Nobs","floor":19.0,"gold_loss":0.0,"damage_taken":0.0},{"damage_healed":0.0,"max_hp_gain":0.0,"max_hp_loss":0.0,"gold_gain":0.0,"event_name":"Ghosts","player_choice":"Ignored","floor":21.0,"gold_loss":0.0,"damage_taken":0.0},{"damage_healed":14.0,"max_hp_gain":0.0,"max_hp_loss":0.0,"gold_gain":0.0,"event_name":"The Library","player_choice":"Heal","floor":29.0,"gold_loss":0.0,"damage_taken":0.0}],"is_beta":true,"boss_relics":[{"not_picked":["Fusion Hammer","Tiny House"],"picked":"Nuclear Battery"}],"items_purged_floors":[],"is_endless":false,"potions_floor_spawned":[1,5,16,18,27],"killed_by":"Automaton","ascension_level":20}