{"gold_per_floor":[114,91,3,19,34,61,61,96,123,134,8,8],"floor_reached":12,"playtime":303,"items_purged":[],"score":150,"play_id":"769260de-a18a-4c50-b0d0-c4a5c3f28fe8","local_time":"20190719232733","is_ascension_mode":true,"campfire_choices":[{"data":"Flame Barrier","floor":7,"key":"SMITH"}],"neow_cost":"NONE","seed_source_timestamp":87565004192900,"circlet_count":0,"master_deck":["AscendersBane","Strike_R","Strike_R","Strike_R","Strike_R","Strike_R","Defend_R","Defend_R","Defend_R","Defend_R","Bash","Flame Barrier+1","Blind","Twin Strike","Cleave","Brutality","Flame Barrier","Thunderclap","Feel No Pain","True Grit"],"relics":["Burning Blood","NeowsBlessing","Tiny Chest","Art of War","Oddly Smooth Stone","Centennial Puzzle"],"potions_floor_usage":[],"damage_taken":[{"damage":0,"enemies":"Jaw Worm","floor":1,"turns":1},{"damage":0,"enemies":"Cultist","floor":4,"turns":1},{"damage":0,"enemies":"Small Slimes","floor":5,"turns":1},{"damage":38,"enemies":"Gremlin Nob","floor":6,"turns":5},{"damage":32,"enemies":"3 Sentries","floor":8,"turns":8},{"damage":13,"enemies":"Blue Slaver","floor":10,"turns":3},{"damage":32,"enemies":"Gremlin Nob","floor":12,"turns":5}],"seed_played":"6692840366651932558","potions_obtained":[{"floor":6,"key":"LiquidBronze"},{"floor":8,"key":"Dexterity Potion"}],"is_trial":false,"path_per_floor":["M","?","$","M","M","E","R","E","T","M","$","E"],"character_chosen":"IRONCLAD","items_purchased":["Blind","Feel No Pain","True Grit"],"campfire_rested":0,"item_purchase_floors":[3,11,11],"current_hp_per_floor":[74,74,74,75,75,43,43,17,17,10,10,0],"gold":8,"neow_bonus":"THREE_ENEMY_KILL","is_prod":false,"is_daily":false,"chose_seed":false,"campfire_upgraded":1,"win_rate":0,"timestamp":1563593253,"path_taken":["M","?","$","?","M","E","R","E","T","M","$","E"],"build_version":"2019-07-17","purchased_purges":0,"victory":false,"max_hp_per_floor":[75,75,75,75,75,75,75,75,75,75,75,75],"card_choices":[{"not_picked":["Wild Strike","Armaments"],"picked":"Flame Barrier","floor":1},{"not_picked":["Bloodletting","Reckless Charge"],"picked":"Twin Strike","floor":4},{"not_picked":["Searing Blow","Pummel"],"picked":"Cleave","floor":5},{"not_picked":["True Grit","Ghostly Armor"],"picked":"Brutality","floor":6},{"not_picked":["True Grit","Rampage"],"picked":"Flame Barrier","floor":8},{"not_picked":["Blood for Blood","Heavy Blade"],"picked":"Thunderclap","floor":10}],"player_experience":664976,"relics_obtained":[{"floor":6,"key":"Art of War"},{"floor":8,"key":"Oddly Smooth Stone"},{"floor":9,"key":"Centennial Puzzle"}],"event_choices":[{"damage_healed":0,"gold_gain":0,"player_choice":"Paid Gold","damage_taken":0,"relics_obtained":["Tiny Chest"],"max_hp_gain":0,"max_hp_loss":0,"event_name":"WeMeetAgain","floor":2,"gold_loss":53}],"is_beta":false,"boss_relics":[],"items_purged_floors":[],"is_endless":false,"potions_floor_spawned":[6,8],"killed_by":"Gremlin Nob","ascension_level":14}