{"gold_per_floor":[113,133,152,162,178,178,178,193,193,193,209,209,219,84,84,186,186,204,216,316,67,81,81,56,71,96,11,26,26],"floor_reached":29,"playtime":3482,"items_purged":[],"score":221,"play_id":"c1afb0b1-7947-45fb-bad5-62153099a637","local_time":"20190622221422","is_ascension_mode":false,"campfire_choices":[{"data":"Creative AI","floor":6,"key":"SMITH"},{"data":"Redo","floor":15,"key":"SMITH"},{"floor":23,"key":"REST"}],"neow_cost":"NONE","seed_source_timestamp":507373843669500,"circlet_count":0,"master_deck":["Strike_B","Strike_B+1","Strike_B+1","Strike_B","Defend_B","Defend_B","Defend_B","Defend_B","Zap","Dualcast","Melter","Creative AI+1","Auto Shields+1","Conserve Battery","Redo+1","Ball Lightning","Stack","Leap","Finesse","Hologram","Seek","Ball Lightning","Beam Cell+1","Loop","Lockon","Genetic Algorithm+1","Stack","Capacitor+1","Self Repair"],"relics":["Cracked Core","Whetstone","Juzu Bracelet","Blue Candle","Boot","Sozu","Art of War","Anchor","Prayer Wheel"],"potions_floor_usage":[16,16],"damage_taken":[{"damage":11,"enemies":"Jaw Worm","floor":1,"turns":3},{"damage":0,"enemies":"Small Slimes","floor":2,"turns":2},{"damage":0,"enemies":"Cultist","floor":3,"turns":3},{"damage":12,"enemies":"Blue Slaver","floor":4,"turns":5},{"damage":0,"enemies":"Exordium Thugs","floor":5,"turns":4},{"damage":0,"enemies":"Large Slime","floor":8,"turns":6},{"damage":1,"enemies":"Blue Slaver","floor":11,"turns":4},{"damage":0,"enemies":"Exordium Wildlife","floor":13,"turns":3},{"damage":27,"enemies":"The Guardian","floor":16,"turns":11},{"damage":19,"enemies":"3 Byrds","floor":18,"turns":6},{"damage":9,"enemies":"Shell Parasite","floor":19,"turns":5},{"damage":35,"enemies":"Shelled Parasite and Fungi","floor":22,"turns":6},{"damage":0,"enemies":"Centurion and Healer","floor":25,"turns":5},{"damage":16,"enemies":"Snecko","floor":28,"turns":5},{"damage":26,"enemies":"Book of Stabbing","floor":29,"turns":5}],"seed_played":"-1099158166924455142","potions_obtained":[{"floor":2,"key":"Strength Potion"},{"floor":3,"key":"FairyPotion"},{"floor":8,"key":"Block Potion"},{"floor":13,"key":"Strength Potion"}],"is_trial":false,"path_per_floor":["M","M","M","M","M","R","?","M","T","?","M","?","M","$","R","B",null,"M","M","?","$","M","R","$","M","T","?","M","E"],"character_chosen":"DEFECT","items_purchased":["Finesse","Hologram","Art of War","Loop","Lockon","Stack"],"campfire_rested":1,"item_purchase_floors":[14,14,21,21,21,24],"current_hp_per_floor":[64,64,64,52,52,52,40,40,40,40,39,39,39,39,39,12,75,56,47,47,47,12,34,34,34,34,34,18,1],"gold":26,"neow_bonus":"RANDOM_COMMON_RELIC","is_prod":false,"is_daily":false,"chose_seed":false,"campfire_upgraded":2,"win_rate":0.0,"timestamp":1561256062,"path_taken":["M","M","M","M","M","R","?","M","T","?","M","?","M","$","R","BOSS","M","M","?","$","M","R","?","M","T","?","M","E"],"build_version":"2019-01-23","purchased_purges":0,"victory":false,"max_hp_per_floor":[75,75,75,75,75,75,75,75,75,75,75,75,75,75,75,75,75,75,75,75,75,75,75,75,75,75,75,75,75],"card_choices":[{"not_picked":["Redo","Compile Driver"],"picked":"Melter","floor":1},{"not_picked":["Stack","Beam Cell"],"picked":"Creative AI","floor":2},{"not_picked":["Steam Power","Reinforced Body"],"picked":"Auto Shields","floor":3},{"not_picked":["Cold Snap","Blizzard"],"picked":"Conserve Battery","floor":4},{"not_picked":["Genetic Algorithm","Storm"],"picked":"Redo","floor":5},{"not_picked":["Go for the Eyes","Barrage"],"picked":"Ball Lightning","floor":8},{"not_picked":["Double Energy","Rip and Tear"],"picked":"Stack","floor":11},{"not_picked":["Steam","Static Discharge"],"picked":"Leap","floor":13},{"not_picked":["Fission","Buffer"],"picked":"Seek","floor":16},{"not_picked":["Go for the Eyes","Chaos"],"picked":"Ball Lightning","floor":18},{"not_picked":["Hologram","Ball Lightning"],"picked":"Beam Cell+1","floor":19},{"not_picked":["Melter","Blizzard"],"picked":"Genetic Algorithm+1","floor":22},{"not_picked":["Auto Shields","Stack"],"picked":"Capacitor+1","floor":25},{"not_picked":["Aggregate+1","Ball Lightning+1"],"picked":"Self Repair","floor":28},{"not_picked":["Ball Lightning","Biased Cognition","Chaos"],"picked":"SKIP","floor":28}],"player_experience":449673,"relics_obtained":[{"floor":9,"key":"Blue Candle"},{"floor":26,"key":"Anchor"}],"event_choices":[{"damage_healed":0,"gold_gain":0,"player_choice":"Success","damage_taken":12,"relics_obtained":["Juzu Bracelet"],"max_hp_gain":0,"max_hp_loss":0,"event_name":"Scrap Ooze","floor":7,"gold_loss":0},{"damage_healed":0,"gold_gain":0,"player_choice":"Gave Potion","damage_taken":0,"relics_obtained":["Boot"],"max_hp_gain":0,"max_hp_loss":0,"event_name":"WeMeetAgain","floor":10,"gold_loss":0},{"damage_healed":0,"gold_gain":0,"player_choice":"Grow","damage_taken":0,"max_hp_gain":0,"max_hp_loss":0,"event_name":"Living Wall","floor":12,"gold_loss":0,"cards_upgraded":["Auto Shields"]},{"damage_healed":0,"gold_gain":100,"player_choice":"Pray","damage_taken":0,"max_hp_gain":0,"max_hp_loss":0,"event_name":"Golden Shrine","floor":20,"gold_loss":0},{"damage_healed":0,"gold_gain":0,"player_choice":"Obtained Relic","damage_taken":0,"relics_obtained":["Prayer Wheel"],"max_hp_gain":0,"max_hp_loss":0,"event_name":"Addict","floor":27,"gold_loss":85}],"is_beta":false,"boss_relics":[{"not_picked":["Busted Crown","Runic Dome"],"picked":"Sozu"}],"items_purged_floors":[],"is_endless":false,"potions_floor_spawned":[2,3,8,13,25,28],"killed_by":"Book of Stabbing","ascension_level":0}