{"gold_per_floor":[109,14,31,47,47,72,152,171,171,196,196,207,236,254,254,352,352,371,371,371,84,104,138,138,166,189,104,104,116,192,217,217,312,312,328,180,196,196,196,196,531,531,531,531],"floor_reached":44,"playtime":1767,"items_purged":["Normality"],"score":640,"play_id":"050a0e19-0e58-4765-a6da-6ff287a76e50","local_time":"20190714000700","is_ascension_mode":true,"campfire_choices":[{"data":"Infernal Blade","floor":11,"key":"SMITH"},{"data":"Armaments","floor":15,"key":"SMITH"},{"data":"Enlightenment","floor":24,"key":"SMITH"},{"data":"Pain","floor":28,"key":"PURGE"},{"data":"Demon Form","floor":32,"key":"SMITH"},{"data":"Mind Blast","floor":40,"key":"SMITH"},{"data":"Mayhem","floor":42,"key":"SMITH"}],"neow_cost":"PERCENT_DAMAGE","seed_source_timestamp":1564238270207500,"circlet_count":0,"master_deck":["Strike_R+1","Strike_R+1","Strike_R+1","Strike_R+1","Strike_R+1","Defend_R+1","Defend_R+1","Defend_R+1","Defend_R+1","Offering","Cleave","Flash of Steel","Flame Barrier+1","Infernal Blade+1","Feed+1","Headbutt","Thunderclap","Armaments+1","Disarm","Demon Form+1","Disarm","Enlightenment+1","Infernal Blade+1","Flame Barrier","Iron Wave+1","Exhume","Carnage+1","Mayhem+1","Body Slam+1","Jack Of All Trades","Mind Blast+1","Jack Of All Trades","Clothesline+1"],"relics":["Burning Blood","Whetstone","Peace Pipe","Pen Nib","Calling Bell","Blood Vial","The Courier","Magic Flower","MutagenicStrength","ClockworkSouvenir","Art of War","Oddly Smooth Stone","Juzu Bracelet","Matryoshka","Lantern","Blue Candle","Happy Flower","Empty Cage","Old Coin","Bronze Scales","Paper Frog"],"potions_floor_usage":[6,10,25,25,33,33],"damage_taken":[{"damage":6,"enemies":"Cultist","floor":1,"turns":2},{"damage":2,"enemies":"2 Louse","floor":3,"turns":3},{"damage":6,"enemies":"Jaw Worm","floor":4,"turns":4},{"damage":16,"enemies":"Gremlin Nob","floor":6,"turns":3},{"damage":14,"enemies":"Blue Slaver","floor":8,"turns":4},{"damage":6,"enemies":"3 Sentries","floor":10,"turns":4},{"damage":0,"enemies":"3 Louse","floor":12,"turns":2},{"damage":23,"enemies":"Gremlin Nob","floor":13,"turns":4},{"damage":0,"enemies":"Looter","floor":14,"turns":1},{"damage":6,"enemies":"Slime Boss","floor":16,"turns":5},{"damage":36,"enemies":"Chosen","floor":18,"turns":7},{"damage":3,"enemies":"Spheric Guardian","floor":22,"turns":2},{"damage":23,"enemies":"Book of Stabbing","floor":23,"turns":5},{"damage":27,"enemies":"Slavers","floor":25,"turns":4},{"damage":4,"enemies":"Snecko","floor":29,"turns":4},{"damage":11,"enemies":"Gremlin Leader","floor":31,"turns":5},{"damage":62,"enemies":"Automaton","floor":33,"turns":11},{"damage":1,"enemies":"Orb Walker","floor":35,"turns":3},{"damage":18,"enemies":"3 Shapes","floor":37,"turns":4},{"damage":45,"enemies":"Reptomancer","floor":41,"turns":6},{"damage":56,"enemies":"Nemesis","floor":44,"turns":6}],"seed_played":"6367381119876678407","potions_obtained":[{"floor":4,"key":"Swift Potion"},{"floor":6,"key":"PowerPotion"},{"floor":8,"key":"EssenceOfSteel"},{"floor":16,"key":"Energy Potion"},{"floor":23,"key":"BloodPotion"},{"floor":31,"key":"GamblersBrew"},{"floor":35,"key":"Explosive Potion"}],"is_trial":false,"path_per_floor":["M","$","M","M","?","E","?","M","T","E","R","M","E","M","R","B",null,"M","?","?","$","M","E","R","E","T","?","R","M","T","E","R","B",null,"M","$","M","?","?","R","E","R","T","E"],"character_chosen":"IRONCLAD","items_purchased":["Flash of Steel","ClockworkSouvenir","Enlightenment","Mayhem"],"campfire_rested":0,"item_purchase_floors":[2,21,21,36],"current_hp_per_floor":[56,56,60,60,60,50,50,46,46,50,50,56,43,49,49,53,96,69,69,69,69,78,67,67,58,58,58,58,66,66,67,67,55,100,104,104,95,95,85,85,52,52,52,0],"gold":531,"neow_bonus":"THREE_RARE_CARDS","is_prod":false,"is_daily":false,"chose_seed":false,"campfire_upgraded":6,"win_rate":0,"timestamp":1563077220,"path_taken":["M","$","M","?","?","E","?","M","T","E","R","M","E","M","R","BOSS","M","?","?","$","M","E","R","E","T","?","R","M","?","E","R","BOSS","M","?","M","?","?","R","E","R","T","E"],"build_version":"2019-07-05","purchased_purges":1,"victory":false,"max_hp_per_floor":[80,80,80,80,80,80,80,84,84,88,88,88,92,92,92,96,96,96,96,96,96,96,96,96,100,100,100,100,100,100,100,100,100,100,104,104,104,104,104,104,104,104,104,104],"card_choices":[{"not_picked":["Brutality","Bludgeon"],"picked":"Offering","floor":0},{"not_picked":["Havoc","Sever Soul"],"picked":"Cleave","floor":1},{"not_picked":["Hemokinesis","True Grit"],"picked":"Flame Barrier","floor":3},{"not_picked":["Perfected Strike","Second Wind"],"picked":"Infernal Blade","floor":4},{"not_picked":["Armaments","Entrench"],"picked":"Feed","floor":6},{"not_picked":["Iron Wave","Anger"],"picked":"Headbutt","floor":8},{"not_picked":["Heavy Blade","Clash"],"picked":"Thunderclap","floor":10},{"not_picked":["Havoc","Entrench"],"picked":"Armaments","floor":12},{"not_picked":["True Grit","Whirlwind"],"picked":"Disarm","floor":13},{"not_picked":["Whirlwind","Thunderclap","Iron Wave"],"picked":"SKIP","floor":14},{"not_picked":["Brutality","Limit Break"],"picked":"Demon Form","floor":16},{"not_picked":["Blood for Blood","Metallicize"],"picked":"Disarm","floor":18},{"not_picked":["Ghostly Armor","Pommel Strike","Perfected Strike"],"picked":"SKIP","floor":22},{"not_picked":["Thunderclap","Iron Wave"],"picked":"Infernal Blade+1","floor":23},{"not_picked":["Warcry","Wild Strike"],"picked":"Flame Barrier","floor":25},{"not_picked":["Havoc","Sentinel","Fire Breathing"],"picked":"SKIP","floor":29},{"not_picked":["Entrench","Sentinel"],"picked":"Iron Wave+1","floor":31},{"not_picked":["Fiend Fire","Double Tap"],"picked":"Exhume","floor":33},{"not_picked":["Shrug It Off","Intimidate"],"picked":"Carnage+1","floor":35},{"not_picked":["Thunderclap","Heavy Blade+1"],"picked":"Body Slam+1","floor":37},{"not_picked":["PanicButton","Madness"],"picked":"Jack Of All Trades","floor":39},{"not_picked":["Blind","Finesse"],"picked":"Mind Blast","floor":39},{"not_picked":["Flash of Steel","PanicButton"],"picked":"Jack Of All Trades","floor":39},{"not_picked":["True Grit+1","Perfected Strike"],"picked":"Clothesline+1","floor":41}],"player_experience":633643,"relics_obtained":[{"floor":6,"key":"Whetstone"},{"floor":10,"key":"Peace Pipe"},{"floor":13,"key":"Pen Nib"},{"floor":17,"key":"Blood Vial"},{"floor":17,"key":"The Courier"},{"floor":17,"key":"Magic Flower"},{"floor":23,"key":"Art of War"},{"floor":25,"key":"Oddly Smooth Stone"},{"floor":26,"key":"Juzu Bracelet"},{"floor":30,"key":"Lantern"},{"floor":30,"key":"Blue Candle"},{"floor":31,"key":"Happy Flower"},{"floor":41,"key":"Old Coin"},{"floor":43,"key":"Bronze Scales"},{"floor":43,"key":"Paper Frog"}],"event_choices":[{"damage_healed":0,"gold_gain":0,"player_choice":"Grow","damage_taken":0,"max_hp_gain":0,"max_hp_loss":0,"event_name":"Living Wall","floor":5,"gold_loss":0,"cards_upgraded":["Flame Barrier"]},{"damage_healed":0,"gold_gain":80,"player_choice":"Gained Gold","damage_taken":0,"max_hp_gain":0,"max_hp_loss":0,"event_name":"Golden Wing","floor":7,"gold_loss":0},{"damage_healed":0,"gold_gain":0,"player_choice":"Simplicity","damage_taken":0,"max_hp_gain":0,"max_hp_loss":0,"event_name":"Back to Basics","floor":19,"gold_loss":0,"cards_upgraded":["Strike_R","Strike_R","Strike_R","Strike_R","Defend_R","Defend_R","Defend_R","Defend_R"]},{"damage_healed":0,"gold_gain":0,"player_choice":"Inject Mutagens","damage_taken":0,"relics_obtained":["MutagenicStrength"],"max_hp_gain":0,"max_hp_loss":0,"event_name":"Drug Dealer","floor":20,"gold_loss":0},{"damage_healed":0,"gold_gain":0,"player_choice":"Obtained Relic","damage_taken":0,"relics_obtained":["Matryoshka"],"max_hp_gain":0,"max_hp_loss":0,"event_name":"Addict","floor":27,"gold_loss":85},{"damage_healed":0,"gold_gain":0,"player_choice":"Ignored","damage_taken":0,"max_hp_gain":0,"max_hp_loss":0,"event_name":"SecretPortal","floor":38,"gold_loss":0},{"damage_healed":0,"gold_gain":0,"player_choice":"Memory 3","damage_taken":10,"max_hp_gain":0,"max_hp_loss":0,"event_name":"SensoryStone","floor":39,"gold_loss":0}],"is_beta":false,"boss_relics":[{"not_picked":["Tiny House","Philosopher\u0027s Stone"],"picked":"Calling Bell"},{"not_picked":["White Beast Statue","Runic Cube"],"picked":"Empty Cage"}],"items_purged_floors":[21],"is_endless":false,"potions_floor_spawned":[4,6,8,16,23,31,35],"killed_by":"Nemesis","ascension_level":1}