{"gold_per_floor":[110,129,129,148,165,198,223,235,271,283,359,371,383],"floor_reached":13,"playtime":864,"items_purged":[],"score":85,"play_id":"f04ee3db-8dea-41a7-a34f-05a12fed0ead","local_time":"20190623212623","is_ascension_mode":false,"campfire_choices":[{"data":"Armaments","floor":8,"key":"SMITH"},{"data":"Thunderclap","floor":10,"key":"SMITH"},{"data":"Entrench","floor":12,"key":"SMITH"}],"neow_cost":"NONE","seed_source_timestamp":155669715684519,"circlet_count":0,"master_deck":["Strike_R","Strike_R","Strike_R","Strike_R","Defend_R","Defend_R","Defend_R","Defend_R","Bash","Shrug It Off","Headbutt","Thunderclap+1","Armaments+1","Dropkick","Entrench+1"],"relics":["Burning Blood","Bag of Marbles","MawBank","Anchor","Ancient Tea Set"],"potions_floor_usage":[13,13],"damage_taken":[{"damage":8,"enemies":"2 Louse","floor":1,"turns":2},{"damage":0,"enemies":"Small Slimes","floor":2,"turns":2},{"damage":1,"enemies":"Cultist","floor":4,"turns":3},{"damage":13,"enemies":"2 Fungi Beasts","floor":5,"turns":3},{"damage":38,"enemies":"3 Sentries","floor":6,"turns":9},{"damage":7,"enemies":"Looter","floor":7,"turns":3},{"damage":21,"enemies":"3 Sentries","floor":11,"turns":7},{"damage":25,"enemies":"Lagavulin","floor":13,"turns":5}],"seed_played":"7357695103814303875","potions_obtained":[{"floor":2,"key":"PowerPotion"},{"floor":4,"key":"Poison Potion"}],"is_trial":false,"path_per_floor":["M","M","?","M","M","E","M","R","T","R","?","R","E"],"character_chosen":"IRONCLAD","items_purchased":[],"campfire_rested":0,"item_purchase_floors":[],"current_hp_per_floor":[78,80,80,80,73,41,40,40,40,40,25,25,0],"gold":383,"neow_bonus":"RANDOM_COMMON_RELIC","is_prod":false,"is_daily":false,"chose_seed":false,"campfire_upgraded":3,"win_rate":0,"timestamp":1561343183,"path_taken":["M","M","?","M","M","E","M","R","T","R","?","R","E"],"build_version":"2019-01-23","purchased_purges":0,"victory":false,"max_hp_per_floor":[80,80,80,80,80,80,80,80,80,80,80,80,80],"card_choices":[{"not_picked":["True Grit","Blood for Blood"],"picked":"Shrug It Off","floor":1},{"not_picked":["Anger","Clothesline"],"picked":"Headbutt","floor":2},{"not_picked":["Sentinel","Perfected Strike","Twin Strike"],"picked":"SKIP","floor":4},{"not_picked":["Perfected Strike","Offering"],"picked":"Thunderclap","floor":5},{"not_picked":["Clash","Twin Strike"],"picked":"Armaments","floor":6},{"not_picked":["Seeing Red","Sever Soul"],"picked":"Dropkick","floor":7},{"not_picked":["Carnage","Armaments"],"picked":"Entrench","floor":11}],"player_experience":83614,"relics_obtained":[{"floor":6,"key":"MawBank"},{"floor":9,"key":"Anchor"}],"event_choices":[{"cards_removed":["Strike_R"],"damage_healed":0,"gold_gain":0,"player_choice":"Forget","damage_taken":0,"max_hp_gain":0,"max_hp_loss":0,"event_name":"Living Wall","floor":3,"gold_loss":0},{"damage_healed":0,"gold_gain":30,"player_choice":"Searched \u00273\u0027 times","damage_taken":0,"relics_obtained":["Ancient Tea Set"],"max_hp_gain":0,"max_hp_loss":0,"event_name":"Dead Adventurer","floor":11,"gold_loss":0}],"is_beta":false,"boss_relics":[],"items_purged_floors":[],"is_endless":false,"potions_floor_spawned":[2,4],"killed_by":"Lagavulin","ascension_level":0}