{"gold_per_floor":[119,119,135,310,330,330,300,300,326,342,342,357,421,433,433,532,532,552,568,568],"floor_reached":20,"playtime":1156,"items_purged":[],"score":166,"play_id":"615a17ea-8a1e-4160-9d62-c11bd6022196","local_time":"20181110083751","is_ascension_mode":false,"campfire_choices":[{"data":"Regret","floor":6,"key":"PURGE"},{"data":"Doubt","floor":8,"key":"PURGE"},{"data":"Doubt","floor":11,"key":"PURGE"},{"floor":15,"key":"REST"}],"neow_cost":"CURSE","seed_source_timestamp":229195387523754,"circlet_count":0,"master_deck":["Strike_B","Strike_B","Strike_B","Strike_B","Defend_B","Defend_B","Defend_B","Defend_B","Zap","Dualcast","Chaos","Static Discharge","Leap","Go for the Eyes","Loop","Compile Driver","All For One","Double Energy+1"],"relics":["Cracked Core","Peace Pipe","Anchor","Dream Catcher","Kunai","Inserter"],"potions_floor_usage":[13,16],"damage_taken":[{"damage":0,"enemies":"2 Louse","floor":1,"turns":2},{"damage":7,"enemies":"Small Slimes","floor":3,"turns":3},{"damage":7,"enemies":"Cultist","floor":5,"turns":4},{"damage":10,"enemies":"2 Fungi Beasts","floor":10,"turns":3},{"damage":0,"enemies":"3 Louse","floor":12,"turns":6},{"damage":21,"enemies":"3 Sentries","floor":13,"turns":5},{"damage":2,"enemies":"Exordium Wildlife","floor":14,"turns":7},{"damage":45,"enemies":"Slime Boss","floor":16,"turns":9},{"damage":18,"enemies":"Shell Parasite","floor":18,"turns":7},{"damage":15,"enemies":"Spheric Guardian","floor":19,"turns":5},{"damage":47,"enemies":"Colosseum Slavers","floor":20,"turns":5}],"seed_played":"182789100101393808","potions_obtained":[{"floor":3,"key":"FocusPotion"},{"floor":7,"key":"Energy Potion"},{"floor":7,"key":"AttackPotion"},{"floor":10,"key":"Explosive Potion"},{"floor":13,"key":"Dexterity Potion"}],"is_trial":false,"path_per_floor":["M","?","M","?","M","R","?","R","T","M","R","M","?","M","R","B",null,"M","M","?"],"character_chosen":"DEFECT","items_purchased":[],"campfire_rested":1,"item_purchase_floors":[],"current_hp_per_floor":[75,75,68,68,61,61,61,61,61,51,51,51,30,28,50,5,75,57,42,0],"gold":568,"neow_bonus":"ONE_RARE_RELIC","is_prod":false,"is_daily":false,"chose_seed":false,"campfire_upgraded":0,"win_rate":0,"timestamp":1541857071,"path_taken":["M","?","M","?","M","R","?","R","T","M","R","?","?","M","R","BOSS","M","M","?"],"build_version":"2018-11-08","purchased_purges":0,"victory":false,"max_hp_per_floor":[75,75,75,75,75,75,75,75,75,75,75,75,75,75,75,75,75,75,75,75],"card_choices":[{"not_picked":["Go for the Eyes","Stack"],"picked":"Chaos","floor":1},{"not_picked":["Gash","Streamline"],"picked":"Static Discharge","floor":3},{"not_picked":["Storm","Undo"],"picked":"Leap","floor":5},{"not_picked":["Reprogram","Redo","Sweeping Beam"],"picked":"SKIP","floor":10},{"not_picked":["Barrage","Compile Driver"],"picked":"Go for the Eyes","floor":12},{"not_picked":["Sweeping Beam","Conserve Battery"],"picked":"Loop","floor":14},{"not_picked":["Hologram","Turbo"],"picked":"Compile Driver","floor":15},{"not_picked":["Hyperbeam","Biased Cognition"],"picked":"All For One","floor":16},{"not_picked":["Turbo","Rebound","Hello World"],"picked":"SKIP","floor":18},{"not_picked":["Coolheaded","Heatsinks"],"picked":"Double Energy+1","floor":19}],"player_experience":305051,"relics_obtained":[{"floor":9,"key":"Dream Catcher"}],"event_choices":[{"damage_healed":0,"gold_gain":0,"player_choice":"Box","damage_taken":0,"relics_obtained":["Anchor"],"max_hp_gain":0,"max_hp_loss":0,"event_name":"Big Fish","floor":2,"gold_loss":0,"cards_obtained":["Regret"]},{"damage_healed":0,"gold_gain":175,"player_choice":"AGREE","damage_taken":0,"max_hp_gain":0,"max_hp_loss":0,"event_name":"Liars Game","floor":4,"gold_loss":0,"cards_obtained":["Doubt"]},{"damage_healed":0,"gold_gain":0,"player_choice":"Bought 2 Potions","damage_taken":0,"max_hp_gain":0,"max_hp_loss":0,"event_name":"The Woman in Blue","floor":7,"gold_loss":0},{"damage_healed":0,"gold_gain":0,"player_choice":"Searched \u00272\u0027 times","damage_taken":0,"relics_obtained":["Kunai"],"max_hp_gain":0,"max_hp_loss":0,"event_name":"Dead Adventurer","floor":13,"gold_loss":0},{"damage_healed":0,"gold_gain":0,"player_choice":"Fight","damage_taken":0,"max_hp_gain":0,"max_hp_loss":0,"event_name":"Colosseum","floor":20,"gold_loss":0}],"is_beta":true,"boss_relics":[{"not_picked":["FrozenCore","Velvet Choker"],"picked":"Inserter"}],"items_purged_floors":[],"is_endless":false,"potions_floor_spawned":[3,10,13,14],"killed_by":"Colosseum Slavers","ascension_level":0}