{"gold_per_floor":[112,126,126,136,136,136,149,149,172,184,74,74,105,67,67,139,139,157,157,157,176,190,190,222,236,236,262,222,21,21,33,33,106,106,125,143,143,163,173,173],"floor_reached":40,"playtime":2440,"items_purged":[],"score":921,"play_id":"52332d8a-54bd-417b-b9e9-59c4d7aaeb09","local_time":"20190106183644","is_ascension_mode":true,"campfire_choices":[{"data":"Cold Snap","floor":6.0,"key":"SMITH"},{"data":"White Noise","floor":8.0,"key":"SMITH"},{"data":"Creative AI","floor":15.0,"key":"SMITH"},{"data":"Defragment","floor":23.0,"key":"SMITH"},{"data":"Storm","floor":30.0,"key":"SMITH"},{"data":"Beam Cell","floor":32.0,"key":"SMITH"}],"neow_cost":"NONE","seed_source_timestamp":540085754054098,"circlet_count":0,"master_deck":["AscendersBane","Strike_B","Strike_B","Strike_B","Defend_B","Defend_B+1","Defend_B","Defend_B+1","Zap","Dualcast","Cold Snap+1","Beam Cell+1","Creative AI+1","Creative AI+1","White Noise+1","Compile Driver","Storm+1","Undo","Cold Snap","Glacier+1","Core Surge","Ghostly+1","Ghostly+1","Ghostly+1","Ghostly+1","Ghostly+1","Defragment+1","Undo+1","FTL","Hologram+1","Amplify+1","Storm","Coolheaded+1","Electrodynamics","Chaos+1","Static Discharge","BootSequence+1"],"special_seed":0,"relics":["Cracked Core","Happy Flower","Bottled Flame","War Paint","Toxic Egg 2","Eternal Feather","Mummified Hand","Pen Nib","Boot","Vajra","Tiny Chest","Black Star","Darkstone Periapt"],"potions_floor_usage":[40],"damage_taken":[{"damage":0.0,"enemies":"Cultist","floor":1.0,"turns":4.0},{"damage":8.0,"enemies":"2 Louse","floor":2.0,"turns":3.0},{"damage":2.0,"enemies":"Jaw Worm","floor":4.0,"turns":3.0},{"damage":7.0,"enemies":"Blue Slaver","floor":7.0,"turns":3.0},{"damage":3.0,"enemies":"Large Slime","floor":10.0,"turns":5.0},{"damage":11.0,"enemies":"Lagavulin","floor":13.0,"turns":8.0},{"damage":0.0,"enemies":"Slime Boss","floor":16.0,"turns":9.0},{"damage":14.0,"enemies":"3 Byrds","floor":18.0,"turns":5.0},{"damage":0.0,"enemies":"Chosen","floor":21.0,"turns":5.0},{"damage":0.0,"enemies":"Centurion and Healer","floor":22.0,"turns":7.0},{"damage":0.0,"enemies":"Gremlin Leader","floor":24.0,"turns":9.0},{"damage":0.0,"enemies":"3 Cultists","floor":25.0,"turns":4.0},{"damage":0.0,"enemies":"Book of Stabbing","floor":27.0,"turns":7.0},{"damage":0.0,"enemies":"Snake Plant","floor":31.0,"turns":3.0},{"damage":3.0,"enemies":"Collector","floor":33.0,"turns":8.0},{"damage":0.0,"enemies":"Orb Walker","floor":35.0,"turns":4.0},{"damage":18.0,"enemies":"3 Shapes","floor":36.0,"turns":4.0},{"damage":9,"enemies":"Spire Growth","floor":38,"turns":5},{"damage":0,"enemies":"Sphere and 2 Shapes","floor":39,"turns":4},{"damage":17,"enemies":"Giant Head","floor":40,"turns":6}],"seed_played":"-2920980640858705889","potions_obtained":[{"floor":7.0,"key":"Swift Potion"},{"floor":10.0,"key":"Block Potion"},{"floor":27.0,"key":"Poison Potion"},{"floor":39,"key":"Swift Potion"}],"is_trial":false,"path_per_floor":["M","M","?","M","T","R","M","R","T","M","$","?","E","$","R","B",null,"M","?","T","M","M","R","E","M","T","E","?","$","R","M","R","B",null,"M","M","T","M","M","E"],"character_chosen":"DEFECT","items_purchased":["Storm","Undo","Glacier+1","Tiny Chest","Storm"],"campfire_rested":0,"item_purchase_floors":[11,11,14,29,29],"current_hp_per_floor":[68,60,60,58,58,58,51,51,51,48,48,48,37,37,37,37,66,52,37,37,37,37,37,37,37,37,37,37,37,37,37,37,34,36,36,18,18,9,9,0],"gold":173,"neow_bonus":"RANDOM_COMMON_RELIC","is_prod":false,"is_daily":false,"chose_seed":false,"campfire_upgraded":6,"win_rate":0,"timestamp":1546817804,"path_taken":["M","?","?","M","?","R","M","R","T","M","$","?","E","?","R","BOSS","M","?","?","M","M","R","E","M","T","E","?","$","R","M","R","BOSS","M","?","?","M","M","E"],"build_version":"2019-01-03v4","purchased_purges":0,"victory":false,"max_hp_per_floor":[75,75,75,75,75,75,75,75,75,75,75,75,75,75,75,75,75,75,37,37,37,37,37,37,37,37,37,37,37,37,37,37,37,37,37,37,37,37,37,37],"card_choices":[{"not_picked":["Stack","Sweeping Beam"],"picked":"Cold Snap","floor":1.0},{"not_picked":["Gash","Streamline"],"picked":"Beam Cell","floor":2.0},{"not_picked":["Streamline","Cold Snap"],"picked":"Creative AI","floor":4.0},{"not_picked":["Streamline","Force Field"],"picked":"White Noise","floor":7.0},{"not_picked":["Rebound","Reprogram"],"picked":"Compile Driver","floor":10.0},{"not_picked":["Redo","Leap"],"picked":"Cold Snap","floor":13.0},{"not_picked":["Multi-Cast+1","Thunder Strike"],"picked":"Core Surge","floor":16.0},{"not_picked":["Gash+1","Sunder+1","Streamline"],"picked":"SKIP","floor":18.0},{"not_picked":["FTL","Rebound"],"picked":"Defragment","floor":21.0},{"not_picked":["Tempest+1","Sunder"],"picked":"Undo+1","floor":22.0},{"not_picked":["Streamline","Ball Lightning"],"picked":"FTL","floor":24.0},{"not_picked":["Beam Cell","Cold Snap"],"picked":"Hologram+1","floor":25.0},{"not_picked":["Compile Driver","Leap+1"],"picked":"Amplify+1","floor":27.0},{"not_picked":["Streamline","Turbo+1"],"picked":"Coolheaded+1","floor":31.0},{"not_picked":["All For One","Thunder Strike"],"picked":"Electrodynamics","floor":33.0},{"not_picked":["Hologram+1","Rebound"],"picked":"Chaos+1","floor":35.0},{"not_picked":["Compile Driver","Redo+1"],"picked":"Static Discharge","floor":36.0},{"not_picked":["Double Energy+1","Rebound","Steam+1"],"picked":"SKIP","floor":38},{"not_picked":["Turbo+1","Conserve Battery+1"],"picked":"BootSequence+1","floor":39}],"player_experience":754545,"relics_obtained":[{"floor":5.0,"key":"Bottled Flame"},{"floor":9.0,"key":"War Paint"},{"floor":13.0,"key":"Toxic Egg 2"},{"floor":20.0,"key":"Mummified Hand"},{"floor":24.0,"key":"Pen Nib"},{"floor":26.0,"key":"Boot"},{"floor":27.0,"key":"Vajra"},{"floor":37.0,"key":"Darkstone Periapt"}],"event_choices":[{"damage_healed":0.0,"max_hp_gain":0.0,"max_hp_loss":0.0,"gold_gain":0.0,"cards_transformed":["Strike_B"],"event_name":"Living Wall","player_choice":"Change","floor":3.0,"gold_loss":0.0,"damage_taken":0.0,"cards_obtained":["Creative AI"]},{"damage_healed":0.0,"max_hp_gain":0.0,"max_hp_loss":0.0,"gold_gain":0.0,"event_name":"The Cleric","player_choice":"Leave","floor":12.0,"gold_loss":0.0,"damage_taken":0.0},{"damage_healed":0.0,"max_hp_gain":0.0,"max_hp_loss":38.0,"gold_gain":0.0,"event_name":"Ghosts","player_choice":"Became a Ghost","floor":19.0,"gold_loss":0.0,"damage_taken":0.0,"cards_obtained":["Ghostly","Ghostly","Ghostly","Ghostly","Ghostly"]},{"damage_healed":0.0,"max_hp_gain":0.0,"max_hp_loss":0.0,"gold_gain":0.0,"event_name":"Designer","player_choice":"Upgrade","floor":28.0,"gold_loss":40.0,"damage_taken":0.0,"cards_upgraded":["Creative AI"]}],"is_beta":true,"boss_relics":[{"not_picked":["Empty Cage","Inserter"],"picked":"Eternal Feather"},{"not_picked":["Runic Dome","Calling Bell"],"picked":"Black Star"}],"items_purged_floors":[],"is_endless":false,"potions_floor_spawned":[7,10,18,24,27,39],"killed_by":"Giant Head","ascension_level":13}