{"path_per_floor":["M","?","?","M","M","R","E","R","T","M","M","M","M","M","R"],"character_chosen":"IRONCLAD","items_purchased":[],"gold_per_floor":[109,109,109,124,145,145,178,178,178,194,214,234,249,272,272,272],"floor_reached":16,"campfire_rested":1,"playtime":1222,"item_purchase_floors":[],"current_hp_per_floor":[80,64,44,47,53,53,15,39,39,48,50,51,46,36,36,0],"items_purged":[],"gold":272,"score":106,"play_id":"a99bd32d-fe63-4356-b435-66296354f270","local_time":"20180616221130","is_prod":false,"is_daily":false,"chose_seed":false,"is_ascension_mode":false,"campfire_upgraded":2,"win_rate":0.0,"timestamp":1529201490,"campfire_choices":[{"data":"Bash","floor":6,"key":"SMITH"},{"floor":8,"key":"REST"},{"data":"Flex","floor":15,"key":"SMITH"}],"path_taken":["M","?","?","M","M","R","E","R","T","M","M","?","M","M","R","BOSS"],"build_version":"2018-06-14v2","seed_source_timestamp":337731956314502,"purchased_purges":0,"victory":false,"master_deck":["Strike_R","Strike_R","Strike_R+1","Strike_R","Strike_R","Defend_R","Defend_R","Defend_R","Defend_R","Bash+1","Sever Soul","Clothesline+1","Shrug It Off","Carnage","Juggernaut","True Grit","Second Wind","Perfected Strike","Warcry","Flex+1"],"max_hp_per_floor":[80,80,80,80,80,80,80,80,80,80,80,80,80,80,80,80],"relics":["Burning Blood","Golden Idol","Kunai","Gremlin Horn"],"card_choices":[{"not_picked":["Combust","Sword Boomerang"],"picked":"Sever Soul","floor":0},{"not_picked":["True Grit","Feel No Pain"],"picked":"Clothesline","floor":1},{"not_picked":["Pommel Strike","Reckless Charge"],"picked":"Shrug It Off","floor":4},{"not_picked":["Intimidate","Anger"],"picked":"Carnage","floor":5},{"not_picked":["Seeing Red","Combust"],"picked":"Juggernaut","floor":7},{"not_picked":["Body Slam","Thunderclap"],"picked":"True Grit","floor":10},{"not_picked":["Twin Strike","Heavy Blade"],"picked":"Second Wind","floor":11},{"not_picked":["Thunderclap","Heavy Blade"],"picked":"Perfected Strike","floor":12},{"not_picked":["Body Slam","Impervious"],"picked":"Warcry","floor":13},{"not_picked":["Clash","Body Slam"],"picked":"Flex","floor":14}],"player_experience":48500,"potions_floor_usage":[10,16,16],"damage_taken":[{"damage":0,"enemies":"Small Slimes","floor":1,"turns":3},{"damage":3,"enemies":"Jaw Worm","floor":4,"turns":3},{"damage":0,"enemies":"Cultist","floor":5,"turns":3},{"damage":44,"enemies":"Lagavulin","floor":7,"turns":7},{"damage":5,"enemies":"Looter","floor":10,"turns":4},{"damage":4,"enemies":"Blue Slaver","floor":11,"turns":4},{"damage":5,"enemies":"Exordium Thugs","floor":12,"turns":5},{"damage":11,"enemies":"Red Slaver","floor":13,"turns":3},{"damage":16,"enemies":"Exordium Wildlife","floor":14,"turns":4},{"damage":49,"enemies":"Hexaghost","floor":16,"turns":11}],"relics_obtained":[{"floor":7,"key":"Kunai"},{"floor":9,"key":"Gremlin Horn"}],"event_choices":[{"event_name":"Shining Light","player_choice":"Entered Light","floor":2,"damage_taken":0},{"event_name":"Golden Idol","player_choice":"Take Damage","floor":3,"damage_taken":0}],"boss_relics":[],"items_purged_floors":[],"is_endless":false,"potions_floor_spawned":[5,7,10,11],"seed_played":"-3373243913480491655","killed_by":"Hexaghost","ascension_level":0,"potions_obtained":[{"floor":5,"key":"BloodPotion"},{"floor":7,"key":"SpeedPotion"},{"floor":10,"key":"Swift Potion"},{"floor":11,"key":"BloodPotion"}],"is_trial":false}