{"gold_per_floor":[110,123,73,83,83,83,114,139,139,139,155,80,103,122,122,246,246,261,261,261,284,309,309,327,343,369,384,207,0,55,74,74,193,193,213,39,62,395,395,395,427,427,503,183,183,214,240,240,240,240],"floor_reached":51,"playtime":6978,"items_purged":["Strike_R","Strike_R","Defend_R","Defend_R"],"score":682,"play_id":"11dffbef-a765-4c7a-a797-e92b72b5b6ed","local_time":"20190704113453","is_ascension_mode":false,"campfire_choices":[{"data":"Magnetism","floor":6,"key":"SMITH"},{"data":"True Grit","floor":10,"key":"SMITH"},{"data":"Shrug It Off","floor":15,"key":"SMITH"},{"floor":23,"key":"REST"},{"floor":32,"key":"REST"},{"floor":40,"key":"REST"},{"floor":42,"key":"REST"},{"floor":45,"key":"REST"},{"floor":49,"key":"REST"}],"neow_cost":"TEN_PERCENT_HP_LOSS","seed_source_timestamp":1023941645695004,"circlet_count":0,"master_deck":["Strike_R","Strike_R","Defend_R","Defend_R","Bash","Magnetism+1","Blind","Shrug It Off+1","Ghostly Armor","True Grit+1","Seeing Red","Dark Embrace","Flex","Feel No Pain","Infernal Blade","True Grit","Infernal Blade","Pommel Strike+1","RitualDagger","Second Wind+1","Seeing Red","Offering","Warcry","Madness","Madness","Body Slam+1","Metamorphosis","Burning Pact+1"],"relics":["Burning Blood","Pear","Letter Opener","Orrery","Mercury Hourglass","Boot","Strawberry","Orichalcum","Fusion Hammer","Champion Belt","Darkstone Periapt","Magic Flower","Potion Belt"],"potions_floor_usage":[7,7,25,33,33,33,41,48,50],"damage_taken":[{"damage":6,"enemies":"Cultist","floor":1,"turns":5},{"damage":5,"enemies":"2 Louse","floor":2,"turns":6},{"damage":0,"enemies":"Small Slimes","floor":4,"turns":6},{"damage":6,"enemies":"3 Sentries","floor":7,"turns":11},{"damage":5,"enemies":"2 Fungi Beasts","floor":8,"turns":8},{"damage":0,"enemies":"Blue Slaver","floor":11,"turns":6},{"damage":1,"enemies":"Exordium Wildlife","floor":13,"turns":3},{"damage":0,"enemies":"Exordium Thugs","floor":14,"turns":5},{"damage":45,"enemies":"The Guardian","floor":16,"turns":14},{"damage":19,"enemies":"Spheric Guardian","floor":18,"turns":7},{"damage":35,"enemies":"3 Byrds","floor":22,"turns":5},{"damage":23,"enemies":"Snake Plant","floor":24,"turns":6},{"damage":20,"enemies":"Shelled Parasite and Fungi","floor":25,"turns":8},{"damage":1,"enemies":"Snecko","floor":27,"turns":6},{"damage":25,"enemies":"3 Cultists","floor":31,"turns":5},{"damage":50,"enemies":"Collector","floor":33,"turns":12},{"damage":6,"enemies":"Orb Walker","floor":35,"turns":5},{"damage":16,"enemies":"3 Darklings","floor":37,"turns":4},{"damage":57,"enemies":"Reptomancer","floor":41,"turns":5},{"damage":28,"enemies":"Giant Head","floor":46,"turns":9},{"damage":0,"enemies":"Spire Growth","floor":48,"turns":1},{"damage":81,"enemies":"Time Eater","floor":50,"turns":10}],"seed_played":"8626716464603121","potions_obtained":[{"floor":1,"key":"FearPotion"},{"floor":2,"key":"Block Potion"},{"floor":14,"key":"Poison Potion"},{"floor":18,"key":"BloodPotion"},{"floor":22,"key":"Poison Potion"},{"floor":27,"key":"AttackPotion"},{"floor":33,"key":"PowerPotion"},{"floor":46,"key":"SmokeBomb"}],"is_trial":false,"path_per_floor":["M","M","?","M","?","R","E","M","T","R","M","$","M","M","R","B",null,"M","?","?","T","M","R","M","M","T","M","$","?","T","M","R","B",null,"M","$","M","?","?","R","E","R","T","$","R","E","T","M","R","B",null],"character_chosen":"IRONCLAD","items_purchased":["Offering","Swift Potion","Metamorphosis"],"campfire_rested":6,"item_purchase_floors":[28,36,44],"current_hp_per_floor":[72,72,72,72,54,54,64,65,65,65,71,71,76,82,82,43,82,69,63,63,63,34,58,41,47,54,59,59,59,59,40,66,22,89,89,89,79,79,68,89,38,64,64,64,89,67,67,76,89,17],"gold":240,"neow_bonus":"RANDOM_COLORLESS_2","is_prod":false,"is_daily":false,"chose_seed":false,"campfire_upgraded":3,"win_rate":0,"timestamp":1562265293,"path_taken":["M","M","?","M","?","R","E","M","T","R","M","$","M","M","R","BOSS","M","?","?","?","?","R","M","M","T","M","$","?","?","M","R","BOSS","M","$","M","?","?","R","E","R","T","?","R","E","?","?","R","BOSS"],"build_version":"2019-07-01","purchased_purges":4,"victory":true,"max_hp_per_floor":[72,72,72,72,72,72,82,82,82,82,82,82,82,82,82,82,82,82,82,82,82,82,82,82,82,89,89,89,89,89,89,89,89,89,89,89,89,89,89,89,89,89,89,89,89,89,89,89,89,89],"card_choices":[{"not_picked":["Iron Wave","Clothesline"],"picked":"Shrug It Off","floor":1},{"not_picked":["Iron Wave","True Grit"],"picked":"Ghostly Armor","floor":2},{"not_picked":["Armaments","Clothesline","Intimidate"],"picked":"SKIP","floor":4},{"not_picked":["Demon Form","Rage"],"picked":"True Grit","floor":7},{"not_picked":["Warcry","Searing Blow","Clash"],"picked":"SKIP","floor":8},{"not_picked":["Searing Blow","Warcry"],"picked":"Seeing Red","floor":11},{"not_picked":["Wild Strike","Dropkick","Shockwave"],"picked":"SKIP","floor":13},{"not_picked":["Clash","Rupture","Twin Strike"],"picked":"SKIP","floor":14},{"not_picked":["Offering","Double Tap"],"picked":"Dark Embrace","floor":16},{"not_picked":["Sever Soul","Clothesline"],"picked":"Flex","floor":17},{"not_picked":["Perfected Strike","Metallicize"],"picked":"Feel No Pain","floor":17},{"not_picked":["Headbutt","Searing Blow"],"picked":"Infernal Blade","floor":17},{"not_picked":["Rage","Flex"],"picked":"True Grit","floor":17},{"not_picked":["Inflame","Thunderclap"],"picked":"Infernal Blade","floor":17},{"not_picked":["Immolate","Armaments"],"picked":"Pommel Strike+1","floor":18},{"not_picked":["Pommel Strike","Ghostly Armor"],"picked":"Second Wind+1","floor":22},{"not_picked":["Pommel Strike","True Grit"],"picked":"Seeing Red","floor":24},{"not_picked":["Pommel Strike","Flex","Rupture"],"picked":"SKIP","floor":25},{"not_picked":["Shrug It Off+1","Clash","Cleave"],"picked":"SKIP","floor":27},{"not_picked":["Iron Wave","Power Through","Rage+1"],"picked":"SKIP","floor":31},{"not_picked":["Perfected Strike+1","Sever Soul","Reckless Charge"],"picked":"SKIP","floor":35},{"not_picked":["Clash+1","Whirlwind+1"],"picked":"Warcry","floor":37},{"not_picked":["Carnage","Headbutt"],"picked":"Body Slam+1","floor":41},{"not_picked":["Flame Barrier","Rampage+1"],"picked":"Burning Pact+1","floor":46}],"player_experience":33001,"relics_obtained":[{"floor":7,"key":"Pear"},{"floor":9,"key":"Letter Opener"},{"floor":21,"key":"Boot"},{"floor":26,"key":"Strawberry"},{"floor":30,"key":"Orichalcum"},{"floor":41,"key":"Champion Belt"},{"floor":43,"key":"Darkstone Periapt"},{"floor":46,"key":"Magic Flower"},{"floor":47,"key":"Potion Belt"}],"event_choices":[{"cards_removed":["Strike_R"],"damage_healed":0,"gold_gain":0,"player_choice":"Card Removal","damage_taken":0,"max_hp_gain":0,"max_hp_loss":0,"event_name":"The Cleric","floor":3,"gold_loss":50},{"damage_healed":0,"gold_gain":0,"player_choice":"Take Damage","damage_taken":18,"relics_obtained":["Golden Idol"],"max_hp_gain":0,"max_hp_loss":0,"event_name":"Golden Idol","floor":5,"gold_loss":0},{"damage_healed":0,"gold_gain":0,"player_choice":"Joined the Cult","damage_taken":6,"max_hp_gain":0,"max_hp_loss":0,"event_name":"Nest","floor":19,"gold_loss":0,"cards_obtained":["RitualDagger"]},{"damage_healed":0,"gold_gain":0,"player_choice":"Opened","damage_taken":0,"relics_obtained":["Mercury Hourglass"],"max_hp_gain":0,"max_hp_loss":0,"event_name":"The Mausoleum","floor":20,"gold_loss":0},{"damage_healed":0,"gold_gain":0,"player_choice":"Paid Fearfully","damage_taken":0,"max_hp_gain":0,"max_hp_loss":0,"event_name":"Masked Bandits","floor":29,"gold_loss":207},{"damage_healed":0,"gold_gain":333,"player_choice":"Gave Idol","damage_taken":0,"max_hp_gain":0,"max_hp_loss":0,"event_name":"The Moai Head","floor":38,"relics_lost":["Golden Idol"],"gold_loss":0},{"damage_healed":0,"gold_gain":0,"player_choice":"Embrace Madness","damage_taken":11,"max_hp_gain":0,"max_hp_loss":0,"event_name":"Winding Halls","floor":39,"gold_loss":0,"cards_obtained":["Madness","Madness"]}],"is_beta":false,"boss_relics":[{"not_picked":["Tiny House","Mark of Pain"],"picked":"Orrery"},{"not_picked":["Astrolabe","Black Blood"],"picked":"Fusion Hammer"}],"items_purged_floors":[12,28,36,44],"is_endless":false,"potions_floor_spawned":[1,2,14,18,22,27,33,46],"ascension_level":0}