{"path_per_floor":["M","?","$","M","$","E","R","M","T","M","?","?","R","$","R","B",null,"M","?","$","?","M","R","$","R","T","R","M","R","M","?","R"],"character_chosen":"THE_SILENT","items_purchased":["Noxious Fumes","Regal Pillow"],"gold_per_floor":[112,112,112,126,90,121,121,140,140,153,153,153,153,5,5,101,101,112,112,62,62,80,80,30,30,79,79,98,98,117,117,117,117],"floor_reached":33,"campfire_rested":1,"playtime":3109,"current_hp_per_floor":[70,70,70,70,70,33,33,33,33,33,8,8,8,8,44,12,70,51,57,57,57,46,53,53,53,53,53,51,51,53,53,53,0],"items_purged":["Writhe","Acrobatics"],"gold":117,"score":266,"play_id":"d8eabcba-f171-4de9-940b-2d5fdb02a92a","local_time":"20180506211603","is_prod":false,"is_daily":false,"chose_seed":false,"is_ascension_mode":false,"campfire_upgraded":0,"timestamp":1525655763,"path_taken":["M","?","$","M","$","E","R","?","T","M","?","?","R","?","R","BOSS","M","?","$","?","M","R","$","R","T","R","M","R","M","?","R","BOSS"],"build_version":"2018-05-03","seed_source_timestamp":259996565285740,"purchased_purges":2,"victory":false,"master_deck":["Survivor+1","Neutralize+1","Backflip","Dodge and Roll","Noxious Fumes","Flying Knee","Tools of the Trade","Escape Plan","Prepared","Deadly Poison","Dodge and Roll","Acrobatics","PiercingWail","PiercingWail","Bane+1","Outmaneuver+1","Blur"],"max_hp_per_floor":[70,70,70,70,70,70,70,70,70,70,70,70,70,70,70,70,70,70,76,76,76,76,83,83,83,83,83,83,83,85,85,85,85],"relics":["Ring of the Snake","Shovel","Bottled Flame","War Paint","Darkstone Periapt","Gremlin Horn","Lantern","Regal Pillow","Pandora\u0027s Box","Smiling Mask","Strawberry","Whetstone","Prayer Wheel","Singing Bowl","Toolbox","Peace Pipe"],"card_choices":[{"not_picked":["Setup","Deadly Poison"],"picked":"Backflip","floor":1},{"not_picked":["Acrobatics","All Out Attack"],"picked":"Dodge and Roll","floor":4},{"not_picked":["Acrobatics","PiercingWail"],"picked":"Flying Knee","floor":8},{"not_picked":["Corpse Explosion","Storm of Steel"],"picked":"Tools of the Trade","floor":16},{"not_picked":["Poisoned Stab","Underhanded Strike"],"picked":"Outmaneuver","floor":22},{"not_picked":["Deflect","Dash"],"picked":"Blur","floor":28}],"player_experience":185587,"potions_floor_usage":[10,16,22,22,22,33,33],"damage_taken":[{"damage":0,"enemies":"2 Louse","floor":1,"turns":3},{"damage":0,"enemies":"Jaw Worm","floor":4,"turns":5},{"damage":37,"enemies":"Gremlin Nob","floor":6,"turns":6},{"damage":0,"enemies":"Cultist","floor":8,"turns":6},{"damage":0,"enemies":"Lots of Slimes","floor":10,"turns":1},{"damage":47,"enemies":"Slime Boss","floor":16,"turns":17},{"damage":19,"enemies":"Chosen","floor":18,"turns":6},{"damage":11,"enemies":"2 Thieves","floor":22,"turns":4},{"damage":2,"enemies":"Snecko","floor":28,"turns":6},{"damage":0,"enemies":"Snake Plant","floor":30,"turns":7},{"damage":54,"enemies":"Champ","floor":33,"turns":17}],"event_choices":[{"event_name":"Living Wall","player_choice":"Forget","floor":2,"damage_taken":0},{"event_name":"Scrap Ooze","player_choice":"success","floor":11,"damage_taken":25},{"event_name":"Wheel of Change","player_choice":"Card Removal","floor":12,"damage_taken":0},{"event_name":"The Mausoleum","player_choice":"Yes","floor":19,"damage_taken":0},{"event_name":"The Lab","player_choice":"Got Potions","floor":21,"damage_taken":0},{"event_name":"Drug Dealer","player_choice":"Ignored","floor":31,"damage_taken":0}],"boss_relics":[{"not_picked":["Ectoplasm","Runic Pyramid"],"picked":"Pandora\u0027s Box"}],"potions_floor_spawned":[1,8,16,18,28,30],"seed_played":"-2176810059356406235","killed_by":"Champ","ascension_level":0,"is_trial":false}