{"gold_per_floor":[111,122,139,158,170,170,186,186,212,212,212,228,246,262,262,336,336,356,356,281,281,68,68],"floor_reached":23,"playtime":769,"items_purged":[],"score":370,"play_id":"2b7e2a97-d768-42b7-8d48-152fd40e7d6f","local_time":"20190713123834","is_ascension_mode":true,"campfire_choices":[{"data":"Static Discharge","floor":6.0,"key":"SMITH"},{"floor":8.0,"key":"REST"},{"floor":11.0,"key":"REST"},{"data":"Conserve Battery","floor":15.0,"key":"SMITH"}],"neow_cost":"NONE","seed_source_timestamp":435791896554300,"circlet_count":0,"master_deck":["AscendersBane","Defend_B","Defend_B","Defend_B","Defend_B","Zap","Dualcast","Creative AI","Sweeping Beam","Static Discharge+1","Leap","Compile Driver","Capacitor","White Noise","Fusion","Coolheaded","Conserve Battery+1","Stack","Electrodynamics","Cold Snap","Steam","Fusion"],"special_seed":0,"relics":["Cracked Core","Regal Pillow","Inserter","ClockworkSouvenir"],"potions_floor_usage":[23,23],"damage_taken":[{"damage":6.0,"enemies":"Small Slimes","floor":1.0,"turns":3.0},{"damage":12.0,"enemies":"Jaw Worm","floor":2.0,"turns":2.0},{"damage":1.0,"enemies":"2 Louse","floor":3.0,"turns":3.0},{"damage":9.0,"enemies":"2 Fungi Beasts","floor":4.0,"turns":3.0},{"damage":6.0,"enemies":"Blue Slaver","floor":5.0,"turns":4.0},{"damage":18.0,"enemies":"Large Slime","floor":7.0,"turns":5.0},{"damage":11.0,"enemies":"3 Louse","floor":12.0,"turns":3.0},{"damage":7.0,"enemies":"2 Fungi Beasts","floor":13.0,"turns":4.0},{"damage":1.0,"enemies":"Blue Slaver","floor":14.0,"turns":4.0},{"damage":16.0,"enemies":"Slime Boss","floor":16.0,"turns":9.0},{"damage":36.0,"enemies":"Shell Parasite","floor":18.0,"turns":7.0},{"damage":28,"enemies":"Slavers","floor":23,"turns":2}],"seed_played":"-4655730031217931111","potions_obtained":[{"floor":1.0,"key":"FocusPotion"},{"floor":7.0,"key":"SteroidPotion"},{"floor":14.0,"key":"Weak Potion"},{"floor":16.0,"key":"FearPotion"}],"is_trial":false,"path_per_floor":["M","M","M","M","M","R","M","R","T","?","R","M","M","M","R","B",null,"M","?","?","?","$","E"],"character_chosen":"DEFECT","items_purchased":["ClockworkSouvenir"],"campfire_rested":2,"item_purchase_floors":[22],"current_hp_per_floor":[58,46,45,36,30,30,12,33,33,33,69,58,51,50,50,34,62,26,26,26,26,26,0],"gold":68,"neow_bonus":"ONE_RANDOM_RARE_CARD","is_prod":false,"is_daily":false,"chose_seed":false,"campfire_upgraded":2,"win_rate":0,"timestamp":1563035914,"path_taken":["M","M","M","M","M","R","M","R","T","?","R","M","M","M","R","BOSS","M","?","?","?","$","E"],"build_version":"2019-07-10","purchased_purges":0,"victory":false,"max_hp_per_floor":[71,71,71,71,71,71,71,71,71,71,71,71,71,71,71,71,71,71,71,71,71,71,71],"card_choices":[{"not_picked":["Force Field","Recycle"],"picked":"Sweeping Beam","floor":1.0},{"not_picked":["Stack","Sweeping Beam"],"picked":"Static Discharge","floor":2.0},{"not_picked":["Beam Cell","Fusion"],"picked":"Leap","floor":3.0},{"not_picked":["Streamline","Gash"],"picked":"Compile Driver","floor":4.0},{"not_picked":["Beam Cell","Ball Lightning"],"picked":"Capacitor","floor":5.0},{"not_picked":["Stack","Sunder"],"picked":"White Noise","floor":7.0},{"not_picked":["Turbo","Ball Lightning"],"picked":"Coolheaded","floor":12.0},{"not_picked":["Coolheaded","Skim"],"picked":"Conserve Battery","floor":13.0},{"not_picked":["Sweeping Beam","Turbo"],"picked":"Stack","floor":14.0},{"not_picked":["All For One","Creative AI"],"picked":"Electrodynamics","floor":16.0},{"not_picked":["Ball Lightning","Reinforced Body"],"picked":"Cold Snap","floor":18.0}],"player_experience":1085300,"relics_obtained":[{"floor":9.0,"key":"Regal Pillow"}],"event_choices":[{"damage_healed":0.0,"max_hp_gain":0.0,"max_hp_loss":0.0,"gold_gain":0.0,"cards_transformed":["Strike_B"],"event_name":"Living Wall","player_choice":"Change","floor":10.0,"gold_loss":0.0,"damage_taken":0.0,"cards_obtained":["Fusion"]},{"damage_healed":0.0,"max_hp_gain":0.0,"max_hp_loss":0.0,"gold_gain":0.0,"event_name":"Ghosts","player_choice":"Ignored","floor":19.0,"gold_loss":0.0,"damage_taken":0.0},{"cards_removed":["Strike_B"],"damage_healed":0.0,"max_hp_gain":0.0,"max_hp_loss":0.0,"gold_gain":0.0,"event_name":"Beggar","player_choice":"Gave Gold","floor":20.0,"gold_loss":75.0,"damage_taken":0.0},{"damage_healed":0.0,"max_hp_gain":0.0,"max_hp_loss":0.0,"gold_gain":0.0,"cards_transformed":["Strike_B","Strike_B"],"event_name":"Drug Dealer","player_choice":"Became Test Subject","floor":21.0,"gold_loss":0.0,"damage_taken":0.0,"cards_obtained":["Steam","Fusion"]}],"is_beta":true,"boss_relics":[{"not_picked":["Cursed Key","Empty Cage"],"picked":"Inserter"}],"items_purged_floors":[],"is_endless":false,"potions_floor_spawned":[1,7,12,14,16],"killed_by":"Slavers","ascension_level":20}