{"gold_per_floor":[115,125,125,57,57,91,91,101,101,119,95,95,114,126,126,229,229,248,347,347,363,378,378,378,378,378,378,397,410,410,420,420,522,522,542,542,142,161,7,7,7,7,32,44,57,57],"floor_reached":46,"playtime":3994,"items_purged":[],"score":499,"play_id":"ea6d9a81-d435-4179-afba-10fcdbe69cb0","local_time":"20181106235748","is_ascension_mode":false,"campfire_choices":[{"data":"Metallicize","floor":7,"key":"SMITH"},{"floor":12,"key":"RECALL"},{"data":"Armaments","floor":15,"key":"SMITH"},{"floor":24,"key":"REST"},{"data":"Flame Barrier","floor":27,"key":"SMITH"},{"floor":32,"key":"REST"},{"data":"Flame Barrier","floor":40,"key":"SMITH"},{"data":"Rampage","floor":42,"key":"SMITH"}],"neow_cost":"NONE","seed_source_timestamp":70051748267143,"circlet_count":0,"master_deck":["Defend_R","Defend_R","Defend_R","Bash","Warcry+1","Spot Weakness","Metallicize+1","Feel No Pain","Flame Barrier+1","Warcry","Clothesline","Armaments+1","Exhume","Blood for Blood+1","Sword Boomerang+1","Rupture+1","True Grit+1","Warcry","Infernal Blade+1","Rampage+1","Shockwave","Battle Trance","Berserk","Barricade","Battle Trance","Flame Barrier+1"],"relics":["Burning Blood","Unceasing Top","Astrolabe","Pear","Oddly Smooth Stone","Coffee Dripper","Self Forming Clay","War Paint","Orichalcum","Regal Pillow"],"potions_floor_usage":[8,16,16,22,23,33,33,46],"damage_taken":[{"damage":11,"enemies":"Jaw Worm","floor":1,"turns":5},{"damage":3,"enemies":"Cultist","floor":2,"turns":5},{"damage":50,"enemies":"3 Sentries","floor":6,"turns":11},{"damage":7,"enemies":"Small Slimes","floor":8,"turns":6},{"damage":7,"enemies":"Blue Slaver","floor":10,"turns":6},{"damage":30,"enemies":"Exordium Wildlife","floor":13,"turns":8},{"damage":16,"enemies":"Large Slime","floor":14,"turns":10},{"damage":11,"enemies":"The Guardian","floor":16,"turns":15},{"damage":11,"enemies":"3 Byrds","floor":18,"turns":5},{"damage":11,"enemies":"Chosen","floor":21,"turns":10},{"damage":96,"enemies":"3 Cultists","floor":22,"turns":8},{"damage":6,"enemies":"Sentry and Sphere","floor":23,"turns":3},{"damage":4,"enemies":"Snecko","floor":28,"turns":7},{"damage":5,"enemies":"Centurion and Healer","floor":29,"turns":8},{"damage":1,"enemies":"Snake Plant","floor":31,"turns":6},{"damage":33,"enemies":"Champ","floor":33,"turns":13},{"damage":11,"enemies":"3 Shapes","floor":35,"turns":7},{"damage":17,"enemies":"Orb Walker","floor":38,"turns":5},{"damage":52,"enemies":"Jaw Worm Horde","floor":44,"turns":6},{"damage":10,"enemies":"Sphere and 2 Shapes","floor":45,"turns":8},{"damage":61,"enemies":"Transient","floor":46,"turns":5}],"seed_played":"-1374534126377996314","potions_obtained":[{"floor":2,"key":"EssenceOfSteel"},{"floor":6,"key":"Fruit Juice"},{"floor":13,"key":"PowerPotion"},{"floor":16,"key":"SmokeBomb"},{"floor":18,"key":"Ancient Potion"},{"floor":21,"key":"BloodPotion"},{"floor":28,"key":"Block Potion"},{"floor":35,"key":"GamblersBrew"},{"floor":44,"key":"Swift Potion"}],"is_trial":false,"path_per_floor":["M","M","?","$","$","E","R","M","T","M","$","R","M","M","R","B",null,"M","?","?","M","M","M","R","T","T","R","M","M","?","M","R","B",null,"M","?","$","M","$","R","$","R","T","M","M","M"],"character_chosen":"IRONCLAD","items_purchased":["Metallicize","Warcry","Self Forming Clay","War Paint","Orichalcum"],"campfire_rested":2,"item_purchase_floors":[4,11,37,37,39],"current_hp_per_floor":[83,86,91,91,91,47,47,51,51,50,50,50,26,16,16,11,98,93,93,93,88,7,7,36,46,46,46,48,49,27,32,65,38,113,108,108,108,97,97,97,97,97,97,51,47,0],"gold":57,"neow_bonus":"TEN_PERCENT_HP_BONUS","is_prod":false,"is_daily":false,"chose_seed":false,"campfire_upgraded":5,"win_rate":0,"timestamp":1541566668,"path_taken":["M","M","?","?","$","E","R","M","T","?","?","R","M","?","R","BOSS","M","?","?","M","M","M","R","?","T","R","M","?","?","M","R","BOSS","M","?","$","?","$","R","?","R","T","M","M","M"],"build_version":"2018-11-05","purchased_purges":0,"victory":false,"max_hp_per_floor":[88,88,93,93,93,93,93,98,98,98,98,98,98,98,98,98,98,98,98,98,98,98,98,98,108,108,108,108,108,113,113,113,113,113,113,113,113,113,113,113,113,113,113,113,113,113],"card_choices":[{"not_picked":["Clothesline","Wild Strike"],"picked":"Warcry","floor":1},{"not_picked":["Uppercut","Pommel Strike"],"picked":"Spot Weakness","floor":2},{"not_picked":["Uppercut","Disarm"],"picked":"Feel No Pain","floor":6},{"not_picked":["Clash","Wild Strike"],"picked":"Flame Barrier","floor":8},{"not_picked":["Clash","Wild Strike","Headbutt"],"picked":"SKIP","floor":10},{"not_picked":["Reckless Charge","Twin Strike"],"picked":"Clothesline","floor":13},{"not_picked":["Limit Break","Twin Strike"],"picked":"Armaments","floor":14},{"not_picked":["Bludgeon","Immolate"],"picked":"Exhume","floor":16},{"not_picked":["Inflame","Armaments"],"picked":"True Grit+1","floor":18},{"not_picked":["Headbutt","Twin Strike","Flex"],"picked":"SKIP","floor":21},{"not_picked":["Body Slam","Twin Strike"],"picked":"Rampage","floor":22},{"not_picked":["Sentinel","Cleave"],"picked":"Shockwave","floor":28},{"not_picked":["Infernal Blade","Thunderclap"],"picked":"Battle Trance","floor":29},{"not_picked":["Clothesline+1","Thunderclap"],"picked":"Berserk","floor":31},{"not_picked":["Juggernaut","Offering"],"picked":"Barricade","floor":33},{"not_picked":["Thunderclap","Clothesline+1"],"picked":"Battle Trance","floor":35},{"not_picked":["Headbutt+1","Power Through+1"],"picked":"Flame Barrier","floor":38},{"not_picked":["Sever Soul+1","Battle Trance+1","Iron Wave"],"picked":"SKIP","floor":44},{"not_picked":["Headbutt","Heavy Blade+1","Flex+1"],"picked":"SKIP","floor":45}],"player_experience":168469,"relics_obtained":[{"floor":6,"key":"Unceasing Top"},{"floor":25,"key":"Pear"},{"floor":26,"key":"Oddly Smooth Stone"},{"floor":43,"key":"Regal Pillow"}],"event_choices":[{"damage_healed":0,"gold_gain":0,"player_choice":"Donut","damage_taken":0,"max_hp_gain":5,"max_hp_loss":0,"event_name":"Big Fish","floor":3,"gold_loss":0},{"damage_healed":0,"gold_gain":99,"player_choice":"Stole From Cult","damage_taken":0,"max_hp_gain":0,"max_hp_loss":0,"event_name":"Nest","floor":19,"gold_loss":0},{"damage_healed":0,"gold_gain":0,"cards_transformed":["Strike_R","Strike_R"],"player_choice":"Became Test Subject","damage_taken":0,"max_hp_gain":0,"max_hp_loss":0,"event_name":"Drug Dealer","floor":20,"gold_loss":0,"cards_obtained":["Warcry","Infernal Blade"]},{"damage_healed":0,"gold_gain":0,"player_choice":"Shed Blood","damage_taken":27,"max_hp_gain":5,"max_hp_loss":0,"event_name":"Forgotten Altar","floor":30,"gold_loss":0},{"cards_removed":["Defend_R"],"damage_healed":0,"gold_gain":0,"player_choice":"Purged","damage_taken":0,"max_hp_gain":0,"max_hp_loss":0,"event_name":"Purifier","floor":36,"gold_loss":0}],"is_beta":true,"boss_relics":[{"not_picked":["Snecko Eye","Busted Crown"],"picked":"Astrolabe"},{"not_picked":["Fusion Hammer","Lizard Tail"],"picked":"Coffee Dripper"}],"items_purged_floors":[],"is_endless":false,"potions_floor_spawned":[2,6,13,16,18,21,23,28,35,44],"killed_by":"Transient","ascension_level":0}