{"path_per_floor":["M","M","$","M","M","R","M","E","T","M","R","M","?","M","R"],"character_chosen":"IRONCLAD","items_purchased":[],"gold_per_floor":[111,128,128,143,160,160,175,201,225,238,238,250,325,339,339,339],"floor_reached":16,"campfire_rested":0,"playtime":1149,"current_hp_per_floor":[87,87,87,87,81,81,69,65,65,70,70,80,69,53,53,0],"items_purged":[],"gold":339,"score":136,"play_id":"9edf20c2-9cee-491c-b52d-ed44bbeee223","local_time":"20180505230014","is_prod":false,"is_daily":false,"chose_seed":false,"is_ascension_mode":true,"campfire_upgraded":3,"timestamp":1525575614,"path_taken":["M","M","$","M","M","R","M","E","T","M","R","M","?","M","R","BOSS"],"build_version":"2018-05-03","seed_source_timestamp":181842476843883,"purchased_purges":1,"victory":false,"master_deck":["Strike_R","Strike_R","Strike_R","Strike_R","Strike_R","Defend_R","Defend_R","Defend_R","Defend_R","Bash","Cleave","Fire Breathing","Sentinel+1","Flex","Iron Wave","Iron Wave+1","Feed+1","Body Slam"],"max_hp_per_floor":[87,87,87,87,87,87,87,97,97,97,97,101,101,105,105,109],"relics":["Burning Blood","Strawberry","Pear","Blood Vial"],"card_choices":[{"not_picked":["Wild Strike","Perfected Strike"],"picked":"Cleave","floor":1},{"not_picked":["Headbutt","Sword Boomerang"],"picked":"Fire Breathing","floor":2},{"not_picked":["Sword Boomerang","Sever Soul"],"picked":"Sentinel","floor":4},{"not_picked":["Cleave","Twin Strike"],"picked":"Flex","floor":5},{"not_picked":["Twin Strike","Infernal Blade"],"picked":"Iron Wave","floor":7},{"not_picked":["Havoc","Intimidate"],"picked":"Iron Wave","floor":8},{"not_picked":["Entrench","Cleave"],"picked":"Feed","floor":10},{"not_picked":["Wild Strike","Uppercut"],"picked":"Body Slam","floor":14}],"player_experience":174593,"potions_floor_usage":[16,16,16],"damage_taken":[{"damage":0,"enemies":"2 Louse","floor":1,"turns":2},{"damage":1,"enemies":"Jaw Worm","floor":2,"turns":4},{"damage":0,"enemies":"Small Slimes","floor":4,"turns":3},{"damage":12,"enemies":"Looter","floor":5,"turns":5},{"damage":18,"enemies":"Blue Slaver","floor":7,"turns":5},{"damage":20,"enemies":"3 Sentries","floor":8,"turns":7},{"damage":3,"enemies":"2 Fungi Beasts","floor":10,"turns":4},{"damage":2,"enemies":"Looter","floor":12,"turns":4},{"damage":28,"enemies":"Exordium Thugs","floor":14,"turns":8},{"damage":77,"enemies":"Slime Boss","floor":16,"turns":13}],"event_choices":[{"event_name":"World of Goop","player_choice":"Gather Gold","floor":13,"damage_taken":0}],"boss_relics":[],"potions_floor_spawned":[1,4,10,14],"seed_played":"-1347221243217005761","killed_by":"Slime Boss","ascension_level":1,"is_trial":false}