{"gold_per_floor":[215,18,32,51,71,97,108,120,144,170,170,170,170,170,170,274,274,293,208,219,28,43,43,61,61,61,86,86,104,203,217,217,318,318,330,330,158,174,188,219,219,229,229,229,229,229,239,258,258,258],"floor_reached":50,"playtime":3014,"items_purged":["Strike_G","Strike_G"],"score":531,"play_id":"8f711937-a3ca-491f-8b8f-0e7101eb2ebc","local_time":"20190721114511","is_ascension_mode":false,"campfire_choices":[{"data":"Noxious Fumes","floor":11,"key":"SMITH"},{"floor":15,"key":"REST"},{"data":"Crippling Poison","floor":23,"key":"SMITH"},{"floor":25,"key":"REST"},{"floor":28,"key":"REST"},{"floor":32,"key":"REST"},{"floor":41,"key":"REST"},{"floor":44,"key":"REST"},{"floor":49,"key":"RECALL"}],"neow_cost":"NONE","seed_source_timestamp":926297572660865,"circlet_count":0,"master_deck":["Strike_G","Strike_G","Defend_G","Defend_G","Defend_G","Defend_G","Defend_G","Survivor","Neutralize+1","Acrobatics","Noxious Fumes+1","Poisoned Stab","Crippling Poison+1","Bane","Crippling Poison","Poisoned Stab","Doppelganger","Footwork+1","Poisoned Stab+1","Deadly Poison+1","Escape Plan","Prepared+1","Dash+1","Footwork","Catalyst"],"relics":["Ring of the Snake","Snake Skull","Anchor","Bag of Marbles","Happy Flower","Lizard Tail","Vajra","Chemical X","Girya","Dodecahedron","Philosopher\u0027s Stone","Centennial Puzzle","Whetstone","Bottled Flame"],"potions_floor_usage":[27,50,50,50],"damage_taken":[{"damage":0,"enemies":"Jaw Worm","floor":1,"turns":3},{"damage":0,"enemies":"Small Slimes","floor":3,"turns":3},{"damage":0,"enemies":"2 Louse","floor":4,"turns":3},{"damage":8,"enemies":"Lots of Slimes","floor":5,"turns":3},{"damage":17,"enemies":"3 Sentries","floor":6,"turns":8},{"damage":10,"enemies":"Exordium Thugs","floor":7,"turns":4},{"damage":0,"enemies":"2 Fungi Beasts","floor":8,"turns":3},{"damage":3,"enemies":"Lagavulin","floor":10,"turns":5},{"damage":20,"enemies":"Hexaghost","floor":16,"turns":8},{"damage":0,"enemies":"Chosen","floor":18,"turns":4},{"damage":8,"enemies":"Spheric Guardian","floor":20,"turns":4},{"damage":12,"enemies":"Cultist and Chosen","floor":22,"turns":5},{"damage":15,"enemies":"Snake Plant","floor":24,"turns":4},{"damage":44,"enemies":"Slavers","floor":27,"turns":4},{"damage":8,"enemies":"Snecko","floor":29,"turns":4},{"damage":0,"enemies":"Chosen and Byrds","floor":31,"turns":4},{"damage":25,"enemies":"Automaton","floor":33,"turns":8},{"damage":13,"enemies":"3 Darklings","floor":35,"turns":4},{"damage":0,"enemies":"3 Shapes","floor":38,"turns":3},{"damage":0,"enemies":"Spire Growth","floor":39,"turns":4},{"damage":39,"enemies":"Giant Head","floor":40,"turns":8},{"damage":19,"enemies":"3 Darklings","floor":42,"turns":3},{"damage":0,"enemies":"Sphere and 2 Shapes","floor":47,"turns":5},{"damage":1,"enemies":"4 Shapes","floor":48,"turns":5},{"damage":84,"enemies":"Time Eater","floor":50,"turns":9}],"seed_played":"3657062745477419866","potions_obtained":[{"floor":1,"key":"LiquidBronze"},{"floor":3,"key":"Poison Potion"},{"floor":5,"key":"GhostInAJar"},{"floor":27,"key":"LiquidBronze"},{"floor":39,"key":"PowerPotion"}],"is_trial":false,"path_per_floor":["M","$","M","M","M","E","M","M","T","E","R","?","?","T","R","B",null,"M","?","M","$","M","R","M","R","T","E","R","M","?","M","R","B",null,"M","?","$","M","M","E","R","M","T","R","T","?","M","M","R","B"],"character_chosen":"THE_SILENT","items_purchased":["Noxious Fumes","Poisoned Stab","Chemical X","Dash"],"campfire_rested":6,"item_purchase_floors":[2,2,21,37],"current_hp_per_floor":[70,70,70,70,62,45,35,35,35,32,32,25,18,18,39,19,70,70,70,62,62,50,50,35,56,56,12,33,25,25,25,46,21,70,57,57,57,57,57,18,39,20,20,41,41,41,41,40,40,0],"gold":258,"neow_bonus":"HUNDRED_GOLD","is_prod":false,"is_daily":false,"chose_seed":false,"campfire_upgraded":2,"win_rate":0,"timestamp":1563734711,"path_taken":["M","$","M","M","M","E","M","M","T","E","R","?","?","?","R","BOSS","M","?","M","$","M","R","M","R","T","E","R","M","?","M","R","BOSS","M","?","$","?","M","E","R","M","T","R","?","?","?","M","R","BOSS"],"build_version":"2019-07-17","purchased_purges":2,"victory":false,"max_hp_per_floor":[70,70,70,70,70,70,70,70,70,70,70,70,70,70,70,70,70,70,70,70,70,70,70,70,70,70,70,70,70,70,70,70,70,70,70,70,70,70,70,70,70,70,70,70,70,70,70,70,70,70],"card_choices":[{"not_picked":["Well Laid Plans","Dodge and Roll"],"picked":"Acrobatics","floor":1},{"not_picked":["Deflect","Flechettes"],"picked":"Crippling Poison","floor":3},{"not_picked":["Sucker Punch","Masterful Stab"],"picked":"Bane","floor":4},{"not_picked":["Cloak And Dagger","Blade Dance","Acrobatics"],"picked":"SKIP","floor":5},{"not_picked":["Dagger Spray","Well Laid Plans"],"picked":"Crippling Poison","floor":6},{"not_picked":["Outmaneuver","All Out Attack","Finisher"],"picked":"SKIP","floor":7},{"not_picked":["Predator","PiercingWail"],"picked":"Poisoned Stab","floor":8},{"not_picked":["Crippling Poison","A Thousand Cuts","Sucker Punch"],"picked":"SKIP","floor":10},{"not_picked":["Glass Knife","Night Terror"],"picked":"Doppelganger","floor":16},{"not_picked":["Cloak And Dagger","Dagger Spray"],"picked":"Footwork+1","floor":18},{"not_picked":["Crippling Poison","Endless Agony"],"picked":"Poisoned Stab+1","floor":20},{"not_picked":["Predator","Blur","All Out Attack"],"picked":"SKIP","floor":22},{"not_picked":["Dagger Throw","Dodge and Roll"],"picked":"Deadly Poison+1","floor":24},{"not_picked":["Acrobatics+1","Accuracy","Predator+1"],"picked":"SKIP","floor":27},{"not_picked":["Slice+1","Noxious Fumes"],"picked":"Escape Plan","floor":29},{"not_picked":["Dagger Throw","Concentrate","Cloak And Dagger+1"],"picked":"SKIP","floor":31},{"not_picked":["Slice","Caltrops+1"],"picked":"Prepared+1","floor":35},{"not_picked":["Blade Dance+1","Heel Hook+1","Dodge and Roll+1"],"picked":"SKIP","floor":38},{"not_picked":["Sucker Punch","Setup","Flying Knee+1"],"picked":"SKIP","floor":39},{"not_picked":["Masterful Stab+1","Choke+1","PiercingWail+1"],"picked":"SKIP","floor":40},{"not_picked":["Acrobatics","Deadly Poison+1"],"picked":"Footwork","floor":42},{"not_picked":["Distraction+1","Flying Knee+1"],"picked":"Catalyst","floor":47},{"not_picked":["Bouncing Flask","Crippling Poison+1","Dash+1"],"picked":"SKIP","floor":48}],"player_experience":172566,"relics_obtained":[{"floor":6,"key":"Snake Skull"},{"floor":9,"key":"Anchor"},{"floor":10,"key":"Bag of Marbles"},{"floor":26,"key":"Girya"},{"floor":27,"key":"Dodecahedron"},{"floor":40,"key":"Centennial Puzzle"},{"floor":43,"key":"Whetstone"},{"floor":45,"key":"Bottled Flame"}],"event_choices":[{"damage_healed":0,"gold_gain":0,"player_choice":"Success","damage_taken":7,"relics_obtained":["Happy Flower"],"max_hp_gain":0,"max_hp_loss":0,"event_name":"Scrap Ooze","floor":12,"gold_loss":0},{"cards_removed":["Strike_G"],"damage_healed":0,"gold_gain":0,"player_choice":"Card Removal","damage_taken":7,"max_hp_gain":0,"max_hp_loss":0,"event_name":"Golden Wing","floor":13,"gold_loss":0},{"damage_healed":0,"gold_gain":0,"player_choice":"Obtained Relic","damage_taken":0,"relics_obtained":["Vajra"],"max_hp_gain":0,"max_hp_loss":0,"event_name":"Addict","floor":19,"gold_loss":85},{"damage_healed":0,"gold_gain":99,"player_choice":"Stole From Cult","damage_taken":0,"max_hp_gain":0,"max_hp_loss":0,"event_name":"Nest","floor":30,"gold_loss":0},{"damage_healed":0,"gold_gain":0,"player_choice":"Ignored","damage_taken":0,"max_hp_gain":0,"max_hp_loss":0,"event_name":"SecretPortal","floor":36,"gold_loss":0},{"damage_healed":0,"gold_gain":0,"player_choice":"Ignored","damage_taken":0,"max_hp_gain":0,"max_hp_loss":0,"event_name":"Tomb of Lord Red Mask","floor":46,"gold_loss":0}],"is_beta":false,"boss_relics":[{"not_picked":["Snecko Eye","Pandora\u0027s Box"],"picked":"Lizard Tail"},{"not_picked":["Astrolabe","WristBlade"],"picked":"Philosopher\u0027s Stone"}],"items_purged_floors":[2,37],"is_endless":false,"potions_floor_spawned":[1,3,5,8,16,20,22,27,29,39,40,47],"killed_by":"Time Eater","ascension_level":0}