{"gold_per_floor":[109,125,135,148,148,148,207,207,232,232,232,232,232,248,248,373,373,343,65,65,88,7,38,38,76,129,129,129,148,148,163,163,293,293,316,316,649,664,664],"floor_reached":39,"playtime":2722,"items_purged":[],"score":442,"play_id":"8163aec5-22a2-42cc-82c0-2f5b49f982e8","local_time":"20190624140503","is_ascension_mode":false,"campfire_choices":[{"data":"Infernal Blade","floor":6,"key":"SMITH"},{"data":"Bash","floor":10,"key":"SMITH"},{"data":"Double Tap","floor":12,"key":"SMITH"},{"data":"Body Slam","floor":15,"key":"SMITH"},{"data":"Exhume","floor":24,"key":"SMITH"},{"data":"Limit Break","floor":30,"key":"SMITH"},{"floor":32,"key":"REST"}],"neow_cost":"NONE","seed_source_timestamp":213731337021922,"circlet_count":0,"master_deck":["Strike_R","Strike_R","Strike_R","Strike_R","Strike_R","Defend_R","Defend_R","Defend_R+1","Defend_R","Bash+1","Dropkick","Infernal Blade+1","Shockwave+1","Double Tap+1","Body Slam+1","Barricade+1","Rampage+1","Inflame+1","Thunderclap","Armaments+1","Exhume+1","Disarm","Shrug It Off","Limit Break+1","Flex","Limit Break","Entrench+1","Madness","Madness"],"relics":["Burning Blood","Tiny Chest","Red Skull","Juzu Bracelet","Frozen Egg 2","Lizard Tail","Orichalcum","The Courier","War Paint","Bag of Preparation","Enchiridion","Eternal Feather"],"potions_floor_usage":[7,23,29,33,33,35,39],"damage_taken":[{"damage":5,"enemies":"Jaw Worm","floor":1,"turns":5},{"damage":1,"enemies":"2 Louse","floor":2,"turns":2},{"damage":0,"enemies":"Small Slimes","floor":3,"turns":3},{"damage":2,"enemies":"Looter","floor":4,"turns":3},{"damage":9,"enemies":"3 Sentries","floor":7,"turns":4},{"damage":5,"enemies":"2 Fungi Beasts","floor":14,"turns":3},{"damage":42,"enemies":"Slime Boss","floor":16,"turns":11},{"damage":36,"enemies":"2 Thieves","floor":18,"turns":5},{"damage":40,"enemies":"Spheric Guardian","floor":21,"turns":6},{"damage":31,"enemies":"Slavers","floor":23,"turns":4},{"damage":9,"enemies":"Book of Stabbing","floor":25,"turns":6},{"damage":22,"enemies":"Chosen and Byrds","floor":29,"turns":8},{"damage":0,"enemies":"Cultist and Chosen","floor":31,"turns":8},{"damage":67,"enemies":"Automaton","floor":33,"turns":8},{"damage":8,"enemies":"Orb Walker","floor":35,"turns":3},{"damage":48,"enemies":"3 Darklings","floor":38,"turns":5},{"damage":42,"enemies":"Spire Growth","floor":39,"turns":4}],"seed_played":"2169896208989824184","potions_obtained":[{"floor":1,"key":"AttackPotion"},{"floor":3,"key":"FearPotion"},{"floor":18,"key":"AttackPotion"},{"floor":23,"key":"Swift Potion"},{"floor":25,"key":"FearPotion"},{"floor":33,"key":"SteroidPotion"},{"floor":35,"key":"SpeedPotion"},{"floor":38,"key":"SteroidPotion"}],"is_trial":false,"path_per_floor":["M","M","M","M","?","R","E","T","T","R","?","R","T","M","R","B",null,"M","$","?","M","$","E","R","E","T","?","?","M","R","M","R","B",null,"M","?","?","M","M"],"character_chosen":"IRONCLAD","items_purchased":["Orichalcum","Inflame+1","Thunderclap","Exhume"],"campfire_rested":1,"item_purchase_floors":[19,19,19,22],"current_hp_per_floor":[88,88,88,88,93,93,90,90,90,90,67,67,67,68,68,32,93,63,63,63,29,29,52,52,49,49,33,64,48,48,54,81,20,93,91,79,79,37,0],"gold":664,"neow_bonus":"TEN_PERCENT_HP_BONUS","is_prod":false,"is_daily":false,"chose_seed":false,"campfire_upgraded":6,"win_rate":0,"timestamp":1561403103,"path_taken":["M","M","M","M","?","R","E","?","T","R","?","R","?","M","R","BOSS","M","$","?","M","$","E","R","E","T","?","?","M","R","M","R","BOSS","M","?","?","M","M"],"build_version":"2019-01-23","purchased_purges":0,"victory":false,"max_hp_per_floor":[88,88,88,88,93,93,93,93,93,93,93,93,93,93,93,93,93,93,93,93,93,93,93,93,93,93,93,93,93,93,93,93,93,93,93,93,93,93,93],"card_choices":[{"not_picked":["Clash","Warcry"],"picked":"Dropkick","floor":1},{"not_picked":["Pommel Strike","Havoc"],"picked":"Infernal Blade","floor":2},{"not_picked":["Hemokinesis","Combust"],"picked":"Shockwave","floor":3},{"not_picked":["Rage","Clothesline"],"picked":"Double Tap","floor":4},{"not_picked":["Clash","Reckless Charge","Sentinel"],"picked":"SKIP","floor":7},{"not_picked":["Havoc","Ghostly Armor"],"picked":"Body Slam","floor":14},{"not_picked":["Berserk+1","Bludgeon"],"picked":"Barricade+1","floor":16},{"not_picked":["Twin Strike+1","Pommel Strike"],"picked":"Rampage+1","floor":18},{"not_picked":["Sword Boomerang+1","Flex"],"picked":"Armaments+1","floor":21},{"not_picked":["Twin Strike","Clash"],"picked":"Disarm","floor":23},{"not_picked":["Intimidate","Iron Wave"],"picked":"Shrug It Off","floor":25},{"not_picked":["Anger","Cleave+1"],"picked":"Limit Break","floor":29},{"not_picked":["Feel No Pain+1","Anger+1"],"picked":"Flex","floor":31},{"not_picked":["Barricade+1","Offering"],"picked":"Limit Break","floor":33},{"not_picked":["Wild Strike","Cleave"],"picked":"Entrench+1","floor":35},{"not_picked":["Second Wind+1","Armaments","Clothesline+1"],"picked":"SKIP","floor":38}],"player_experience":89757,"relics_obtained":[{"floor":7,"key":"Tiny Chest"},{"floor":8,"key":"Red Skull"},{"floor":9,"key":"Juzu Bracelet"},{"floor":13,"key":"Frozen Egg 2"},{"floor":23,"key":"The Courier"},{"floor":25,"key":"War Paint"},{"floor":26,"key":"Bag of Preparation"},{"floor":27,"key":"Enchiridion"}],"event_choices":[{"damage_healed":0,"gold_gain":0,"player_choice":"Donut","damage_taken":0,"max_hp_gain":5,"max_hp_loss":0,"event_name":"Big Fish","floor":5,"gold_loss":0},{"damage_healed":0,"gold_gain":0,"player_choice":"Take Damage","damage_taken":23,"relics_obtained":["Golden Idol"],"max_hp_gain":0,"max_hp_loss":0,"event_name":"Golden Idol","floor":11,"gold_loss":0},{"damage_healed":0,"gold_gain":0,"player_choice":"Ignored","damage_taken":0,"max_hp_gain":0,"max_hp_loss":0,"event_name":"Ghosts","floor":20,"gold_loss":0},{"damage_healed":0,"gold_gain":0,"player_choice":"Obtained Book","damage_taken":16,"max_hp_gain":0,"max_hp_loss":0,"event_name":"Cursed Tome","floor":27,"gold_loss":0},{"damage_healed":31,"gold_gain":0,"player_choice":"Heal","damage_taken":0,"max_hp_gain":0,"max_hp_loss":0,"event_name":"The Library","floor":28,"gold_loss":0},{"damage_healed":0,"gold_gain":0,"player_choice":"Embrace Madness","damage_taken":12,"max_hp_gain":0,"max_hp_loss":0,"event_name":"Winding Halls","floor":36,"gold_loss":0,"cards_obtained":["Madness","Madness"]},{"damage_healed":0,"gold_gain":333,"player_choice":"Gave Idol","damage_taken":0,"max_hp_gain":0,"max_hp_loss":0,"event_name":"The Moai Head","floor":37,"relics_lost":["Golden Idol"],"gold_loss":0}],"is_beta":false,"boss_relics":[{"not_picked":["Orrery","Pandora\u0027s Box"],"picked":"Lizard Tail"},{"not_picked":["Runic Dome","Philosopher\u0027s Stone"],"picked":"Eternal Feather"}],"items_purged_floors":[],"is_endless":false,"potions_floor_spawned":[1,3,18,23,25,33,35,38],"killed_by":"Spire Growth","ascension_level":0}