{"gold_per_floor":[113,90,90,44,67,85,85,100,124,124,136,13,33,50,50,154,154,165,165,177,192,209,209,219,244,244,244,256,256],"floor_reached":29,"playtime":2654,"items_purged":["Parasite"],"score":289,"play_id":"d86fd2a6-7f28-4e52-bf3d-2e5411f66c5d","local_time":"20190127144857","is_ascension_mode":false,"campfire_choices":[{"floor":7,"key":"DIG"},{"floor":10,"key":"DIG"},{"floor":15,"key":"DIG"},{"floor":23,"key":"DIG"},{"floor":27,"key":"REST"}],"neow_cost":"CURSE","seed_source_timestamp":1536297535189684,"circlet_count":0,"master_deck":["Defend_G","Defend_G","Defend_G","Defend_G","Defend_G","Strike_G","Strike_G","Strike_G","Strike_G","Strike_G","Survivor","Neutralize","Outmaneuver","Outmaneuver","Underhanded Strike","Flying Knee","Glass Knife","Terror","Deflect","PiercingWail","Glass Knife","PiercingWail","Deflect+1","PiercingWail","Slice","Leg Sweep+1","Sucker Punch+1"],"relics":["Ring of the Snake","Shovel","Unceasing Top","Bag of Marbles","Smiling Mask","Vajra","Oddly Smooth Stone","Pen Nib","Lizard Tail","Lantern","Snake Skull","Ornamental Fan"],"potions_floor_usage":[16,20,22,25,25,25],"damage_taken":[{"damage":0,"enemies":"2 Louse","floor":1,"turns":3},{"damage":24,"enemies":"Jaw Worm","floor":6,"turns":10},{"damage":0,"enemies":"Cultist","floor":8,"turns":5},{"damage":7,"enemies":"Blue Slaver","floor":11,"turns":4},{"damage":1,"enemies":"Looter","floor":13,"turns":3},{"damage":0,"enemies":"2 Fungi Beasts","floor":14,"turns":2},{"damage":0,"enemies":"Hexaghost","floor":16,"turns":8},{"damage":20,"enemies":"Spheric Guardian","floor":18,"turns":4},{"damage":4,"enemies":"3 Byrds","floor":20,"turns":4},{"damage":0,"enemies":"Snake Plant","floor":21,"turns":3},{"damage":11,"enemies":"Centurion and Healer","floor":22,"turns":7},{"damage":0,"enemies":"Snecko","floor":24,"turns":4},{"damage":29,"enemies":"Gremlin Leader","floor":25,"turns":3},{"damage":9,"enemies":"Snake Plant","floor":28,"turns":6},{"damage":58,"enemies":"Cultist and Chosen","floor":29,"turns":10}],"seed_played":"-4314219910723459142","potions_obtained":[{"floor":1,"key":"Dexterity Potion"},{"floor":6,"key":"Explosive Potion"},{"floor":11,"key":"Swift Potion"},{"floor":18,"key":"EssenceOfSteel"},{"floor":21,"key":"Fire Potion"},{"floor":24,"key":"Fire Potion"}],"is_trial":false,"path_per_floor":["M","$","?","?","T","M","R","M","T","R","M","$","M","M","R","B",null,"M","$","M","M","M","R","M","E","T","R","M","M"],"character_chosen":"THE_SILENT","items_purchased":["Outmaneuver","Terror"],"campfire_rested":1,"item_purchase_floors":[2,12],"current_hp_per_floor":[70,70,63,63,63,39,39,39,39,39,32,32,31,31,31,31,67,47,47,43,43,32,32,32,3,3,23,14,0],"gold":256,"neow_bonus":"ONE_RARE_RELIC","is_prod":false,"is_daily":false,"chose_seed":false,"campfire_upgraded":0,"win_rate":0.0,"timestamp":1548618537,"path_taken":["M","$","?","?","?","M","R","?","T","R","M","$","M","M","R","BOSS","M","$","M","M","M","R","M","E","T","R","M","M"],"build_version":"2019-01-23","purchased_purges":1,"victory":false,"max_hp_per_floor":[70,70,70,70,70,70,70,70,70,70,70,67,67,67,67,67,67,67,67,67,67,67,67,67,67,67,67,67,67],"card_choices":[{"not_picked":["Skewer","Bane"],"picked":"Outmaneuver","floor":1},{"not_picked":["Dodge and Roll","Slice"],"picked":"Underhanded Strike","floor":6},{"not_picked":["Backflip","Heel Hook"],"picked":"Flying Knee","floor":8},{"not_picked":["Deadly Poison","Bane"],"picked":"Glass Knife","floor":11},{"not_picked":["Tactician","Accuracy"],"picked":"Deflect","floor":13},{"not_picked":["Quick Slash","All Out Attack"],"picked":"PiercingWail","floor":14},{"not_picked":["Die Die Die","After Image"],"picked":"Glass Knife","floor":16},{"not_picked":["Blade Dance+1","Reflex"],"picked":"PiercingWail","floor":18},{"not_picked":["Backflip","Footwork+1"],"picked":"Deflect+1","floor":20},{"not_picked":["Dagger Throw","Cloak And Dagger+1"],"picked":"PiercingWail","floor":21},{"not_picked":["Accuracy+1","Poisoned Stab"],"picked":"Slice","floor":22},{"not_picked":["Acrobatics","Footwork","Masterful Stab"],"picked":"SKIP","floor":24},{"not_picked":["Finisher","Tactician"],"picked":"Leg Sweep+1","floor":25},{"not_picked":["Eviscerate","Catalyst+1"],"picked":"Sucker Punch+1","floor":28}],"player_experience":166249,"relics_obtained":[{"floor":5,"key":"Bag of Marbles"},{"floor":7,"key":"Smiling Mask"},{"floor":9,"key":"Vajra"},{"floor":10,"key":"Oddly Smooth Stone"},{"floor":15,"key":"Pen Nib"},{"floor":23,"key":"Lantern"},{"floor":25,"key":"Snake Skull"},{"floor":26,"key":"Ornamental Fan"}],"event_choices":[{"damage_healed":0,"gold_gain":0,"player_choice":"Success","damage_taken":7,"relics_obtained":["Unceasing Top"],"max_hp_gain":0,"max_hp_loss":0,"event_name":"Scrap Ooze","floor":3,"gold_loss":0},{"damage_healed":0,"gold_gain":0,"player_choice":"Left Gold","damage_taken":0,"max_hp_gain":0,"max_hp_loss":0,"event_name":"World of Goop","floor":4,"gold_loss":46}],"is_beta":false,"boss_relics":[{"not_picked":["Ectoplasm","HoveringKite"],"picked":"Lizard Tail"}],"items_purged_floors":[12],"is_endless":false,"potions_floor_spawned":[1,6,11,14,18,21,24],"killed_by":"Cultist and Chosen","ascension_level":0}