{"gold_per_floor":[114,214,233,251,201,201,201,201,201,228,246,246,278,102,102,205,205,216,231,249,164,34,45,55,55],"floor_reached":25,"playtime":1782,"items_purged":[],"score":213,"play_id":"bdd7fbe0-888b-4cec-b168-180c5cf5858f","local_time":"20190226221009","is_ascension_mode":false,"campfire_choices":[{"data":"Armaments","floor":6.0,"key":"SMITH"},{"data":"Bash","floor":8.0,"key":"SMITH"},{"data":"Rampage","floor":12.0,"key":"SMITH"},{"data":"Juggernaut","floor":15.0,"key":"SMITH"}],"neow_cost":"NONE","seed_source_timestamp":0,"circlet_count":0,"master_deck":["Strike_R","Strike_R","Strike_R","Defend_R","Defend_R","Defend_R","Defend_R","Bash+1","Armaments+1","Rampage+1","Shrug It Off","Pommel Strike","Juggernaut+1","Clash","Havoc","Offering","Anger+1","Pommel Strike","Forethought","Carnage","Headbutt","Pommel Strike+1"],"special_seed":0,"relics":["Burning Blood","NeowsBlessing","Pantograph","Ornamental Fan","Regal Pillow","Ancient Tea Set","Runic Cube","Mercury Hourglass"],"potions_floor_usage":[],"damage_taken":[{"damage":0.0,"enemies":"Cultist","floor":1.0,"turns":1.0},{"damage":0.0,"enemies":"2 Louse","floor":3.0,"turns":1.0},{"damage":0.0,"enemies":"Jaw Worm","floor":4.0,"turns":1.0},{"damage":39.0,"enemies":"3 Sentries","floor":10.0,"turns":10.0},{"damage":0.0,"enemies":"2 Fungi Beasts","floor":11.0,"turns":4.0},{"damage":20.0,"enemies":"Lagavulin","floor":13.0,"turns":7.0},{"damage":22.0,"enemies":"Slime Boss","floor":16.0,"turns":8.0},{"damage":6.0,"enemies":"3 Byrds","floor":18.0,"turns":5.0},{"damage":30.0,"enemies":"2 Thieves","floor":19.0,"turns":4.0},{"damage":20.0,"enemies":"Snecko","floor":20.0,"turns":5.0},{"damage":8.0,"enemies":"Cultist and Chosen","floor":23.0,"turns":5.0},{"damage":21.0,"enemies":"Centurion and Healer","floor":24.0,"turns":4.0},{"damage":6,"enemies":"Slavers","floor":25,"turns":1}],"seed_played":"-619588595942937408","potions_obtained":[{"floor":4.0,"key":"Dexterity Potion"},{"floor":11.0,"key":"Energy Potion"},{"floor":13.0,"key":"Energy Potion"},{"floor":23.0,"key":"GamblersBrew"}],"is_trial":false,"path_per_floor":["M","?","M","M","?","R","?","R","T","E","M","R","E","$","R","B",null,"M","M","M","?","$","M","M","E"],"character_chosen":"IRONCLAD","items_purchased":["Ancient Tea Set","Havoc","Forethought","Carnage"],"campfire_rested":0,"item_purchase_floors":[14,14,22,22],"current_hp_per_floor":[80,80,80,80,80,80,73,73,73,40,46,46,32,32,32,41,80,80,56,42,42,42,40,25,19],"gold":55,"neow_bonus":"THREE_ENEMY_KILL","is_prod":false,"is_daily":false,"chose_seed":false,"campfire_upgraded":4,"win_rate":0,"timestamp":1551237009,"path_taken":["M","?","M","?","?","R","?","R","T","E","M","R","E","?","R","BOSS","M","M","M","?","$","M","M","E"],"build_version":"2019-01-23","purchased_purges":0,"victory":false,"max_hp_per_floor":[80,80,80,80,80,80,80,80,80,80,80,80,80,80,80,80,80,80,80,80,80,80,80,80,80],"card_choices":[{"not_picked":["Clash","Twin Strike"],"picked":"Armaments","floor":1.0},{"not_picked":["Thunderclap","Power Through"],"picked":"Rampage","floor":3.0},{"not_picked":["Pommel Strike","Headbutt"],"picked":"Shrug It Off","floor":4.0},{"not_picked":["Bloodletting","Warcry"],"picked":"Pommel Strike","floor":10.0},{"not_picked":["Uppercut","Wild Strike"],"picked":"Juggernaut","floor":11.0},{"not_picked":["Wild Strike","Armaments"],"picked":"Clash","floor":13.0},{"not_picked":["Brutality","Berserk"],"picked":"Offering","floor":16.0},{"not_picked":["Twin Strike","Heavy Blade"],"picked":"Anger+1","floor":18.0},{"not_picked":["Armaments+1","Sever Soul","Disarm"],"picked":"SKIP","floor":19.0},{"not_picked":["Pummel","Perfected Strike"],"picked":"Pommel Strike","floor":20.0},{"not_picked":["Cleave+1","Pommel Strike"],"picked":"Headbutt","floor":23.0},{"not_picked":["Shockwave","Reckless Charge"],"picked":"Pommel Strike+1","floor":24.0}],"player_experience":422099,"relics_obtained":[{"floor":9.0,"key":"Pantograph"},{"floor":10.0,"key":"Ornamental Fan"},{"floor":13.0,"key":"Regal Pillow"}],"event_choices":[{"damage_healed":0.0,"max_hp_gain":0.0,"max_hp_loss":0.0,"gold_gain":100.0,"event_name":"Golden Shrine","player_choice":"Pray","floor":2.0,"gold_loss":0.0,"damage_taken":0.0},{"cards_removed":["Strike_R"],"damage_healed":0.0,"max_hp_gain":0.0,"max_hp_loss":0.0,"gold_gain":0.0,"event_name":"The Cleric","player_choice":"Card Removal","floor":5.0,"gold_loss":50.0,"damage_taken":0.0},{"cards_removed":["Strike_R"],"damage_healed":0.0,"max_hp_gain":0.0,"max_hp_loss":0.0,"gold_gain":0.0,"event_name":"Golden Wing","player_choice":"Card Removal","floor":7.0,"gold_loss":0.0,"damage_taken":7.0},{"damage_healed":0.0,"max_hp_gain":0.0,"max_hp_loss":0.0,"gold_gain":0.0,"event_name":"Addict","player_choice":"Obtained Relic","floor":21.0,"gold_loss":85.0,"damage_taken":0.0,"relics_obtained":["Mercury Hourglass"]}],"is_beta":false,"boss_relics":[{"not_picked":["Tiny House","Fusion Hammer"],"picked":"Runic Cube"}],"items_purged_floors":[],"is_endless":false,"potions_floor_spawned":[4,11,13,23],"killed_by":"Slavers","ascension_level":0}