{"gold_per_floor":[12,29,29,43,43,43,43,59,59,72,72,99,28,28,28,125,125,141,151,162,77,77,77,176,189,241,37,37,51,71,88,88,191,191,203,203],"floor_reached":36,"playtime":1542,"items_purged":[],"score":366,"play_id":"58b1ef41-d069-4c41-9bf1-e3476fa86ca0","local_time":"20190706180929","is_ascension_mode":false,"campfire_choices":[{"data":"Zap","floor":6,"key":"SMITH"},{"data":"Lockon","floor":15,"key":"SMITH"},{"floor":23,"key":"REST"},{"data":"Static Discharge","floor":28,"key":"SMITH"},{"data":"Barrage","floor":32,"key":"SMITH"}],"neow_cost":"NO_GOLD","seed_source_timestamp":1266430862000072,"circlet_count":0,"master_deck":["Strike_B","Strike_B","Defend_B","Defend_B","Defend_B","Defend_B","Zap+1","Dualcast","Redo+1","Lockon+1","Doom and Gloom","Capacitor","Amplify","Stack+1","Cold Snap+1","Aggregate+1","Beam Cell+1","Auto Shields+1","Sunder","Static Discharge+1","Barrage+1","Reinforced Body","Static Discharge+1","Buffer","Streamline"],"relics":["Cracked Core","Ginger","Singing Bowl","Meat on the Bone","PreservedInsect","Blue Candle","Astrolabe","Pantograph","MutagenicStrength","Ancient Tea Set","ClockworkSouvenir","Black Star"],"potions_floor_usage":[25,30,30,31,33],"damage_taken":[{"damage":0,"enemies":"2 Louse","floor":1,"turns":2},{"damage":1,"enemies":"Cultist","floor":2,"turns":3},{"damage":5,"enemies":"Small Slimes","floor":4,"turns":3},{"damage":3,"enemies":"Exordium Thugs","floor":8,"turns":5},{"damage":6,"enemies":"Large Slime","floor":10,"turns":5},{"damage":18,"enemies":"Lagavulin","floor":12,"turns":4},{"damage":30,"enemies":"Slime Boss","floor":16,"turns":9},{"damage":18,"enemies":"Spheric Guardian","floor":18,"turns":4},{"damage":25,"enemies":"2 Thieves","floor":19,"turns":3},{"damage":17,"enemies":"Snecko","floor":20,"turns":7},{"damage":22,"enemies":"Snake Plant","floor":25,"turns":5},{"damage":15,"enemies":"Shelled Parasite and Fungi","floor":29,"turns":5},{"damage":20,"enemies":"Sentry and Sphere","floor":30,"turns":3},{"damage":7,"enemies":"Cultist and Chosen","floor":31,"turns":6},{"damage":48,"enemies":"Automaton","floor":33,"turns":6},{"damage":36,"enemies":"3 Darklings","floor":35,"turns":4},{"damage":58,"enemies":"2 Orb Walkers","floor":36,"turns":3}],"seed_played":"-2497662265371586167","potions_obtained":[{"floor":10,"key":"Ancient Potion"},{"floor":16,"key":"Swift Potion"},{"floor":20,"key":"GamblersBrew"},{"floor":25,"key":"Weak Potion"},{"floor":30,"key":"Regen Potion"},{"floor":31,"key":"AttackPotion"},{"floor":35,"key":"PowerPotion"}],"is_trial":false,"path_per_floor":["M","M","?","M","?","R","?","M","T","M","?","E","$","?","R","B",null,"M","M","M","?","?","R","?","M","T","$","R","M","M","M","R","B",null,"M","?"],"character_chosen":"DEFECT","items_purchased":["Capacitor","ClockworkSouvenir"],"campfire_rested":1,"item_purchase_floors":[13,27],"current_hp_per_floor":[75,74,74,71,71,71,71,68,68,62,55,49,49,87,87,57,87,69,44,39,39,39,65,65,55,55,55,55,52,44,52,52,41,87,51,0],"gold":203,"neow_bonus":"ONE_RARE_RELIC","is_prod":false,"is_daily":false,"chose_seed":false,"campfire_upgraded":4,"win_rate":0,"timestamp":1562454569,"path_taken":["M","M","?","?","?","R","?","?","T","M","?","E","$","?","R","BOSS","M","?","M","?","?","R","?","M","T","?","R","M","M","M","R","BOSS","M","?"],"build_version":"2019-07-05","purchased_purges":0,"victory":false,"max_hp_per_floor":[75,75,75,77,77,77,77,77,77,77,77,77,77,87,87,87,87,87,87,87,87,87,87,87,87,87,87,87,87,87,87,87,87,87,87,87],"card_choices":[{"not_picked":["Hologram","Rebound"],"picked":"Redo","floor":1},{"not_picked":["Conserve Battery","Force Field"],"picked":"Gash","floor":2},{"not_picked":["Undo","Redo","Cold Snap"],"picked":"Singing Bowl","floor":4},{"not_picked":["Redo","Conserve Battery"],"picked":"Lockon","floor":8},{"not_picked":["Melter","Rebound"],"picked":"Doom and Gloom","floor":10},{"not_picked":["Melter","Hello World"],"picked":"Thunder Strike","floor":12},{"not_picked":["Rainbow","Fission"],"picked":"Amplify","floor":16},{"not_picked":["Auto Shields","Conserve Battery"],"picked":"Beam Cell+1","floor":18},{"not_picked":["Conserve Battery","Beam Cell+1"],"picked":"Auto Shields+1","floor":19},{"not_picked":["Redo","Blizzard"],"picked":"Sunder","floor":20},{"not_picked":["Rip and Tear","FTL+1"],"picked":"Static Discharge","floor":25},{"not_picked":["Hello World+1","FTL"],"picked":"Barrage","floor":29},{"not_picked":["Barrage","Skim+1"],"picked":"Reinforced Body","floor":30},{"not_picked":["Steam+1","Sunder"],"picked":"Static Discharge+1","floor":31},{"not_picked":["Multi-Cast","Rainbow"],"picked":"Buffer","floor":33},{"not_picked":["Redo","Leap"],"picked":"Streamline","floor":35}],"player_experience":130104,"relics_obtained":[{"floor":3,"key":"Singing Bowl"},{"floor":9,"key":"Meat on the Bone"},{"floor":12,"key":"Blue Candle"},{"floor":26,"key":"Ancient Tea Set"}],"event_choices":[{"damage_healed":0,"gold_gain":0,"player_choice":"Relic","damage_taken":0,"max_hp_gain":0,"max_hp_loss":0,"event_name":"Wheel of Change","floor":3,"gold_loss":0},{"damage_healed":0,"gold_gain":0,"player_choice":"Grow","damage_taken":0,"max_hp_gain":0,"max_hp_loss":0,"event_name":"Living Wall","floor":5,"gold_loss":0,"cards_upgraded":["Redo"]},{"damage_healed":0,"gold_gain":0,"player_choice":"Leave","damage_taken":0,"max_hp_gain":0,"max_hp_loss":0,"event_name":"The Cleric","floor":7,"gold_loss":0},{"damage_healed":0,"gold_gain":0,"player_choice":"Success","damage_taken":7,"relics_obtained":["PreservedInsect"],"max_hp_gain":0,"max_hp_loss":0,"event_name":"Scrap Ooze","floor":11,"gold_loss":0},{"cards_removed":["Thunder Strike"],"damage_healed":28,"gold_gain":0,"player_choice":"Offered Rare","damage_taken":0,"max_hp_gain":10,"max_hp_loss":0,"event_name":"Bonfire Elementals","floor":14,"gold_loss":0},{"damage_healed":0,"gold_gain":0,"player_choice":"Obtained Relic","damage_taken":0,"relics_obtained":["Pantograph"],"max_hp_gain":0,"max_hp_loss":0,"event_name":"Addict","floor":21,"gold_loss":85},{"damage_healed":0,"gold_gain":0,"player_choice":"Inject Mutagens","damage_taken":0,"relics_obtained":["MutagenicStrength"],"max_hp_gain":0,"max_hp_loss":0,"event_name":"Drug Dealer","floor":22,"gold_loss":0},{"damage_healed":0,"gold_gain":99,"player_choice":"Stole From Cult","damage_taken":0,"max_hp_gain":0,"max_hp_loss":0,"event_name":"Nest","floor":24,"gold_loss":0},{"damage_healed":0,"gold_gain":0,"player_choice":"Fight","damage_taken":0,"max_hp_gain":0,"max_hp_loss":0,"event_name":"Mysterious Sphere","floor":36,"gold_loss":0}],"is_beta":false,"boss_relics":[{"not_picked":["Coffee Dripper","FrozenCore"],"picked":"Astrolabe"},{"not_picked":["Fusion Hammer","Velvet Choker"],"picked":"Black Star"}],"items_purged_floors":[],"is_endless":false,"potions_floor_spawned":[10,16,20,25,29,30,31,35],"killed_by":"2 Orb Walkers","ascension_level":0}