{"gold_per_floor":[114,5,16,16,29,29,56,56,56,84,84,117,134,134,134,134],"floor_reached":16,"playtime":698,"items_purged":["Strike_R"],"score":286,"play_id":"1e549f07-b341-4b5f-b063-f193f7f1360b","local_time":"20190719224719","is_ascension_mode":true,"campfire_choices":[{"data":"Whirlwind","floor":6,"key":"SMITH"},{"data":"True Grit","floor":8,"key":"SMITH"},{"data":"Bash","floor":11,"key":"SMITH"},{"data":"Anger","floor":15,"key":"SMITH"}],"neow_cost":"NONE","seed_source_timestamp":84745590969600,"circlet_count":0,"master_deck":["AscendersBane","Strike_R","Strike_R","Strike_R","Defend_R","Defend_R","Defend_R","Defend_R","Bash+1","Purity","Whirlwind+1","Dropkick","True Grit+1","Headbutt","Impervious","Seeing Red","Anger+1"],"special_seed":0,"relics":["Burning Blood","Ginger","Meat on the Bone","Orichalcum","Singing Bowl","GremlinMask"],"potions_floor_usage":[7,16,16],"damage_taken":[{"damage":11,"enemies":"Cultist","floor":1,"turns":4},{"damage":4,"enemies":"2 Louse","floor":3,"turns":3},{"damage":0,"enemies":"Small Slimes","floor":5,"turns":3},{"damage":13,"enemies":"3 Sentries","floor":7,"turns":4},{"damage":51,"enemies":"Lagavulin","floor":10,"turns":6},{"damage":19,"enemies":"3 Sentries","floor":12,"turns":4},{"damage":12,"enemies":"3 Louse","floor":13,"turns":2},{"damage":51,"enemies":"Hexaghost","floor":16,"turns":9}],"seed_played":"4567532154624792031","potions_obtained":[{"floor":5,"key":"Strength Potion"},{"floor":7,"key":"BloodPotion"},{"floor":12,"key":"Weak Potion"}],"is_trial":false,"path_per_floor":["M","$","M","?","M","R","E","R","T","E","R","E","M","?","R","B"],"character_chosen":"IRONCLAD","items_purchased":["Dropkick"],"campfire_rested":0,"item_purchase_floors":[2],"current_hp_per_floor":[63,63,65,58,64,64,57,57,57,24,24,23,29,29,29,0],"gold":134,"neow_bonus":"RANDOM_COLORLESS","is_prod":false,"is_daily":false,"chose_seed":false,"campfire_upgraded":4,"win_rate":0,"timestamp":1563590839,"path_taken":["M","$","M","?","M","R","E","R","T","E","R","E","M","?","R","BOSS"],"build_version":"2019-07-17","purchased_purges":1,"victory":false,"max_hp_per_floor":[75,75,75,75,75,75,75,75,75,75,75,75,75,75,75,75],"card_choices":[{"not_picked":["Pommel Strike","Flex"],"picked":"Whirlwind","floor":1},{"not_picked":["Perfected Strike","Bloodletting"],"picked":"True Grit","floor":3},{"not_picked":["Dropkick","True Grit"],"picked":"Headbutt","floor":5},{"not_picked":["Pummel","Twin Strike","Sever Soul"],"picked":"SKIP","floor":7},{"not_picked":["Pummel","Twin Strike","Sever Soul"],"picked":"SKIP","floor":7},{"not_picked":["Limit Break","Flex"],"picked":"Impervious","floor":10},{"not_picked":["Barricade","Rupture"],"picked":"Seeing Red","floor":12},{"not_picked":["Fire Breathing","Dual Wield"],"picked":"Anger","floor":13}],"player_experience":662215,"relics_obtained":[{"floor":7,"key":"Ginger"},{"floor":9,"key":"Meat on the Bone"},{"floor":10,"key":"Orichalcum"},{"floor":12,"key":"Singing Bowl"}],"event_choices":[{"cards_removed":["Strike_R"],"damage_healed":0,"gold_gain":0,"player_choice":"Card Removal","damage_taken":7,"max_hp_gain":0,"max_hp_loss":0,"event_name":"Golden Wing","floor":4,"gold_loss":0},{"damage_healed":0,"gold_gain":0,"player_choice":"Trade","damage_taken":0,"relics_obtained":["GremlinMask"],"max_hp_gain":0,"max_hp_loss":0,"event_name":"FaceTrader","floor":14,"gold_loss":0}],"is_beta":false,"boss_relics":[],"items_purged_floors":[2],"is_endless":false,"potions_floor_spawned":[5,7,12],"killed_by":"Hexaghost","ascension_level":14}