{"gold_per_floor":[13,31,31,131,142,142,153,153,153,187,187,165,165,180,180,278,278,296,276,290,309,309,309,321,338,338,338],"floor_reached":27,"playtime":1359,"items_purged":[],"score":262,"play_id":"c56b3283-7041-44ce-9ca7-f7af6c91379e","local_time":"20190711185246","is_ascension_mode":true,"campfire_choices":[{"data":"Streamline","floor":6,"key":"SMITH"},{"data":"Zap","floor":8,"key":"SMITH"},{"data":"Tempest","floor":15,"key":"SMITH"},{"floor":23,"key":"REST"}],"neow_cost":"NO_GOLD","seed_source_timestamp":1618166455483500,"circlet_count":0,"master_deck":["Defend_B","Defend_B","Defend_B","Defend_B","Zap+1","Dualcast","Beam Cell","Ball Lightning","Streamline+1","Ball Lightning","Tempest+1","Echo Form","Conserve Battery+1","Go for the Eyes","Bite","Bite","Bite","Bite","Bite"],"relics":["Cracked Core","Sundial","Letter Opener","Turnip","Lizard Tail","Bottled Lightning"],"potions_floor_usage":[7,21,21,24],"damage_taken":[{"damage":4,"enemies":"Jaw Worm","floor":1,"turns":5},{"damage":1,"enemies":"2 Louse","floor":2,"turns":3},{"damage":0,"enemies":"Cultist","floor":5,"turns":3},{"damage":8,"enemies":"Exordium Thugs","floor":7,"turns":2},{"damage":25,"enemies":"3 Sentries","floor":10,"turns":6},{"damage":4,"enemies":"3 Louse","floor":14,"turns":2},{"damage":19,"enemies":"Slime Boss","floor":16,"turns":7},{"damage":32,"enemies":"Shell Parasite","floor":18,"turns":4},{"damage":28,"enemies":"2 Thieves","floor":20,"turns":3},{"damage":9,"enemies":"Centurion and Healer","floor":21,"turns":4},{"damage":33,"enemies":"Snecko","floor":24,"turns":5},{"damage":25,"enemies":"Chosen and Byrds","floor":25,"turns":6},{"damage":13,"enemies":"3 Cultists","floor":27,"turns":3}],"seed_played":"7555702899743075275","potions_obtained":[{"floor":5,"key":"Fire Potion"},{"floor":19,"key":"Strength Potion"},{"floor":20,"key":"Weak Potion"},{"floor":21,"key":"Energy Potion"}],"is_trial":false,"path_per_floor":["M","M","?","?","M","R","M","R","T","E","T","?","T","M","R","B",null,"M","?","M","M","?","R","M","M","T","M"],"character_chosen":"DEFECT","items_purchased":[],"campfire_rested":1,"item_purchase_floors":[],"current_hp_per_floor":[71,70,70,70,70,70,62,62,62,37,37,37,37,33,33,14,75,43,43,15,6,6,21,28,19,19,12],"gold":338,"neow_bonus":"REMOVE_TWO","is_prod":false,"is_daily":false,"chose_seed":false,"campfire_upgraded":3,"win_rate":0,"timestamp":1562885566,"path_taken":["M","M","?","?","?","R","M","R","T","E","?","?","?","M","R","BOSS","M","?","M","?","?","R","M","M","T","M"],"build_version":"2019-07-05","purchased_purges":0,"victory":false,"max_hp_per_floor":[75,75,75,75,75,75,75,75,75,75,75,75,75,75,75,75,75,75,75,75,75,52,52,52,52,52,52],"card_choices":[{"not_picked":["Stack","Coolheaded"],"picked":"Beam Cell","floor":1},{"not_picked":["Barrage","Consume"],"picked":"Ball Lightning","floor":2},{"not_picked":["Conserve Battery","FTL"],"picked":"Streamline","floor":5},{"not_picked":["BootSequence","Steam","Reprogram"],"picked":"SKIP","floor":7},{"not_picked":["Barrage","Hyperbeam"],"picked":"Ball Lightning","floor":10},{"not_picked":["Compile Driver","Steam"],"picked":"Tempest","floor":14},{"not_picked":["Amplify","Meteor Strike"],"picked":"Echo Form","floor":16},{"not_picked":["Coolheaded+1","Rebound+1","Turbo+1"],"picked":"SKIP","floor":18},{"not_picked":["Rebound","Steam"],"picked":"Conserve Battery+1","floor":20},{"not_picked":["Scrape+1","Coolheaded+1"],"picked":"Go for the Eyes","floor":21},{"not_picked":["Reprogram+1","Barrage","Sunder"],"picked":"SKIP","floor":24},{"not_picked":["Compile Driver+1","Steam","Blizzard"],"picked":"SKIP","floor":25}],"player_experience":707434,"relics_obtained":[{"floor":9,"key":"Sundial"},{"floor":10,"key":"Letter Opener"},{"floor":13,"key":"Turnip"},{"floor":26,"key":"Bottled Lightning"}],"event_choices":[{"damage_healed":0,"gold_gain":0,"player_choice":"Ignored","damage_taken":0,"max_hp_gain":0,"max_hp_loss":0,"event_name":"Golden Idol","floor":3,"gold_loss":0},{"damage_healed":0,"gold_gain":100,"player_choice":"Pray","damage_taken":0,"max_hp_gain":0,"max_hp_loss":0,"event_name":"Golden Shrine","floor":4,"gold_loss":0},{"damage_healed":0,"gold_gain":0,"player_choice":"Left Gold","damage_taken":0,"max_hp_gain":0,"max_hp_loss":0,"event_name":"World of Goop","floor":12,"gold_loss":22},{"damage_healed":0,"gold_gain":0,"player_choice":"Bought 1 Potion","damage_taken":0,"max_hp_gain":0,"max_hp_loss":0,"event_name":"The Woman in Blue","floor":19,"gold_loss":0},{"damage_healed":0,"gold_gain":0,"player_choice":"Became a vampire","damage_taken":0,"max_hp_gain":0,"max_hp_loss":23,"event_name":"Vampires","floor":22,"gold_loss":0,"cards_obtained":["Bite","Bite","Bite","Bite","Bite"]}],"is_beta":false,"boss_relics":[{"not_picked":["Snecko Eye","Ectoplasm"],"picked":"Lizard Tail"}],"items_purged_floors":[],"is_endless":false,"potions_floor_spawned":[5,16,20,21],"killed_by":"3 Cultists","ascension_level":2}