{"gold_per_floor":[217,236,253,2,18,51,51,80,80,80,105,115,115,115,115,212,212,230,230,230,248,41,69,69,94,94,119,136,136,155,170,170,266,266,276,288,307,307,317,349,363,392,472,472,472,501,501,519,519,519,519,519,218,252,252],"floor_reached":55,"playtime":8468,"items_purged":["Searing Blow"],"score":983,"play_id":"502d79b6-4821-4ad9-b668-70a77610bde6","local_time":"20190713013438","is_ascension_mode":true,"campfire_choices":[{"data":"Armaments","floor":7,"key":"SMITH"},{"data":"Offering","floor":13,"key":"SMITH"},{"floor":15,"key":"RECALL"},{"floor":24,"key":"REST"},{"data":"True Grit","floor":29,"key":"SMITH"},{"floor":32,"key":"REST"},{"data":"Rampage","floor":47,"key":"SMITH"},{"data":"Double Tap","floor":49,"key":"SMITH"},{"data":"Corruption","floor":52,"key":"SMITH"}],"neow_cost":"NONE","seed_source_timestamp":381160300464277,"circlet_count":0,"master_deck":["Bash","Pommel Strike","Body Slam","Anger","Armaments+1","Shrug It Off","Dual Wield+1","Offering+1","Double Tap+1","Impervious","Headbutt","Cleave","Reaper","Infernal Blade","Spot Weakness","Rampage+1","Clothesline","Armaments+1","Corruption+1","True Grit+1","Thunderclap","Battle Trance+1","Shockwave","Feel No Pain+1","Fire Breathing+1","Sentinel","Shrug It Off+1","Metallicize+1","Dropkick+1"],"relics":["Burning Blood","Brimstone","Bottled Flame","Anchor","Bag of Marbles","The Courier","Pandora\u0027s Box","Gremlin Horn","Du-Vu Doll","PreservedInsect","Paper Frog","Bronze Scales","Runic Cube","Thread and Needle","Sundial","Self Forming Clay","Strawberry","Blood Vial","Lantern"],"potions_floor_usage":[5,16,16,16,28,33,39,41,41,50,55],"damage_taken":[{"damage":6,"enemies":"Jaw Worm","floor":1,"turns":4},{"damage":0,"enemies":"Small Slimes","floor":2,"turns":3},{"damage":5,"enemies":"2 Louse","floor":3,"turns":3},{"damage":6,"enemies":"Exordium Wildlife","floor":5,"turns":3},{"damage":8,"enemies":"Gremlin Nob","floor":6,"turns":3},{"damage":23,"enemies":"Lagavulin","floor":8,"turns":5},{"damage":0,"enemies":"Gremlin Nob","floor":11,"turns":2},{"damage":0,"enemies":"Gremlin Gang","floor":12,"turns":3},{"damage":42,"enemies":"The Guardian","floor":16,"turns":7},{"damage":32,"enemies":"Spheric Guardian","floor":18,"turns":4},{"damage":2,"enemies":"Chosen","floor":21,"turns":3},{"damage":23,"enemies":"Book of Stabbing","floor":23,"turns":3},{"damage":6,"enemies":"Gremlin Leader","floor":25,"turns":4},{"damage":7,"enemies":"Book of Stabbing","floor":27,"turns":3},{"damage":25,"enemies":"Snake Plant","floor":28,"turns":3},{"damage":18,"enemies":"Centurion and Healer","floor":30,"turns":4},{"damage":0,"enemies":"Snecko","floor":31,"turns":2},{"damage":44,"enemies":"Champ","floor":33,"turns":8},{"damage":2,"enemies":"Orb Walker","floor":35,"turns":2},{"damage":0,"enemies":"3 Shapes","floor":36,"turns":2},{"damage":15,"enemies":"Transient","floor":37,"turns":5},{"damage":27,"enemies":"Maw","floor":39,"turns":5},{"damage":6,"enemies":"Giant Head","floor":40,"turns":4},{"damage":6,"enemies":"Sphere and 2 Shapes","floor":41,"turns":3},{"damage":6,"enemies":"Nemesis","floor":42,"turns":3},{"damage":0,"enemies":"Giant Head","floor":46,"turns":3},{"damage":6,"enemies":"3 Darklings","floor":48,"turns":4},{"damage":98,"enemies":"Awakened One","floor":50,"turns":9},{"damage":34,"enemies":"Shield and Spear","floor":54,"turns":4},{"damage":84,"enemies":"The Heart","floor":55,"turns":5}],"seed_played":"1471503168826320435","potions_obtained":[{"floor":1,"key":"Explosive Potion"},{"floor":6,"key":"PowerPotion"},{"floor":8,"key":"Weak Potion"},{"floor":12,"key":"Ancient Potion"},{"floor":16,"key":"Fruit Juice"},{"floor":21,"key":"PowerPotion"},{"floor":30,"key":"BloodPotion"},{"floor":33,"key":"Swift Potion"},{"floor":37,"key":"SteroidPotion"},{"floor":39,"key":"GamblersBrew"},{"floor":41,"key":"SpeedPotion"}],"is_trial":false,"path_per_floor":["M","M","M","$","M","E","R","E","T","?","E","M","R","?","R","B",null,"M","?","?","M","$","E","R","E","T","E","M","R","M","M","R","B",null,"M","M","M","?","M","E","M","E","T","?","?","E","R","M","R","B",null,"R","$","E","B"],"character_chosen":"IRONCLAD","items_purchased":["Armaments","Brimstone","Gremlin Horn","Strawberry","Blood Vial"],"campfire_rested":2,"item_purchase_floors":[4,4,22,53,53],"current_hp_per_floor":[80,80,80,80,80,78,78,61,61,61,67,73,73,78,78,47,90,64,64,46,58,58,41,69,95,95,94,75,75,68,74,95,57,95,95,95,86,86,88,88,88,88,88,88,88,94,94,94,94,43,95,95,102,74,0],"gold":252,"neow_bonus":"HUNDRED_GOLD","is_prod":false,"is_daily":false,"chose_seed":false,"campfire_upgraded":6,"win_rate":0,"timestamp":1562999678,"path_taken":["M","M","M","$","M","E","R","E","T","?","E","M","R","?","R","BOSS","M","?","?","M","?","E","R","E","T","E","M","R","M","M","R","BOSS","M","?","M","?","M","E","M","E","T","?","?","E","R","M","R","BOSS","R","$","E","BOSS"],"build_version":"2019-07-05","purchased_purges":1,"victory":false,"max_hp_per_floor":[80,80,80,80,80,80,80,80,80,80,80,80,80,85,85,90,90,90,90,95,95,95,95,95,95,95,95,95,95,95,95,95,95,95,95,95,95,95,95,95,95,95,95,95,95,95,95,95,95,95,95,95,102,102,102],"card_choices":[{"not_picked":["Metallicize","Clothesline"],"picked":"Pommel Strike","floor":1},{"not_picked":["Ghostly Armor","Pommel Strike"],"picked":"Body Slam","floor":2},{"not_picked":["Searing Blow","Pommel Strike"],"picked":"Anger","floor":3},{"not_picked":["Disarm","Flex"],"picked":"Shrug It Off","floor":5},{"not_picked":["Feel No Pain","Entrench"],"picked":"Dual Wield","floor":6},{"not_picked":["True Grit","Flex","Seeing Red"],"picked":"SKIP","floor":8},{"not_picked":["Twin Strike","Headbutt"],"picked":"Offering","floor":11},{"not_picked":["Wild Strike","Flex"],"picked":"Double Tap","floor":12},{"not_picked":["Immolate","Juggernaut"],"picked":"Impervious","floor":16},{"not_picked":["Armaments","Thunderclap","Cleave+1"],"picked":"SKIP","floor":18},{"not_picked":["Uppercut+1","Dropkick","Headbutt"],"picked":"SKIP","floor":21},{"not_picked":["Entrench+1","Brutality"],"picked":"Armaments+1","floor":23},{"not_picked":["Ghostly Armor","Limit Break"],"picked":"Corruption","floor":25},{"not_picked":["Reckless Charge","Shockwave"],"picked":"True Grit","floor":27},{"not_picked":["Heavy Blade","Armaments"],"picked":"Thunderclap","floor":28},{"not_picked":["Warcry","Twin Strike"],"picked":"Battle Trance+1","floor":30},{"not_picked":["True Grit","Havoc"],"picked":"Shockwave","floor":31},{"not_picked":["Brutality","Bludgeon"],"picked":"Feed","floor":33},{"not_picked":["Flex+1","Power Through","Heavy Blade+1"],"picked":"SKIP","floor":35},{"not_picked":["Rupture","Twin Strike+1","Heavy Blade"],"picked":"SKIP","floor":36},{"not_picked":["Disarm","Sword Boomerang+1","Thunderclap+1"],"picked":"SKIP","floor":37},{"not_picked":["Anger+1","Wild Strike"],"picked":"Feel No Pain+1","floor":39},{"not_picked":["Entrench","Power Through"],"picked":"Fire Breathing+1","floor":40},{"not_picked":["Dual Wield+1","Feel No Pain"],"picked":"Sentinel","floor":41},{"not_picked":["Searing Blow+1","Limit Break"],"picked":"Shrug It Off+1","floor":42},{"not_picked":["Headbutt","Sword Boomerang+1"],"picked":"Metallicize+1","floor":46},{"not_picked":["Fire Breathing","Havoc","Body Slam"],"picked":"SKIP","floor":48},{"not_picked":["Flame Barrier+1","Cleave+1"],"picked":"Dropkick+1","floor":54}],"player_experience":148546,"relics_obtained":[{"floor":6,"key":"Bottled Flame"},{"floor":8,"key":"Anchor"},{"floor":9,"key":"Bag of Marbles"},{"floor":11,"key":"The Courier"},{"floor":23,"key":"Du-Vu Doll"},{"floor":25,"key":"PreservedInsect"},{"floor":26,"key":"Paper Frog"},{"floor":27,"key":"Bronze Scales"},{"floor":40,"key":"Thread and Needle"},{"floor":42,"key":"Sundial"},{"floor":46,"key":"Self Forming Clay"},{"floor":54,"key":"Lantern"}],"event_choices":[{"damage_healed":0,"gold_gain":0,"player_choice":"Grow","damage_taken":0,"max_hp_gain":0,"max_hp_loss":0,"event_name":"Living Wall","floor":10,"gold_loss":0,"cards_upgraded":["Dual Wield"]},{"damage_healed":0,"gold_gain":0,"player_choice":"Donut","damage_taken":0,"max_hp_gain":5,"max_hp_loss":0,"event_name":"Big Fish","floor":14,"gold_loss":0},{"cards_removed":["Perfected Strike"],"damage_healed":0,"gold_gain":0,"player_choice":"Elegance","damage_taken":0,"max_hp_gain":0,"max_hp_loss":0,"event_name":"Back to Basics","floor":19,"gold_loss":0},{"damage_healed":0,"gold_gain":0,"player_choice":"Shed Blood","damage_taken":23,"max_hp_gain":5,"max_hp_loss":0,"event_name":"Forgotten Altar","floor":20,"gold_loss":0},{"damage_healed":0,"gold_gain":0,"player_choice":"Ignored","damage_taken":0,"max_hp_gain":0,"max_hp_loss":0,"event_name":"Tomb of Lord Red Mask","floor":38,"gold_loss":0},{"cards_removed":["Feed"],"damage_healed":0,"gold_gain":0,"player_choice":"Removed Attack","damage_taken":0,"max_hp_gain":0,"max_hp_loss":0,"event_name":"Falling","floor":44,"gold_loss":0},{"damage_healed":0,"gold_gain":0,"cards_transformed":["Bludgeon"],"player_choice":"Transformed","damage_taken":0,"max_hp_gain":0,"max_hp_loss":0,"event_name":"Transmorgrifier","floor":45,"gold_loss":0,"cards_obtained":["Searing Blow"]}],"is_beta":false,"boss_relics":[{"not_picked":["Velvet Choker","Fusion Hammer"],"picked":"Pandora\u0027s Box"},{"not_picked":["Runic Dome","Mark of Pain"],"picked":"Runic Cube"}],"items_purged_floors":[53],"is_endless":false,"potions_floor_spawned":[1,6,8,12,16,21,30,33,37,39,41],"killed_by":"The Heart","ascension_level":1}