{"gold_per_floor":[116,131,206,18,18,18,47,47,71,71,100,115,115,151,151,247,247,272,292,315,349,367,367,367],"floor_reached":24,"playtime":986,"items_purged":[],"score":375,"play_id":"e0fdacba-213b-4c78-9e06-3f8c158e959d","local_time":"20190726192627","is_ascension_mode":true,"campfire_choices":[{"data":"Iron Wave","floor":6,"key":"SMITH"},{"data":"Immolate","floor":8,"key":"SMITH"},{"floor":10,"key":"REST"},{"floor":15,"key":"REST"},{"floor":23,"key":"REST"}],"neow_cost":"CURSE","seed_source_timestamp":174312920052000,"circlet_count":0,"master_deck":["AscendersBane","Strike_R","Strike_R","Strike_R","Strike_R","Strike_R","Defend_R","Defend_R","Defend_R","Defend_R","Bash","Wild Strike","Immolate+1","Iron Wave+1","Spot Weakness","Berserk","Injury","Power Through","Power Through","Fiend Fire","Thunderclap+1","Uppercut","True Grit","Battle Trance","Metallicize+1"],"relics":["Black Blood","Mango","Singing Bowl","Ancient Tea Set","Incense Burner","Golden Idol","Dream Catcher","Red Mask"],"potions_floor_usage":[11,16,16,20,21],"damage_taken":[{"damage":6,"enemies":"2 Louse","floor":1,"turns":3},{"damage":7,"enemies":"Small Slimes","floor":2,"turns":4},{"damage":28,"enemies":"3 Sentries","floor":7,"turns":7},{"damage":33,"enemies":"Lagavulin","floor":11,"turns":5},{"damage":2,"enemies":"Jaw Worm","floor":12,"turns":3},{"damage":24,"enemies":"Gremlin Nob","floor":14,"turns":4},{"damage":23,"enemies":"The Guardian","floor":16,"turns":9},{"damage":23,"enemies":"3 Byrds","floor":18,"turns":5},{"damage":35,"enemies":"Shell Parasite","floor":19,"turns":6},{"damage":37,"enemies":"Centurion and Healer","floor":20,"turns":8},{"damage":10,"enemies":"Masked Bandits","floor":21,"turns":3},{"damage":13,"enemies":"Snake Plant","floor":22,"turns":3},{"damage":42,"enemies":"Chosen and Byrds","floor":24,"turns":6}],"seed_played":"7017378893851681157","potions_obtained":[{"floor":2,"key":"Ancient Potion"},{"floor":7,"key":"Swift Potion"},{"floor":11,"key":"Dexterity Potion"},{"floor":12,"key":"SteroidPotion"},{"floor":18,"key":"Swift Potion"},{"floor":20,"key":"AttackPotion"}],"is_trial":false,"path_per_floor":["M","M","?","$","?","R","E","R","T","R","E","M","?","E","R","B",null,"M","M","M","?","M","R","M"],"character_chosen":"IRONCLAD","items_purchased":["Immolate","Iron Wave"],"campfire_rested":3,"item_purchase_floors":[4,4],"current_hp_per_floor":[82,81,70,70,63,63,41,41,41,67,42,46,46,28,55,38,78,65,40,13,15,12,39,0],"gold":367,"neow_bonus":"ONE_RARE_RELIC","is_prod":false,"is_daily":false,"chose_seed":false,"campfire_upgraded":2,"win_rate":0,"timestamp":1564183587,"path_taken":["M","M","?","$","?","R","E","R","T","R","E","M","?","E","R","BOSS","M","M","M","?","M","R","M"],"build_version":"2019-07-17","purchased_purges":0,"victory":false,"max_hp_per_floor":[89,89,89,89,89,89,89,89,89,89,91,91,91,91,91,91,91,91,91,91,93,93,93,93],"card_choices":[{"not_picked":["Rage","Corruption"],"picked":"Wild Strike","floor":1},{"not_picked":["Perfected Strike","Clash","Flex"],"picked":"SKIP","floor":2},{"not_picked":["Carnage","Cleave"],"picked":"Spot Weakness","floor":7},{"not_picked":["Evolve","Wild Strike","Pommel Strike"],"picked":"Singing Bowl","floor":11},{"not_picked":["Havoc","Warcry"],"picked":"Berserk","floor":12},{"not_picked":["Heavy Blade","Burning Pact"],"picked":"Power Through","floor":14},{"not_picked":["Evolve","Armaments"],"picked":"Power Through","floor":15},{"not_picked":["Juggernaut","Offering"],"picked":"Fiend Fire","floor":16},{"not_picked":["Searing Blow","Sever Soul"],"picked":"Thunderclap+1","floor":18},{"not_picked":["Searing Blow","Anger"],"picked":"Uppercut","floor":19},{"not_picked":["Intimidate","Rupture"],"picked":"True Grit","floor":20},{"not_picked":["Headbutt","Cleave","Rupture"],"picked":"Singing Bowl","floor":21},{"not_picked":["Twin Strike","Sword Boomerang"],"picked":"Battle Trance","floor":22},{"not_picked":["Rage+1","Blood for Blood"],"picked":"Metallicize+1","floor":23}],"player_experience":697676,"relics_obtained":[{"floor":7,"key":"Singing Bowl"},{"floor":9,"key":"Ancient Tea Set"},{"floor":11,"key":"Incense Burner"},{"floor":14,"key":"Dream Catcher"},{"floor":21,"key":"Red Mask"}],"event_choices":[{"damage_healed":0,"gold_gain":75,"player_choice":"Gather Gold","damage_taken":11,"max_hp_gain":0,"max_hp_loss":0,"event_name":"World of Goop","floor":3,"gold_loss":0},{"cards_removed":["Shame"],"damage_healed":0,"gold_gain":0,"player_choice":"Card Removal","damage_taken":7,"max_hp_gain":0,"max_hp_loss":0,"event_name":"Golden Wing","floor":5,"gold_loss":0},{"damage_healed":0,"gold_gain":0,"player_choice":"Take Wound","damage_taken":0,"relics_obtained":["Golden Idol"],"max_hp_gain":0,"max_hp_loss":0,"event_name":"Golden Idol","floor":13,"gold_loss":0,"cards_obtained":["Injury"]},{"damage_healed":0,"gold_gain":0,"player_choice":"Fought Bandits","damage_taken":0,"max_hp_gain":0,"max_hp_loss":0,"event_name":"Masked Bandits","floor":21,"gold_loss":0}],"is_beta":false,"boss_relics":[{"not_picked":["Coffee Dripper","Runic Pyramid"],"picked":"Black Blood"}],"items_purged_floors":[],"is_endless":false,"potions_floor_spawned":[2,7,11,12,18,20],"killed_by":"Chosen and Byrds","ascension_level":15}