{"gold_per_floor":[112,112,123,123,123,123,161,180,180,203,203],"floor_reached":11,"playtime":676,"items_purged":[],"score":117,"play_id":"b8f572c3-1e19-4f0c-853f-b116fd681f8d","local_time":"20190110002151","is_ascension_mode":true,"campfire_choices":[{"data":"Malaise","floor":6,"key":"SMITH"}],"neow_cost":"NONE","seed_source_timestamp":14520329800011,"circlet_count":0,"master_deck":["AscendersBane","Defend_G","Defend_G","Defend_G","Defend_G","Defend_G","Strike_G","Strike_G","Strike_G","Strike_G","Survivor","Neutralize","Dodge and Roll","Malaise+1","Acrobatics","Injury","Backflip","Die Die Die","Sucker Punch"],"relics":["Ring of the Snake","Golden Idol","NlothsMask","Oddly Smooth Stone"],"potions_floor_usage":[10,11],"damage_taken":[{"damage":4,"enemies":"Jaw Worm","floor":1,"turns":6},{"damage":0,"enemies":"2 Louse","floor":3,"turns":5},{"damage":55,"enemies":"3 Sentries","floor":7,"turns":21},{"damage":0,"enemies":"Cultist","floor":8,"turns":5},{"damage":2,"enemies":"3 Louse","floor":10,"turns":5},{"damage":30,"enemies":"Gremlin Nob","floor":11,"turns":5}],"seed_played":"-829373111470590677","potions_obtained":[{"floor":3,"key":"Poison Potion"},{"floor":8,"key":"FearPotion"}],"is_trial":false,"path_per_floor":["M","?","M","?","?","R","E","M","T","M","E"],"character_chosen":"THE_SILENT","items_purchased":[],"campfire_rested":0,"item_purchase_floors":[],"current_hp_per_floor":[66,66,66,66,66,66,11,11,11,9,0],"gold":203,"neow_bonus":"TEN_PERCENT_HP_BONUS","is_prod":false,"is_daily":false,"chose_seed":false,"campfire_upgraded":1,"win_rate":0,"timestamp":1547097711,"path_taken":["M","?","M","?","?","R","E","M","T","?","E"],"build_version":"2019-01-08","purchased_purges":0,"victory":false,"max_hp_per_floor":[77,77,77,77,77,77,77,77,77,77,77],"card_choices":[{"not_picked":["Blade Dance","Acrobatics"],"picked":"Dodge and Roll","floor":1},{"not_picked":["Slice","Poisoned Stab"],"picked":"Acrobatics","floor":3},{"not_picked":["Prepared","Slice"],"picked":"Backflip","floor":7},{"not_picked":["Backstab","PiercingWail"],"picked":"Die Die Die","floor":8},{"not_picked":["Bane","Deflect"],"picked":"Sucker Punch","floor":10}],"player_experience":775859,"relics_obtained":[{"floor":7,"key":"Oddly Smooth Stone"}],"event_choices":[{"damage_healed":0,"gold_gain":0,"cards_transformed":["Strike_G"],"player_choice":"Change","damage_taken":0,"max_hp_gain":0,"max_hp_loss":0,"event_name":"Living Wall","floor":2,"gold_loss":0,"cards_obtained":["Malaise"]},{"damage_healed":0,"gold_gain":0,"player_choice":"Take Wound","damage_taken":0,"relics_obtained":["Golden Idol"],"max_hp_gain":0,"max_hp_loss":0,"event_name":"Golden Idol","floor":4,"gold_loss":0,"cards_obtained":["Injury"]},{"damage_healed":0,"gold_gain":0,"player_choice":"Trade","damage_taken":0,"relics_obtained":["NlothsMask"],"max_hp_gain":0,"max_hp_loss":0,"event_name":"FaceTrader","floor":5,"gold_loss":0}],"is_beta":true,"boss_relics":[],"items_purged_floors":[],"is_endless":false,"potions_floor_spawned":[3,8],"killed_by":"Gremlin Nob","ascension_level":12}