{"gold_per_floor":[117,130,142,142,157,157,175,190,190,205,219,294,308,320,320,417,417,430,441,453,473,489,489,203,203],"floor_reached":25,"playtime":2234,"items_purged":[],"score":230,"play_id":"90b294f0-2a1e-432b-9802-4747b5c9582a","local_time":"20181110215957","is_ascension_mode":false,"campfire_choices":[{"data":"Chaos","floor":6,"key":"SMITH"},{"floor":15,"key":"REST"},{"floor":23,"key":"REST"}],"neow_cost":"TEN_PERCENT_HP_LOSS","seed_source_timestamp":276243607229522,"circlet_count":0,"master_deck":["Strike_B","Strike_B","Strike_B","Strike_B","Defend_B","Defend_B","Defend_B+1","Defend_B","Zap","Dualcast","Chaos+1","Lockon","Conserve Battery","Ball Lightning","Loop+1","Lockon","Conserve Battery","Chaos","Turbo","All For One","Hologram","Turbo","Compile Driver","BootSequence","BootSequence","Thunder Strike","Conserve Battery","Coolheaded","Coolheaded","Reinforced Body","Buffer","Aggregate+1","Stack+1","Go for the Eyes","Undo","Hologram","Undo","Self Repair+1","Tempest","Streamline","Force Field+1","Stack"],"relics":["Cracked Core","Prayer Wheel","Calipers","Lizard Tail","Frozen Egg 2"],"potions_floor_usage":[20,21,22,25],"damage_taken":[{"damage":0,"enemies":"Cultist","floor":1,"turns":3},{"damage":0,"enemies":"2 Louse","floor":2,"turns":2},{"damage":9,"enemies":"Small Slimes","floor":3,"turns":3},{"damage":3,"enemies":"Looter","floor":5,"turns":3},{"damage":3,"enemies":"3 Louse","floor":7,"turns":5},{"damage":5,"enemies":"Blue Slaver","floor":8,"turns":3},{"damage":1,"enemies":"Looter","floor":10,"turns":3},{"damage":1,"enemies":"Exordium Wildlife","floor":11,"turns":3},{"damage":0,"enemies":"Large Slime","floor":13,"turns":3},{"damage":0,"enemies":"Blue Slaver","floor":14,"turns":3},{"damage":5,"enemies":"Slime Boss","floor":16,"turns":7},{"damage":0,"enemies":"Chosen","floor":18,"turns":4},{"damage":16,"enemies":"2 Thieves","floor":19,"turns":5},{"damage":49,"enemies":"3 Cultists","floor":20,"turns":8},{"damage":0,"enemies":"Chosen and Byrds","floor":21,"turns":5},{"damage":0,"enemies":"Centurion and Healer","floor":22,"turns":6},{"damage":72,"enemies":"Gremlin Leader","floor":25,"turns":8}],"seed_played":"8745570612089169318","potions_obtained":[{"floor":2,"key":"SpeedPotion"},{"floor":3,"key":"LiquidBronze"},{"floor":5,"key":"Explosive Potion"},{"floor":14,"key":"Swift Potion"},{"floor":19,"key":"PowerPotion"},{"floor":20,"key":"Swift Potion"},{"floor":21,"key":"SteroidPotion"}],"is_trial":false,"path_per_floor":["M","M","M","?","M","R","M","M","T","M","M","?","M","M","R","B",null,"M","M","M","M","M","R","$","E"],"character_chosen":"DEFECT","items_purchased":["Stack","Frozen Egg 2"],"campfire_rested":2,"item_purchase_floors":[24,24],"current_hp_per_floor":[68,68,59,45,42,42,39,34,34,33,32,21,21,21,41,36,68,68,52,3,3,13,33,33,0],"gold":203,"neow_bonus":"ONE_RARE_RELIC","is_prod":false,"is_daily":false,"chose_seed":false,"campfire_upgraded":1,"win_rate":0,"timestamp":1541905197,"path_taken":["M","M","M","?","M","R","M","M","T","M","M","?","M","M","R","BOSS","M","M","M","M","M","R","$","E"],"build_version":"2018-11-08","purchased_purges":0,"victory":false,"max_hp_per_floor":[68,68,68,68,68,68,68,68,68,68,68,68,68,68,68,68,68,68,68,68,68,68,68,68,68],"card_choices":[{"not_picked":["Redo","Hologram"],"picked":"Chaos","floor":1},{"not_picked":["Gash","Beam Cell"],"picked":"Lockon","floor":1},{"not_picked":["FTL","Hologram"],"picked":"Conserve Battery","floor":2},{"not_picked":["Sweeping Beam","Steam"],"picked":"Ball Lightning","floor":2},{"not_picked":["Heatsinks","Coolheaded"],"picked":"Loop","floor":3},{"not_picked":["Heatsinks","Blizzard"],"picked":"Lockon","floor":3},{"not_picked":["Ball Lightning","Streamline"],"picked":"Conserve Battery","floor":5},{"not_picked":["Beam Cell","Go for the Eyes"],"picked":"Chaos","floor":5},{"not_picked":["Fusion","Force Field"],"picked":"Turbo","floor":7},{"not_picked":["Streamline","Force Field"],"picked":"All For One","floor":7},{"not_picked":["Scrape","Barrage"],"picked":"Hologram","floor":8},{"not_picked":["Storm","Doom and Gloom"],"picked":"Turbo","floor":8},{"not_picked":["Coolheaded","Recycle"],"picked":"Compile Driver","floor":10},{"not_picked":["Streamline","Steam Power"],"picked":"BootSequence","floor":10},{"not_picked":["Cold Snap","Ball Lightning"],"picked":"BootSequence","floor":11},{"not_picked":["Redo","Leap"],"picked":"Thunder Strike","floor":11},{"not_picked":["Barrage","Leap"],"picked":"Conserve Battery","floor":13},{"not_picked":["Chaos","Streamline"],"picked":"Coolheaded","floor":13},{"not_picked":["Conserve Battery","Beam Cell"],"picked":"Coolheaded","floor":14},{"not_picked":["Leap","White Noise"],"picked":"Reinforced Body","floor":14},{"not_picked":["Electrodynamics","Biased Cognition"],"picked":"Buffer","floor":16},{"not_picked":["Turbo","Skim"],"picked":"Aggregate+1","floor":18},{"not_picked":["Streamline+1","Leap+1"],"picked":"Stack+1","floor":18},{"not_picked":["Leap","Barrage+1"],"picked":"Go for the Eyes","floor":19},{"not_picked":["BootSequence+1","Steam+1"],"picked":"Undo","floor":19},{"not_picked":["Steam","Gash"],"picked":"Hologram","floor":20},{"not_picked":["Blizzard+1","Streamline"],"picked":"Undo","floor":20},{"not_picked":["Turbo","Hello World"],"picked":"Self Repair+1","floor":21},{"not_picked":["Heatsinks","Reprogram"],"picked":"Tempest","floor":21},{"not_picked":["Barrage","Steam"],"picked":"Streamline","floor":22},{"not_picked":["Gash+1","Steam"],"picked":"Force Field+1","floor":22}],"player_experience":327424,"relics_obtained":[{"floor":9,"key":"Calipers"}],"event_choices":[{"damage_healed":0,"gold_gain":0,"player_choice":"Entered Light","damage_taken":14,"max_hp_gain":0,"max_hp_loss":0,"event_name":"Shining Light","floor":4,"gold_loss":0,"cards_upgraded":["Defend_B","Loop"]},{"damage_healed":0,"gold_gain":75,"player_choice":"Gather Gold","damage_taken":11,"max_hp_gain":0,"max_hp_loss":0,"event_name":"World of Goop","floor":12,"gold_loss":0}],"is_beta":true,"boss_relics":[{"not_picked":["Fusion Hammer","Ectoplasm"],"picked":"Lizard Tail"}],"items_purged_floors":[],"is_endless":false,"potions_floor_spawned":[2,3,5,13,14,19,20,21],"killed_by":"Gremlin Leader","ascension_level":0}