{"gold_per_floor":[116,29,129,145,145,171,171,204,204,204,221,221,241,241,241,339,339,339,339,339,30,30,30,30,30,30,30,30,30,30,30,30,30,30,30,30,0,0,0,0,0,0,0,0,0,0,0,0,0,0],"floor_reached":50,"playtime":2527,"items_purged":[],"score":902,"play_id":"b7109bfa-5a84-4dee-a971-52508b481cf3","local_time":"20190724185710","is_ascension_mode":true,"campfire_choices":[{"data":"Noxious Fumes","floor":10,"key":"SMITH"},{"data":"Malaise","floor":12,"key":"SMITH"},{"data":"Neutralize","floor":15,"key":"SMITH"},{"data":"J.A.X.","floor":23,"key":"SMITH"},{"data":"1","floor":25,"key":"LIFT"},{"data":"2","floor":27,"key":"LIFT"},{"data":"3","floor":32,"key":"LIFT"},{"floor":40,"key":"REST"},{"floor":45,"key":"REST"},{"floor":49,"key":"REST"}],"neow_cost":"NONE","seed_source_timestamp":49884853112069,"circlet_count":0,"master_deck":["AscendersBane","Strike_G","Strike_G","Strike_G","Strike_G","Strike_G","Defend_G","Defend_G","Defend_G","Defend_G","Defend_G","Survivor+1","Neutralize+1","Dash","Noxious Fumes+1","Malaise+1","Cloak And Dagger","Dagger Spray","Glass Knife","J.A.X.+1","Well Laid Plans+1","Footwork","Ghostly","Ghostly","Ghostly","Ghostly","Ghostly","After Image","Poisoned Stab","Catalyst","Adrenaline+1","Bouncing Flask+1","Deadly Poison+1","Deadly Poison+1","Dash","Bouncing Flask+1","Deflect"],"relics":["Ring of the Snake","NeowsBlessing","Lantern","The Courier","Mummified Hand","Bottled Flame","Dodecahedron","Ectoplasm","Bird Faced Urn","Girya","Orichalcum","Tiny Chest","Boot","Fusion Hammer","Red Mask","War Paint","Smiling Mask"],"potions_floor_usage":[8,20,33,50,50,50],"damage_taken":[{"damage":0,"enemies":"2 Louse","floor":1,"turns":1},{"damage":0,"enemies":"Cultist","floor":4,"turns":1},{"damage":0,"enemies":"3 Sentries","floor":6,"turns":1},{"damage":9,"enemies":"Gremlin Nob","floor":8,"turns":5},{"damage":0,"enemies":"Small Slimes","floor":11,"turns":4},{"damage":11,"enemies":"Exordium Wildlife","floor":13,"turns":6},{"damage":5,"enemies":"Hexaghost","floor":16,"turns":12},{"damage":11,"enemies":"Shell Parasite","floor":18,"turns":6},{"damage":6,"enemies":"Spheric Guardian","floor":20,"turns":3},{"damage":4,"enemies":"Book of Stabbing","floor":24,"turns":7},{"damage":2,"enemies":"Gremlin Leader","floor":28,"turns":7},{"damage":4,"enemies":"Centurion and Healer","floor":30,"turns":6},{"damage":11,"enemies":"Shelled Parasite and Fungi","floor":31,"turns":4},{"damage":15,"enemies":"Collector","floor":33,"turns":9},{"damage":3,"enemies":"Orb Walker","floor":35,"turns":5},{"damage":5,"enemies":"3 Shapes","floor":36,"turns":6},{"damage":4,"enemies":"Sphere and 2 Shapes","floor":38,"turns":5},{"damage":6,"enemies":"4 Shapes","floor":39,"turns":4},{"damage":1,"enemies":"Maw","floor":41,"turns":7},{"damage":7,"enemies":"Nemesis","floor":42,"turns":9},{"damage":19,"enemies":"Spire Growth","floor":48,"turns":4},{"damage":52,"enemies":"Awakened One","floor":50,"turns":11}],"seed_played":"-7400471742463253429","potions_obtained":[{"floor":6,"key":"SpeedPotion"},{"floor":11,"key":"AttackPotion"},{"floor":13,"key":"EssenceOfSteel"},{"floor":16,"key":"AttackPotion"},{"floor":18,"key":"Fire Potion"},{"floor":30,"key":"Poison Potion"},{"floor":31,"key":"SteroidPotion"},{"floor":33,"key":"Dexterity Potion"}],"is_trial":false,"path_per_floor":["M","$","?","M","?","E","T","E","T","R","M","R","M","?","R","B",null,"M","?","M","$","?","R","E","R","T","R","E","?","M","M","R","B",null,"M","M","?","M","M","R","M","E","T","$","R","?","$","M","R","B"],"character_chosen":"THE_SILENT","items_purchased":["Poison Potion","Dash","Footwork","Bird Faced Urn"],"campfire_rested":3,"item_purchase_floors":[2,2,21,21],"current_hp_per_floor":[63,63,63,63,68,68,68,59,59,59,59,59,48,48,48,43,67,56,56,50,50,37,37,33,33,33,33,36,36,36,31,31,24,34,34,36,36,37,33,37,37,34,34,34,37,37,37,22,33,0],"gold":0,"neow_bonus":"THREE_ENEMY_KILL","is_prod":false,"is_daily":false,"chose_seed":false,"campfire_upgraded":4,"win_rate":0,"timestamp":1564012630,"path_taken":["M","$","?","?","?","E","?","E","T","R","M","R","M","?","R","BOSS","M","?","M","$","?","R","E","R","T","R","E","?","?","M","R","BOSS","M","?","?","M","M","R","M","E","T","$","R","?","$","M","R","BOSS"],"build_version":"2019-07-17","purchased_purges":0,"victory":false,"max_hp_per_floor":[70,70,70,70,75,75,75,75,75,75,75,75,75,75,75,75,75,75,75,75,75,37,37,37,37,37,37,37,37,37,37,37,37,37,37,37,37,37,37,37,37,37,37,37,37,37,37,37,37,37],"card_choices":[{"not_picked":["Outmaneuver","Backflip","Prepared"],"picked":"SKIP","floor":1},{"not_picked":["Dagger Spray","Accuracy"],"picked":"Noxious Fumes","floor":4},{"not_picked":["Terror","Distraction"],"picked":"Malaise","floor":6},{"not_picked":["Flying Knee","Tactician"],"picked":"Cloak And Dagger","floor":8},{"not_picked":["Outmaneuver","Caltrops"],"picked":"Dagger Spray","floor":11},{"not_picked":["Masterful Stab","Tactician","Finisher"],"picked":"SKIP","floor":13},{"not_picked":["Phantasmal Killer","Burst"],"picked":"Glass Knife","floor":16},{"not_picked":["Deflect","Quick Slash","Cloak And Dagger"],"picked":"SKIP","floor":18},{"not_picked":["Prepared","Flying Knee"],"picked":"Well Laid Plans+1","floor":20},{"not_picked":["Underhanded Strike","Backstab"],"picked":"After Image","floor":24},{"not_picked":["Backflip","Blur"],"picked":"Poisoned Stab","floor":28},{"not_picked":["Poisoned Stab","Flying Knee"],"picked":"Catalyst","floor":30},{"not_picked":["Eviscerate","Distraction+1","Concentrate"],"picked":"SKIP","floor":31},{"not_picked":["Malaise","Envenom"],"picked":"Adrenaline","floor":33},{"not_picked":["Poisoned Stab+1","Prepared+1"],"picked":"Bouncing Flask+1","floor":35},{"not_picked":["Caltrops+1","Acrobatics"],"picked":"Deadly Poison+1","floor":36},{"not_picked":["Deflect+1","Quick Slash+1","Choke"],"picked":"SKIP","floor":38},{"not_picked":["Poisoned Stab+1","All Out Attack+1"],"picked":"Deadly Poison+1","floor":39},{"not_picked":["Riddle With Holes","Dagger Throw+1"],"picked":"Dash","floor":41},{"not_picked":["Quick Slash","Flying Knee"],"picked":"Bouncing Flask+1","floor":42},{"not_picked":["Storm of Steel","Dagger Throw"],"picked":"Deflect","floor":48}],"player_experience":225247,"relics_obtained":[{"floor":6,"key":"Lantern"},{"floor":7,"key":"The Courier"},{"floor":8,"key":"Mummified Hand"},{"floor":9,"key":"Bottled Flame"},{"floor":24,"key":"Girya"},{"floor":26,"key":"Orichalcum"},{"floor":28,"key":"Tiny Chest"},{"floor":42,"key":"War Paint"},{"floor":43,"key":"Smiling Mask"}],"event_choices":[{"damage_healed":0,"gold_gain":100,"player_choice":"Pray","damage_taken":0,"max_hp_gain":0,"max_hp_loss":0,"event_name":"Golden Shrine","floor":3,"gold_loss":0},{"damage_healed":0,"gold_gain":0,"player_choice":"Donut","damage_taken":0,"max_hp_gain":5,"max_hp_loss":0,"event_name":"Big Fish","floor":5,"gold_loss":0},{"damage_healed":0,"gold_gain":0,"player_choice":"Searched \u00271\u0027 times","damage_taken":0,"relics_obtained":["Dodecahedron"],"max_hp_gain":0,"max_hp_loss":0,"event_name":"Dead Adventurer","floor":14,"gold_loss":0},{"damage_healed":0,"gold_gain":0,"player_choice":"Obtain J.A.X.","damage_taken":0,"max_hp_gain":0,"max_hp_loss":0,"event_name":"Drug Dealer","floor":19,"gold_loss":0,"cards_obtained":["J.A.X."]},{"damage_healed":0,"gold_gain":0,"player_choice":"Became a Ghost","damage_taken":0,"max_hp_gain":0,"max_hp_loss":38,"event_name":"Ghosts","floor":22,"gold_loss":0,"cards_obtained":["Ghostly","Ghostly","Ghostly","Ghostly","Ghostly"]},{"damage_healed":0,"gold_gain":0,"player_choice":"Gave Potion","damage_taken":0,"relics_obtained":["Boot"],"max_hp_gain":0,"max_hp_loss":0,"event_name":"WeMeetAgain","floor":29,"gold_loss":0},{"damage_healed":0,"gold_gain":0,"player_choice":"Paid","damage_taken":0,"relics_obtained":["Red Mask"],"max_hp_gain":0,"max_hp_loss":0,"event_name":"Tomb of Lord Red Mask","floor":37,"gold_loss":30},{"damage_healed":0,"gold_gain":0,"player_choice":"Full Heal","damage_taken":0,"max_hp_gain":0,"max_hp_loss":0,"event_name":"Wheel of Change","floor":46,"gold_loss":0}],"is_beta":false,"boss_relics":[{"not_picked":["Ring of the Serpent","Philosopher\u0027s Stone"],"picked":"Ectoplasm"},{"not_picked":["Snecko Eye","Empty Cage"],"picked":"Fusion Hammer"}],"items_purged_floors":[],"is_endless":false,"potions_floor_spawned":[6,11,13,16,18,30,31,33,35,39,41,42,48],"killed_by":"Awakened One","ascension_level":10}