{"gold_per_floor":[113,133,143,157,157,186,157,157,209,209,14,33,51,67,67,168,168,182,197,197,216,23,23,49,63,89,105,105,116,116,116,116,116],"floor_reached":33,"playtime":4928,"items_purged":["Regret","Normality"],"score":271,"play_id":"46cd70e4-89b9-41d3-b10c-b6a99fd652fc","local_time":"20190223153359","is_ascension_mode":false,"campfire_choices":[{"floor":8,"key":"REST"},{"data":"Endless Agony","floor":10,"key":"SMITH"},{"floor":15,"key":"REST"},{"floor":23,"key":"REST"},{"floor":32,"key":"REST"}],"neow_cost":"NONE","seed_source_timestamp":675849296859744,"circlet_count":0,"master_deck":["Defend_G","Defend_G","Defend_G","Defend_G","Defend_G","Strike_G","Strike_G","Strike_G","Strike_G","Strike_G","Survivor","Neutralize","Blade Dance","Endless Agony+1","Backstab","Cloak And Dagger","Quick Slash","Infinite Blades+1","Cloak And Dagger","Deflect","Dagger Throw","Backstab","Phantasmal Killer","Blade Dance","Quick Slash+1","Terror+1","Dramatic Entrance","Finisher+1","Normality","PiercingWail","Terror"],"relics":["Cursed Key","Vajra","Kunai","Anchor","Lizard Tail","Peace Pipe","Orichalcum","Matryoshka","Enchiridion"],"potions_floor_usage":[16,24,25,25,27,27,33,33],"damage_taken":[{"damage":1,"enemies":"Cultist","floor":1,"turns":4},{"damage":1,"enemies":"Jaw Worm","floor":2,"turns":4},{"damage":0,"enemies":"2 Louse","floor":3,"turns":2},{"damage":10,"enemies":"Gremlin Gang","floor":4,"turns":5},{"damage":33,"enemies":"Lagavulin","floor":6,"turns":7},{"damage":0,"enemies":"2 Fungi Beasts","floor":12,"turns":3},{"damage":0,"enemies":"Looter","floor":13,"turns":2},{"damage":0,"enemies":"Large Slime","floor":14,"turns":4},{"damage":17,"enemies":"Slime Boss","floor":16,"turns":13},{"damage":12,"enemies":"2 Thieves","floor":18,"turns":5},{"damage":22,"enemies":"Spheric Guardian","floor":19,"turns":5},{"damage":7,"enemies":"Snecko","floor":21,"turns":5},{"damage":28,"enemies":"Gremlin Leader","floor":24,"turns":5},{"damage":23,"enemies":"Snake Plant","floor":25,"turns":4},{"damage":3,"enemies":"Shelled Parasite and Fungi","floor":27,"turns":2},{"damage":9,"enemies":"Cultist and Chosen","floor":29,"turns":5},{"damage":36,"enemies":"Automaton","floor":33,"turns":6}],"seed_played":"-6240486877944623014","potions_obtained":[{"floor":1,"key":"Energy Potion"},{"floor":12,"key":"FearPotion"},{"floor":13,"key":"Poison Potion"},{"floor":14,"key":"Weak Potion"},{"floor":21,"key":"Block Potion"},{"floor":25,"key":"EntropicBrew"},{"floor":27,"key":"Energy Potion"}],"is_trial":false,"path_per_floor":["M","M","M","M","T","E","?","R","T","R","$","M","M","M","R","B",null,"M","M","?","M","$","R","E","M","T","M","?","M","?","?","R","B"],"character_chosen":"THE_SILENT","items_purchased":["Infinite Blades","Cloak And Dagger","Dramatic Entrance"],"campfire_rested":4,"item_purchase_floors":[11,11,22],"current_hp_per_floor":[69,68,68,58,58,25,25,46,46,46,46,46,46,46,67,50,70,58,36,36,29,29,50,22,35,35,32,32,23,7,7,28,0],"gold":116,"neow_bonus":"BOSS_RELIC","is_prod":false,"is_daily":false,"chose_seed":false,"campfire_upgraded":1,"win_rate":0,"timestamp":1550954039,"path_taken":["M","M","M","?","?","E","?","R","T","R","?","M","?","M","R","BOSS","M","M","?","?","$","R","E","M","T","M","?","M","?","?","R","BOSS"],"build_version":"2019-01-23","purchased_purges":2,"victory":false,"max_hp_per_floor":[70,70,70,70,70,70,70,70,70,70,70,70,70,70,70,70,70,70,70,70,70,70,70,70,70,70,70,70,70,70,70,70,70],"card_choices":[{"not_picked":["Dagger Throw","Sucker Punch"],"picked":"Blade Dance","floor":1},{"not_picked":["Distraction","Acrobatics"],"picked":"Endless Agony","floor":2},{"not_picked":["Noxious Fumes","Masterful Stab"],"picked":"Backstab","floor":3},{"not_picked":["Blur","Quick Slash"],"picked":"Cloak And Dagger","floor":4},{"not_picked":["Bullet Time","Predator"],"picked":"Quick Slash","floor":6},{"not_picked":["Backflip","Acrobatics"],"picked":"Deflect","floor":12},{"not_picked":["Eviscerate","Poisoned Stab"],"picked":"Dagger Throw","floor":13},{"not_picked":["Poisoned Stab","Well Laid Plans"],"picked":"Backstab","floor":14},{"not_picked":["A Thousand Cuts","Bullet Time"],"picked":"Phantasmal Killer","floor":16},{"not_picked":["Cloak And Dagger","Dagger Spray+1"],"picked":"Blade Dance","floor":18},{"not_picked":["Cloak And Dagger","Catalyst"],"picked":"Quick Slash+1","floor":19},{"not_picked":["Unload","Prepared"],"picked":"Terror+1","floor":21},{"not_picked":["Backflip","Flying Knee","Quick Slash"],"picked":"SKIP","floor":24},{"not_picked":["Quick Slash","Infinite Blades"],"picked":"Finisher+1","floor":25},{"not_picked":["Dagger Spray","Dagger Throw"],"picked":"PiercingWail","floor":27},{"not_picked":["Flying Knee","Noxious Fumes"],"picked":"Terror","floor":29}],"player_experience":247638,"relics_obtained":[{"floor":5,"key":"Vajra"},{"floor":6,"key":"Kunai"},{"floor":9,"key":"Anchor"},{"floor":24,"key":"Peace Pipe"},{"floor":26,"key":"Orichalcum"},{"floor":30,"key":"Enchiridion"}],"event_choices":[{"damage_healed":0,"gold_gain":0,"player_choice":"Left Gold","damage_taken":0,"max_hp_gain":0,"max_hp_loss":0,"event_name":"World of Goop","floor":7,"gold_loss":29},{"damage_healed":0,"gold_gain":0,"player_choice":"Forge","damage_taken":0,"max_hp_gain":0,"max_hp_loss":0,"event_name":"Accursed Blacksmith","floor":20,"gold_loss":0,"cards_upgraded":["Infinite Blades"]},{"damage_healed":0,"gold_gain":0,"player_choice":"Opened","damage_taken":0,"relics_obtained":["Matryoshka"],"max_hp_gain":0,"max_hp_loss":0,"event_name":"The Mausoleum","floor":28,"gold_loss":0},{"damage_healed":0,"gold_gain":0,"player_choice":"Obtained Book","damage_taken":16,"max_hp_gain":0,"max_hp_loss":0,"event_name":"Cursed Tome","floor":30,"gold_loss":0},{"damage_healed":0,"gold_gain":0,"player_choice":"Ignored","damage_taken":0,"max_hp_gain":0,"max_hp_loss":0,"event_name":"NoteForYourself","floor":31,"gold_loss":0}],"is_beta":false,"boss_relics":[{"not_picked":["Sozu","Runic Dome"],"picked":"Lizard Tail"}],"items_purged_floors":[11,22],"is_endless":false,"potions_floor_spawned":[1,12,13,14,21,25,27,29],"killed_by":"Automaton","ascension_level":0}