{"path_per_floor":["M","$","?","M","M","R","M","?","T","R","$","M","R","E","R","B",null,"M","?","T","M","M","E","R","E","T","?","M","R","$","?","R"],"character_chosen":"IRONCLAD","items_purchased":["War Paint","Molten Egg 2"],"gold_per_floor":[112,112,112,122,136,136,147,147,147,147,147,166,166,230,230,328,328,345,345,345,365,377,402,402,430,430,430,442,442,24,24,24],"floor_reached":33,"campfire_rested":0,"playtime":1989,"current_hp_per_floor":[87,87,84,85,87,87,87,87,87,87,87,81,81,72,72,50,87,80,80,80,74,73,48,48,45,45,45,44,44,44,44,44],"items_purged":[],"gold":24,"score":297,"play_id":"c0b8b147-361e-4a5d-ac1e-7144051c6295","is_prod":false,"is_daily":false,"is_ascension_mode":true,"campfire_upgraded":7,"path_taken":["M","$","?","?","M","R","M","?","T","R","$","M","R","E","R","BOSS","M","?","?","?","M","E","R","E","T","?","M","R","$","?","R","BOSS"],"build_version":"2018-02-12-PROD1","purchased_purges":1,"victory":false,"master_deck":["Strike_R","Strike_R","Strike_R","Strike_R","Defend_R","Defend_R","Defend_R+1","Bash","Whirlwind+1","Pommel Strike+1","Shrug It Off+1","Shockwave+1","Spot Weakness+1","Perfected Strike","Double Tap+1","Spot Weakness+1","Flex+1","Double Tap+1","Sword Boomerang"],"max_hp_per_floor":[87,87,87,87,87,87,87,87,87,87,87,87,87,87,87,87,87,87,87,87,87,87,87,87,87,87,87,87,87,87,87,87],"relics":["Burning Blood","Strawberry","Thread and Needle","Happy Flower","Tiny Chest","Question Card","Charon\u0027s Ashes","Gremlin Horn","Kunai","Peace Pipe","War Paint","Molten Egg 2"],"card_choices":[{"not_picked":["Dual Wield","Warcry"],"picked":"Whirlwind"},{"not_picked":["Sword Boomerang","Sentinel"],"picked":"Pommel Strike"},{"not_picked":["Thunderclap","True Grit"],"picked":"Shrug It Off"},{"not_picked":["Cleave","Whirlwind"],"picked":"Shockwave"},{"not_picked":["Sword Boomerang","True Grit"],"picked":"Perfected Strike"},{"not_picked":["Demon Form","Feed"],"picked":"Double Tap"},{"not_picked":["Havoc","Cleave","Whirlwind"],"picked":"Flex"},{"not_picked":["Searing Blow","Warcry","Clash"],"picked":"Double Tap"},{"not_picked":["Evolve","Havoc","Power Through"],"picked":"Sword Boomerang"}],"player_experience":110166,"potions_floor_usage":[16,16,21,23,33,33],"damage_taken":[{"damage":3,"enemies":"Small Slimes","floor":1,"turns":3},{"damage":5,"enemies":"Jaw Worm","floor":4,"turns":4},{"damage":2,"enemies":"Blue Slaver","floor":5,"turns":3},{"damage":0,"enemies":"Looter","floor":7,"turns":3},{"damage":12,"enemies":"Gremlin Gang","floor":12,"turns":4},{"damage":15,"enemies":"Gremlin Nob","floor":14,"turns":4},{"damage":28,"enemies":"Hexaghost","floor":16,"turns":7},{"damage":13,"enemies":"3 Byrds","floor":18,"turns":3},{"damage":12,"enemies":"2 Thieves","floor":21,"turns":3},{"damage":7,"enemies":"3 Cultists","floor":22,"turns":3},{"damage":31,"enemies":"Slavers","floor":23,"turns":4},{"damage":9,"enemies":"Gremlin Leader","floor":25,"turns":4},{"damage":7,"enemies":"Centurion and Healer","floor":28,"turns":4},{"damage":63,"enemies":"Automaton","floor":33,"turns":6}],"event_choices":[{"event_name":"Scrap Ooze","player_choice":"success","floor":3,"damage_taken":3},{"event_name":"Transmorgrifier","player_choice":"Transform","floor":8,"damage_taken":0},{"event_name":"The Library","player_choice":"Read","floor":19,"damage_taken":0},{"event_name":"Back to Basics","player_choice":"Elegance","floor":27,"damage_taken":0},{"event_name":"Beggar","player_choice":"Ignored","floor":31,"damage_taken":0}],"boss_relics":[{"not_picked":["Runic Dome","Eternal Feather"],"picked":"Question Card"}],"potions_floor_spawned":[1,12,14,16,21,28],"seed_played":"1827119098839855527","killed_by":"Automaton","ascension_level":1,"is_trial":false}