{"gold_per_floor":[109,109,109,128,138,138,69,81,81,81,100,25,25,37,37,133,133,145,157,173,173],"floor_reached":21,"playtime":1716,"items_purged":["Strike_B"],"score":225,"play_id":"0867270b-e2ae-407a-8b24-5e5c87a4c890","local_time":"20181111084029","is_ascension_mode":true,"campfire_choices":[{"data":"Conserve Battery","floor":6,"key":"SMITH"},{"data":"Loop","floor":10,"key":"SMITH"},{"data":"Go for the Eyes","floor":13,"key":"SMITH"},{"data":"Reinforced Body","floor":15,"key":"SMITH"}],"neow_cost":"NONE","seed_source_timestamp":974875740086,"circlet_count":0,"master_deck":["Strike_B","Strike_B","Strike_B","Defend_B","Defend_B","Defend_B","Defend_B","Zap","Dualcast","Conserve Battery+1","BootSequence","Go for the Eyes+1","Loop+1","Reinforced Body+1","Echo Form","Self Repair"],"relics":["Cracked Core","Regal Pillow","Nuclear Battery"],"potions_floor_usage":[19,21],"damage_taken":[{"damage":2,"enemies":"Small Slimes","floor":1,"turns":4},{"damage":7,"enemies":"Jaw Worm","floor":4,"turns":3},{"damage":0,"enemies":"Cultist","floor":5,"turns":3},{"damage":3,"enemies":"Red Slaver","floor":8,"turns":4},{"damage":3,"enemies":"3 Louse","floor":11,"turns":4},{"damage":1,"enemies":"Looter","floor":14,"turns":3},{"damage":58,"enemies":"Hexaghost","floor":16,"turns":12},{"damage":4,"enemies":"Shell Parasite","floor":18,"turns":8},{"damage":13,"enemies":"3 Byrds","floor":19,"turns":5},{"damage":15,"enemies":"Centurion and Healer","floor":20,"turns":16},{"damage":63,"enemies":"3 Cultists","floor":21,"turns":6}],"seed_played":"-8106559168452598292","potions_obtained":[{"floor":4,"key":"Fire Potion"},{"floor":20,"key":"Dexterity Potion"}],"is_trial":false,"path_per_floor":["M","?","T","M","M","R","$","M","T","R","M","$","R","M","R","B",null,"M","M","M","M"],"character_chosen":"DEFECT","items_purchased":["Loop"],"campfire_rested":0,"item_purchase_floors":[7],"current_hp_per_floor":[73,78,78,71,71,71,71,68,68,68,65,65,65,64,64,6,67,63,50,49,0],"gold":173,"neow_bonus":"TEN_PERCENT_HP_BONUS","is_prod":false,"is_daily":false,"chose_seed":false,"campfire_upgraded":4,"win_rate":0,"timestamp":1541943629,"path_taken":["M","?","?","M","M","R","?","M","T","R","M","$","R","M","R","BOSS","M","M","?","M"],"build_version":"2018-11-08","purchased_purges":1,"victory":false,"max_hp_per_floor":[82,87,87,87,87,87,87,87,87,87,87,87,87,87,87,87,87,87,87,87,87],"card_choices":[{"not_picked":["Stack","Sweeping Beam"],"picked":"Conserve Battery","floor":1},{"not_picked":["Fusion","Steam Power"],"picked":"BootSequence","floor":4},{"not_picked":["Stack","Barrage"],"picked":"Go for the Eyes","floor":5},{"not_picked":["Multi-Cast","Go for the Eyes","Redo"],"picked":"SKIP","floor":8},{"not_picked":["Multi-Cast","Go for the Eyes","Redo"],"picked":"SKIP","floor":8},{"not_picked":["Auto Shields","Beam Cell","Redo"],"picked":"SKIP","floor":11},{"not_picked":["Beam Cell","Compile Driver"],"picked":"Reinforced Body","floor":14},{"not_picked":["Seek","Rainbow"],"picked":"Echo Form","floor":16},{"not_picked":["Fusion+1","Gash+1","Compile Driver"],"picked":"SKIP","floor":18},{"not_picked":["Steam","Coolheaded"],"picked":"Self Repair","floor":19},{"not_picked":["Stack","Coolheaded","Cold Snap+1"],"picked":"SKIP","floor":20}],"player_experience":355630,"relics_obtained":[{"floor":3,"key":"Regal Pillow"}],"event_choices":[{"damage_healed":0,"gold_gain":0,"player_choice":"Donut","damage_taken":0,"max_hp_gain":5,"max_hp_loss":0,"event_name":"Big Fish","floor":2,"gold_loss":0}],"is_beta":true,"boss_relics":[{"not_picked":["FrozenCore","Busted Crown"],"picked":"Nuclear Battery"}],"items_purged_floors":[12],"is_endless":false,"potions_floor_spawned":[4,20],"killed_by":"3 Cultists","ascension_level":6}