{"gold_per_floor":[116,126,126,141,160,160,180,180,203,223,223,235,87,103,103,174,174,194,204,221,233,433,433,450,450,475,501,19,19,31,42,42,42],"floor_reached":33,"playtime":1741,"items_purged":["Strike_R+1"],"score":504,"play_id":"ca6db877-ede6-4357-8dad-c3b4e6b6b018","local_time":"20190125133527","is_ascension_mode":true,"campfire_choices":[{"data":"Armaments","floor":6.0,"key":"SMITH"},{"floor":11.0,"key":"REST"},{"floor":15.0,"key":"REST"},{"floor":23.0,"key":"REST"},{"data":"Armaments","floor":29.0,"key":"SMITH"},{"floor":32,"key":"REST"}],"neow_cost":"NONE","seed_source_timestamp":0,"circlet_count":0,"master_deck":["AscendersBane","Strike_R+1","Strike_R+1","Strike_R+1","Strike_R+1","Defend_R+1","Defend_R+1","Defend_R+1","Defend_R+1","Bash","Heavy Blade","Armaments+1","Disarm","Armaments+1","Clothesline","Pummel","Shrug It Off","Demon Form","Heavy Blade","Berserk","Spot Weakness","Cleave+1","Shrug It Off","Intimidate","Shrug It Off"],"special_seed":0,"relics":["Burning Blood","Odd Mushroom","Bag of Preparation","Centennial Puzzle","Sozu","Pen Nib","Potion Belt","Anchor","Mercury Hourglass"],"potions_floor_usage":[33],"damage_taken":[{"damage":1.0,"enemies":"Cultist","floor":1.0,"turns":4.0},{"damage":11.0,"enemies":"Jaw Worm","floor":2.0,"turns":4.0},{"damage":3.0,"enemies":"Small Slimes","floor":4.0,"turns":3.0},{"damage":9.0,"enemies":"Blue Slaver","floor":5.0,"turns":5.0},{"damage":12.0,"enemies":"The Mushroom Lair","floor":7.0,"turns":5.0},{"damage":20.0,"enemies":"Lots of Slimes","floor":10.0,"turns":7.0},{"damage":9.0,"enemies":"Looter","floor":12.0,"turns":4.0},{"damage":32.0,"enemies":"Gremlin Gang","floor":14.0,"turns":8.0},{"damage":26.0,"enemies":"Hexaghost","floor":16.0,"turns":7.0},{"damage":7.0,"enemies":"Chosen","floor":18.0,"turns":4.0},{"damage":23.0,"enemies":"2 Thieves","floor":19.0,"turns":4.0},{"damage":21.0,"enemies":"Snake Plant","floor":20.0,"turns":5.0},{"damage":17.0,"enemies":"Sentry and Sphere","floor":21.0,"turns":5.0},{"damage":8.0,"enemies":"Centurion and Healer","floor":24.0,"turns":5.0},{"damage":1.0,"enemies":"Gremlin Leader","floor":27.0,"turns":5.0},{"damage":19.0,"enemies":"3 Cultists","floor":30.0,"turns":6.0},{"damage":16,"enemies":"Sentry and Sphere","floor":31,"turns":4},{"damage":57,"enemies":"Automaton","floor":33,"turns":6}],"seed_played":"7942394567831500693","potions_obtained":[{"floor":4.0,"key":"Strength Potion"},{"floor":5.0,"key":"Fire Potion"},{"floor":10.0,"key":"BloodPotion"},{"floor":16.0,"key":"Ancient Potion"}],"is_trial":false,"path_per_floor":["M","M","?","M","M","R","?","?","T","M","R","M","$","M","R","B",null,"M","M","M","M","?","R","M","?","T","E","$","R","M","M","R","B"],"character_chosen":"IRONCLAD","items_purchased":["Demon Form","Anchor","Mercury Hourglass"],"campfire_rested":4,"item_purchase_floors":[13,28,28],"current_hp_per_floor":[80,75,50,53,50,50,44,26,26,12,36,33,33,15,39,19,66,65,48,33,22,22,46,44,44,44,49,49,49,36,26,50,0],"gold":42,"neow_bonus":"TEN_PERCENT_HP_BONUS","is_prod":false,"is_daily":false,"chose_seed":false,"campfire_upgraded":2,"win_rate":0,"timestamp":1548441327,"path_taken":["M","?","?","M","M","R","?","?","T","M","R","M","?","?","R","BOSS","M","M","?","M","?","R","?","?","T","E","?","R","M","M","R","BOSS"],"build_version":"2019-01-23","purchased_purges":1,"victory":false,"max_hp_per_floor":[82,82,82,82,82,82,82,82,82,82,82,82,82,82,82,82,82,82,82,82,82,82,82,82,82,82,82,82,82,82,82,82,82],"card_choices":[{"not_picked":["Blood for Blood","Searing Blow"],"picked":"Heavy Blade","floor":1.0},{"not_picked":["Thunderclap","Warcry"],"picked":"Armaments","floor":2.0},{"not_picked":["Flex","Twin Strike"],"picked":"Disarm","floor":4.0},{"not_picked":["Cleave","Perfected Strike"],"picked":"Armaments","floor":5.0},{"not_picked":["Seeing Red","Dark Embrace"],"picked":"Clothesline","floor":7.0},{"not_picked":["Headbutt","Combust"],"picked":"Pummel","floor":10.0},{"not_picked":["Twin Strike","Entrench"],"picked":"Shrug It Off","floor":12.0},{"not_picked":["Evolve","Second Wind"],"picked":"Heavy Blade","floor":14.0},{"not_picked":["Exhume","Fiend Fire"],"picked":"Berserk","floor":16.0},{"not_picked":["Anger","Burning Pact","Headbutt"],"picked":"SKIP","floor":18.0},{"not_picked":["True Grit","Fire Breathing"],"picked":"Spot Weakness","floor":19.0},{"not_picked":["Sword Boomerang","Reckless Charge"],"picked":"Cleave+1","floor":20.0},{"not_picked":["Second Wind","Wild Strike","Fire Breathing"],"picked":"SKIP","floor":21.0},{"not_picked":["Second Wind+1","Clash","Armaments"],"picked":"SKIP","floor":24.0},{"not_picked":["Inflame","Thunderclap"],"picked":"Shrug It Off","floor":27.0},{"not_picked":["Dual Wield","Havoc"],"picked":"Intimidate","floor":30.0},{"not_picked":["Sword Boomerang","Body Slam"],"picked":"Shrug It Off","floor":31}],"player_experience":856274,"relics_obtained":[{"floor":7.0,"key":"Odd Mushroom"},{"floor":9.0,"key":"Centennial Puzzle"},{"floor":26.0,"key":"Pen Nib"},{"floor":27.0,"key":"Potion Belt"}],"event_choices":[{"damage_healed":0.0,"max_hp_gain":0.0,"max_hp_loss":0.0,"gold_gain":0.0,"event_name":"Shining Light","player_choice":"Entered Light","floor":3.0,"gold_loss":0.0,"damage_taken":25.0,"cards_upgraded":["Strike_R","Defend_R"]},{"damage_healed":0.0,"max_hp_gain":0.0,"max_hp_loss":0.0,"gold_gain":0.0,"event_name":"Mushrooms","player_choice":"Fought Mushrooms","floor":7.0,"gold_loss":0.0,"damage_taken":0.0},{"damage_healed":0.0,"max_hp_gain":0.0,"max_hp_loss":0.0,"gold_gain":0.0,"event_name":"Scrap Ooze","player_choice":"Success","floor":8.0,"gold_loss":0.0,"damage_taken":18.0,"relics_obtained":["Bag of Preparation"]},{"damage_healed":0.0,"max_hp_gain":0.0,"max_hp_loss":0.0,"gold_gain":250.0,"event_name":"The Joust","player_choice":"Bet on Owner","floor":22.0,"gold_loss":50.0,"damage_taken":0.0},{"damage_healed":0.0,"max_hp_gain":0.0,"max_hp_loss":0.0,"gold_gain":0.0,"event_name":"Back to Basics","player_choice":"Simplicity","floor":25.0,"gold_loss":0.0,"damage_taken":0.0,"cards_upgraded":["Strike_R","Strike_R","Strike_R","Strike_R","Defend_R","Defend_R","Defend_R"]}],"is_beta":true,"boss_relics":[{"not_picked":["Runic Dome","Mark of Pain"],"picked":"Sozu"}],"items_purged_floors":[28],"is_endless":false,"potions_floor_spawned":[4,5,10,16,21,24,27,31],"killed_by":"Automaton","ascension_level":15}