{"gold_per_floor":[118,118,118,132,132,164,174,174,174,174,186,186,186,203,203,306,306,280,300,399,324,178,178,188,188,188,205,205,6,38,38,38,38],"floor_reached":33,"playtime":1984,"items_purged":[],"score":288,"play_id":"c73f13ad-e85a-44a4-b25a-d9704e29349c","local_time":"20181106013110","is_ascension_mode":false,"campfire_choices":[{"data":"Iron Wave","floor":8,"key":"SMITH"},{"data":"Iron Wave","floor":10,"key":"SMITH"},{"data":"Perfected Strike","floor":12,"key":"SMITH"},{"data":"Iron Wave","floor":15,"key":"SMITH"},{"data":"Disarm","floor":23,"key":"SMITH"},{"data":"Armaments","floor":28,"key":"SMITH"},{"data":"Feel No Pain","floor":32,"key":"SMITH"}],"neow_cost":"NONE","seed_source_timestamp":115570605641194,"circlet_count":0,"master_deck":["Strike_R","Strike_R","Strike_R","Strike_R","Defend_R","Defend_R","Defend_R","Bash","Iron Wave+1","Iron Wave+1","Iron Wave+1","Clothesline","Perfected Strike+1","Disarm+1","Reaper","Shrug It Off+1","Feel No Pain+1","Armaments+1","Perfected Strike+1","Heavy Blade","Uppercut+1"],"relics":["Burning Blood","NeowsBlessing","Pear","Gremlin Horn","Lizard Tail","Regal Pillow","Self Forming Clay","Strange Spoon","Molten Egg 2"],"potions_floor_usage":[19,24,27,30,30,33],"damage_taken":[{"damage":0,"enemies":"2 Louse","floor":1,"turns":1},{"damage":0,"enemies":"Cultist","floor":4,"turns":1},{"damage":0,"enemies":"Gremlin Nob","floor":6,"turns":1},{"damage":2,"enemies":"Small Slimes","floor":7,"turns":4},{"damage":0,"enemies":"Exordium Wildlife","floor":11,"turns":4},{"damage":7,"enemies":"Exordium Thugs","floor":14,"turns":5},{"damage":45,"enemies":"The Guardian","floor":16,"turns":15},{"damage":29,"enemies":"2 Thieves","floor":18,"turns":5},{"damage":18,"enemies":"3 Byrds","floor":19,"turns":9},{"damage":49,"enemies":"Centurion and Healer","floor":24,"turns":14},{"damage":18,"enemies":"Snecko","floor":27,"turns":5},{"damage":39,"enemies":"Slavers","floor":30,"turns":13},{"damage":95,"enemies":"Champ","floor":33,"turns":20}],"seed_played":"-8693809481200458644","potions_obtained":[{"floor":6,"key":"BloodPotion"},{"floor":11,"key":"SpeedPotion"},{"floor":14,"key":"FearPotion"},{"floor":16,"key":"Regen Potion"},{"floor":19,"key":"Dexterity Potion"},{"floor":24,"key":"Regen Potion"},{"floor":30,"key":"Weak Potion"}],"is_trial":false,"path_per_floor":["M","$","?","M","$","E","M","R","T","R","M","R","?","M","R","B",null,"M","M","?","?","$","R","M","?","T","M","R","$","E","?","R","B"],"character_chosen":"IRONCLAD","items_purchased":["Regal Pillow","Strange Spoon"],"campfire_rested":0,"item_purchase_floors":[22,29],"current_hp_per_floor":[80,80,80,80,80,90,90,90,90,90,90,90,90,89,89,50,90,71,65,65,65,65,65,45,45,45,45,45,45,33,33,33,0],"gold":38,"neow_bonus":"THREE_ENEMY_KILL","is_prod":false,"is_daily":false,"chose_seed":false,"campfire_upgraded":7,"win_rate":0.0,"timestamp":1541485870,"path_taken":["M","$","?","?","$","E","M","R","T","R","M","R","?","M","R","BOSS","M","M","?","?","?","R","?","?","T","?","R","$","E","?","R","BOSS"],"build_version":"2018-11-02","purchased_purges":0,"victory":false,"max_hp_per_floor":[80,80,80,80,80,90,90,90,90,90,90,90,90,90,90,90,90,90,90,90,90,90,90,90,90,90,90,90,90,90,90,90,90],"card_choices":[{"not_picked":["Cleave","Pummel"],"picked":"Iron Wave","floor":1},{"not_picked":["Body Slam","Burning Pact"],"picked":"Iron Wave","floor":4},{"not_picked":["Reckless Charge","Clash"],"picked":"Clothesline","floor":6},{"not_picked":["Twin Strike","Dual Wield"],"picked":"Ghostly Armor","floor":7},{"not_picked":["Pommel Strike","Headbutt"],"picked":"Perfected Strike","floor":11},{"not_picked":["Warcry","Dropkick"],"picked":"Disarm","floor":14},{"not_picked":["Brutality","Fiend Fire"],"picked":"Reaper","floor":16},{"not_picked":["Twin Strike","True Grit+1"],"picked":"Shrug It Off+1","floor":18},{"not_picked":["Cleave","Warcry"],"picked":"Feel No Pain","floor":19},{"not_picked":["Flex","Pummel"],"picked":"Armaments","floor":24},{"not_picked":["Shrug It Off","Clothesline"],"picked":"Heavy Blade","floor":27},{"not_picked":["Brutality","Burning Pact"],"picked":"Uppercut+1","floor":30}],"player_experience":133385,"relics_obtained":[{"floor":6,"key":"Pear"},{"floor":9,"key":"Gremlin Horn"},{"floor":26,"key":"Self Forming Clay"},{"floor":30,"key":"Molten Egg 2"}],"event_choices":[{"cards_removed":["Strike_R"],"damage_healed":0,"gold_gain":0,"player_choice":"Took Card","damage_taken":0,"max_hp_gain":0,"max_hp_loss":0,"event_name":"NoteForYourself","floor":3,"gold_loss":0,"cards_obtained":["Iron Wave"]},{"cards_removed":["Ghostly Armor"],"damage_healed":0,"gold_gain":0,"player_choice":"Offered Uncommon","damage_taken":0,"max_hp_gain":0,"max_hp_loss":0,"event_name":"Bonfire Elementals","floor":13,"gold_loss":0},{"damage_healed":0,"gold_gain":99,"player_choice":"Stole From Cult","damage_taken":0,"max_hp_gain":0,"max_hp_loss":0,"event_name":"Nest","floor":20,"gold_loss":0},{"cards_removed":["Defend_R"],"damage_healed":0,"gold_gain":0,"player_choice":"Gave Gold","damage_taken":0,"max_hp_gain":0,"max_hp_loss":0,"event_name":"Beggar","floor":21,"gold_loss":75},{"damage_healed":0,"gold_gain":0,"player_choice":"Copied","damage_taken":0,"max_hp_gain":0,"max_hp_loss":0,"event_name":"Duplicator","floor":25,"gold_loss":0,"cards_obtained":["Perfected Strike"]},{"damage_healed":0,"gold_gain":0,"player_choice":"Ignored","damage_taken":0,"max_hp_gain":0,"max_hp_loss":0,"event_name":"Vampires","floor":31,"gold_loss":0}],"is_beta":true,"boss_relics":[{"not_picked":["Mark of Pain","Snecko Eye"],"picked":"Lizard Tail"}],"items_purged_floors":[],"is_endless":false,"potions_floor_spawned":[6,11,14,16,19,24,30],"killed_by":"Champ","ascension_level":0}