{"gold_per_floor":[114,133,151,170,186,186,203,203,203,218,243,264,264,34,34,111,111,130,110,110,120,134,147,147,147],"floor_reached":25,"playtime":1614,"items_purged":["Pain"],"score":362,"play_id":"379c8254-de99-41f7-9166-808c1f11edc7","local_time":"20190117092342","is_ascension_mode":true,"campfire_choices":[{"floor":6.0,"key":"REST"},{"data":"Armaments","floor":8.0,"key":"SMITH"},{"data":"Demon Form","floor":15.0,"key":"SMITH"},{"floor":24,"key":"REST"}],"neow_cost":"NONE","seed_source_timestamp":567752614001730,"circlet_count":0,"master_deck":["AscendersBane","Strike_R","Strike_R","Strike_R","Strike_R","Strike_R","Defend_R","Defend_R","Defend_R","Defend_R","Bash","Rupture","True Grit","Shrug It Off","Metallicize","Armaments+1","Combust","Bloodletting","Demon Form+1","Feed","Heavy Blade","Body Slam","Demon Form"],"special_seed":0,"relics":["Burning Blood","Regal Pillow","Torii","Vajra","Odd Mushroom","WarpedTongs","Oddly Smooth Stone","Cursed Key"],"potions_floor_usage":[23],"damage_taken":[{"damage":0.0,"enemies":"Small Slimes","floor":1.0,"turns":3.0},{"damage":15.0,"enemies":"Cultist","floor":2.0,"turns":5.0},{"damage":8.0,"enemies":"Jaw Worm","floor":3.0,"turns":6.0},{"damage":20.0,"enemies":"Blue Slaver","floor":4.0,"turns":7.0},{"damage":31.0,"enemies":"Lots of Slimes","floor":5.0,"turns":11.0},{"damage":6.0,"enemies":"2 Fungi Beasts","floor":7.0,"turns":5.0},{"damage":1.0,"enemies":"Exordium Wildlife","floor":10.0,"turns":9.0},{"damage":25.0,"enemies":"3 Sentries","floor":11.0,"turns":7.0},{"damage":22.0,"enemies":"The Mushroom Lair","floor":12.0,"turns":6.0},{"damage":24.0,"enemies":"The Guardian","floor":16.0,"turns":18.0},{"damage":21.0,"enemies":"2 Thieves","floor":18.0,"turns":5.0},{"damage":28.0,"enemies":"3 Byrds","floor":21.0,"turns":7.0},{"damage":14.0,"enemies":"Centurion and Healer","floor":22.0,"turns":5.0},{"damage":16,"enemies":"Chosen and Byrds","floor":23,"turns":6},{"damage":57,"enemies":"Slavers","floor":25,"turns":4}],"seed_played":"-371758349323292686","potions_obtained":[{"floor":2.0,"key":"Poison Potion"},{"floor":3.0,"key":"Strength Potion"},{"floor":7.0,"key":"EssenceOfSteel"},{"floor":10.0,"key":"Weak Potion"},{"floor":18.0,"key":"SpeedPotion"},{"floor":19.0,"key":"Ancient Potion"}],"is_trial":false,"path_per_floor":["M","M","M","M","M","R","M","R","T","M","E","?","?","$","R","B",null,"M","?","$","M","M","M","R","E"],"character_chosen":"IRONCLAD","items_purchased":["Oddly Smooth Stone"],"campfire_rested":2,"item_purchase_floors":[14],"current_hp_per_floor":[74,65,63,49,24,61,61,61,61,66,47,31,31,31,31,13,60,45,45,45,26,21,11,50,0],"gold":147,"neow_bonus":"RANDOM_COMMON_RELIC","is_prod":false,"is_daily":false,"chose_seed":false,"campfire_upgraded":2,"win_rate":0,"timestamp":1547735022,"path_taken":["M","M","M","M","M","R","M","R","T","M","E","?","?","$","R","BOSS","M","?","?","M","?","M","R","E"],"build_version":"2019-01-16","purchased_purges":1,"victory":false,"max_hp_per_floor":[75,75,75,75,75,75,75,75,75,75,75,75,75,75,75,75,75,75,75,75,78,81,81,81,81],"card_choices":[{"not_picked":["Twin Strike","Hemokinesis"],"picked":"Rupture","floor":1.0},{"not_picked":["Thunderclap","Flex"],"picked":"True Grit","floor":2.0},{"not_picked":["Sever Soul","True Grit","Reckless Charge"],"picked":"SKIP","floor":3.0},{"not_picked":["Dropkick","Havoc"],"picked":"Shrug It Off","floor":4.0},{"not_picked":["Rupture","Burning Pact"],"picked":"Metallicize","floor":5.0},{"not_picked":["Perfected Strike","Thunderclap"],"picked":"Armaments","floor":7.0},{"not_picked":["Headbutt","Dropkick"],"picked":"Combust","floor":10.0},{"not_picked":["Flex","Corruption"],"picked":"Bloodletting","floor":11.0},{"not_picked":["Flex","Hemokinesis"],"picked":"Demon Form","floor":12.0},{"not_picked":["Double Tap","Fiend Fire"],"picked":"Feed","floor":16.0},{"not_picked":["True Grit","Ghostly Armor"],"picked":"Heavy Blade","floor":18.0},{"not_picked":["Pommel Strike","Havoc"],"picked":"Body Slam","floor":21.0},{"not_picked":["Sword Boomerang","Wild Strike","True Grit"],"picked":"SKIP","floor":22.0},{"not_picked":["Intimidate","Twin Strike"],"picked":"Demon Form","floor":23}],"player_experience":844158,"relics_obtained":[{"floor":9.0,"key":"Torii"},{"floor":11.0,"key":"Vajra"},{"floor":12.0,"key":"Odd Mushroom"}],"event_choices":[{"damage_healed":0.0,"max_hp_gain":0.0,"max_hp_loss":0.0,"gold_gain":0.0,"event_name":"Mushrooms","player_choice":"Fought Mushrooms","floor":12.0,"gold_loss":0.0,"damage_taken":0.0},{"damage_healed":0.0,"max_hp_gain":0.0,"max_hp_loss":0.0,"gold_gain":0.0,"event_name":"Accursed Blacksmith","player_choice":"Rummage","floor":13.0,"gold_loss":0.0,"damage_taken":0.0,"relics_obtained":["WarpedTongs"],"cards_obtained":["Pain"]},{"damage_healed":0.0,"max_hp_gain":0.0,"max_hp_loss":0.0,"gold_gain":0.0,"event_name":"The Woman in Blue","player_choice":"Bought 1 Potion","floor":19.0,"gold_loss":0.0,"damage_taken":0.0}],"is_beta":true,"boss_relics":[{"not_picked":["Velvet Choker","Coffee Dripper"],"picked":"Cursed Key"}],"items_purged_floors":[14],"is_endless":false,"potions_floor_spawned":[2,3,5,7,10,18],"killed_by":"Slavers","ascension_level":15}