{"gold_per_floor":[109,109,11,11,11,35,66,16,16,34,78,92,130,154,154,154],"floor_reached":16,"playtime":2191,"items_purged":["Injury"],"score":232,"play_id":"1e0ede86-6e46-418c-9545-df7c739b59a6","local_time":"20190710124632","is_ascension_mode":true,"campfire_choices":[{"data":"Infernal Blade","floor":15,"key":"SMITH"}],"neow_cost":"NONE","seed_source_timestamp":1263784991170300,"circlet_count":0,"master_deck":["AscendersBane","Strike_R","Strike_R","Strike_R","Strike_R","Strike_R","Defend_R","Defend_R","Defend_R","Defend_R","Bash+1","Shockwave","Cleave","Inflame","Infernal Blade+1","Blood for Blood+1","Cleave+1","Perfected Strike+1","Whirlwind+1","Uppercut+1"],"relics":["Burning Blood","NeowsBlessing","Golden Idol","Smiling Mask","Molten Egg 2","Art of War","Pear"],"potions_floor_usage":[11,14],"damage_taken":[{"damage":0,"enemies":"Jaw Worm","floor":1,"turns":1},{"damage":0,"enemies":"Cultist","floor":6,"turns":1},{"damage":0,"enemies":"3 Sentries","floor":7,"turns":2},{"damage":12,"enemies":"Small Slimes","floor":10,"turns":2},{"damage":23,"enemies":"Lagavulin","floor":11,"turns":5},{"damage":14,"enemies":"Blue Slaver","floor":12,"turns":3},{"damage":12,"enemies":"Gremlin Nob","floor":13,"turns":3},{"damage":11,"enemies":"Exordium Thugs","floor":14,"turns":2},{"damage":54,"enemies":"Slime Boss","floor":16,"turns":7}],"seed_played":"8975833814247365287","potions_obtained":[{"floor":1,"key":"FearPotion"},{"floor":7,"key":"Dexterity Potion"},{"floor":12,"key":"Strength Potion"}],"is_trial":false,"path_per_floor":["M","?","$","$","?","M","E","$","T","M","E","M","E","M","R","B"],"character_chosen":"IRONCLAD","items_purchased":["Shockwave","Cleave"],"campfire_rested":0,"item_purchase_floors":[3,3],"current_hp_per_floor":[78,78,78,78,78,80,80,80,80,74,57,49,53,48,48,0],"gold":154,"neow_bonus":"THREE_ENEMY_KILL","is_prod":false,"is_daily":false,"chose_seed":false,"campfire_upgraded":1,"win_rate":0,"timestamp":1562777192,"path_taken":["M","?","?","$","?","M","E","?","T","M","E","M","E","?","R","BOSS"],"build_version":"2019-07-05","purchased_purges":1,"victory":false,"max_hp_per_floor":[80,80,80,80,80,80,80,80,80,80,80,80,90,90,90,90],"card_choices":[{"not_picked":["Bloodletting","Perfected Strike","Iron Wave"],"picked":"SKIP","floor":1},{"not_picked":["Carnage","Rampage"],"picked":"Inflame","floor":6},{"not_picked":["Havoc","Carnage"],"picked":"Infernal Blade","floor":7},{"not_picked":["Intimidate","Havoc"],"picked":"Blood for Blood+1","floor":10},{"not_picked":["Blood for Blood+1","Heavy Blade+1"],"picked":"Cleave+1","floor":11},{"not_picked":["Body Slam+1","Headbutt+1"],"picked":"Perfected Strike+1","floor":12},{"not_picked":["Sever Soul+1","Havoc"],"picked":"Whirlwind+1","floor":13},{"not_picked":["Body Slam+1","Thunderclap+1"],"picked":"Uppercut+1","floor":14}],"player_experience":602858,"relics_obtained":[{"floor":7,"key":"Smiling Mask"},{"floor":9,"key":"Molten Egg 2"},{"floor":11,"key":"Art of War"},{"floor":13,"key":"Pear"}],"event_choices":[{"damage_healed":0,"gold_gain":0,"player_choice":"Upgraded","damage_taken":0,"max_hp_gain":0,"max_hp_loss":0,"event_name":"Upgrade Shrine","floor":2,"gold_loss":0,"cards_upgraded":["Bash"]},{"damage_healed":0,"gold_gain":0,"player_choice":"Take Wound","damage_taken":0,"relics_obtained":["Golden Idol"],"max_hp_gain":0,"max_hp_loss":0,"event_name":"Golden Idol","floor":5,"gold_loss":0,"cards_obtained":["Injury"]}],"is_beta":false,"boss_relics":[],"items_purged_floors":[8],"is_endless":false,"potions_floor_spawned":[1,7,12,13],"killed_by":"Slime Boss","ascension_level":12}