{"gold_per_floor":[110,126,141,161,111,111,130,130,130,130,130,146,161,172,172,271,271,282,62,62,62,79,98,98],"floor_reached":24,"playtime":1905,"items_purged":["Strike_R"],"score":192,"play_id":"d9258a72-f07c-48eb-995d-e8ff0eba667c","local_time":"20190707112815","is_ascension_mode":false,"campfire_choices":[{"data":"Heavy Blade","floor":6,"key":"SMITH"},{"data":"Seeing Red","floor":8,"key":"SMITH"},{"data":"Demon Form","floor":10,"key":"SMITH"},{"data":"Ghostly Armor","floor":15,"key":"SMITH"}],"neow_cost":"NONE","seed_source_timestamp":1245348499259500,"circlet_count":0,"master_deck":["Strike_R","Strike_R","Strike_R","Defend_R","Defend_R","Defend_R","Defend_R","Bash","Demon Form+1","Rampage","Seeing Red+1","Heavy Blade+1","Limit Break","Ghostly Armor+1","Pummel+1","Double Tap","Shrug It Off","Armaments"],"relics":["Burning Blood","Molten Egg 2","Sozu"],"potions_floor_usage":[2,12,24,24],"damage_taken":[{"damage":11,"enemies":"Jaw Worm","floor":1,"turns":3},{"damage":5,"enemies":"2 Louse","floor":2,"turns":3},{"damage":5,"enemies":"Cultist","floor":3,"turns":4},{"damage":16,"enemies":"Large Slime","floor":4,"turns":4},{"damage":11,"enemies":"3 Louse","floor":7,"turns":4},{"damage":0,"enemies":"Exordium Wildlife","floor":12,"turns":3},{"damage":7,"enemies":"Blue Slaver","floor":13,"turns":3},{"damage":9,"enemies":"2 Fungi Beasts","floor":14,"turns":5},{"damage":35,"enemies":"Slime Boss","floor":16,"turns":7},{"damage":15,"enemies":"Spheric Guardian","floor":18,"turns":5},{"damage":0,"enemies":"Chosen","floor":22,"turns":5},{"damage":42,"enemies":"Shelled Parasite and Fungi","floor":23,"turns":5},{"damage":1,"enemies":"3 Cultists","floor":24,"turns":3}],"seed_played":"9058451025900707693","potions_obtained":[{"floor":2,"key":"Fruit Juice"},{"floor":3,"key":"BloodPotion"},{"floor":4,"key":"Block Potion"},{"floor":7,"key":"Swift Potion"},{"floor":16,"key":"EssenceOfSteel"}],"is_trial":false,"path_per_floor":["M","M","M","M","?","R","M","R","T","R","?","M","M","M","R","B",null,"M","$","?","?","M","M","M"],"character_chosen":"IRONCLAD","items_purchased":["Pummel+1","Double Tap"],"campfire_rested":0,"item_purchase_floors":[19,19],"current_hp_per_floor":[75,81,82,72,72,72,67,67,67,67,67,73,72,69,69,40,85,76,76,76,76,82,46,66],"gold":98,"neow_bonus":"ONE_RANDOM_RARE_CARD","is_prod":false,"is_daily":false,"chose_seed":false,"campfire_upgraded":4,"win_rate":0,"timestamp":1562513295,"path_taken":["M","M","M","M","?","R","M","R","T","R","?","M","?","M","R","BOSS","M","$","?","?","M","M","?"],"build_version":"2019-07-05","purchased_purges":1,"victory":false,"max_hp_per_floor":[80,85,85,85,85,85,85,85,85,85,85,85,85,85,85,85,85,85,85,85,85,85,85,85],"card_choices":[{"not_picked":["Clash","Cleave"],"picked":"Rampage","floor":1},{"not_picked":["Havoc","Headbutt"],"picked":"Seeing Red","floor":2},{"not_picked":["Flex","Combust","Heavy Blade"],"picked":"SKIP","floor":3},{"not_picked":["Blood for Blood","Uppercut"],"picked":"Heavy Blade","floor":4},{"not_picked":["Body Slam","Searing Blow","Cleave"],"picked":"SKIP","floor":7},{"not_picked":["Searing Blow+1","Body Slam+1","Blood for Blood+1"],"picked":"SKIP","floor":12},{"not_picked":["Thunderclap+1","Ghostly Armor"],"picked":"Limit Break","floor":13},{"not_picked":["True Grit","Havoc"],"picked":"Ghostly Armor","floor":14},{"not_picked":["Flex+1","Pommel Strike+1","Perfected Strike+1"],"picked":"SKIP","floor":18},{"not_picked":["Burning Pact","Body Slam+1"],"picked":"Armaments","floor":22},{"not_picked":["Anger+1","Sentinel","Evolve"],"picked":"SKIP","floor":23}],"player_experience":650677,"relics_obtained":[{"floor":9,"key":"Molten Egg 2"}],"event_choices":[{"cards_removed":["Strike_R"],"damage_healed":0,"gold_gain":0,"player_choice":"Card Removal","damage_taken":0,"max_hp_gain":0,"max_hp_loss":0,"event_name":"The Cleric","floor":5,"gold_loss":50},{"damage_healed":0,"gold_gain":0,"player_choice":"Searched \u00270\u0027 times","damage_taken":0,"max_hp_gain":0,"max_hp_loss":0,"event_name":"Dead Adventurer","floor":11,"gold_loss":0},{"damage_healed":0,"gold_gain":0,"player_choice":"Read","damage_taken":0,"max_hp_gain":0,"max_hp_loss":0,"event_name":"The Library","floor":20,"gold_loss":0,"cards_obtained":["Shrug It Off"]},{"damage_healed":0,"gold_gain":0,"player_choice":"Got Potions","damage_taken":0,"max_hp_gain":0,"max_hp_loss":0,"event_name":"Lab","floor":21,"gold_loss":0}],"is_beta":false,"boss_relics":[{"not_picked":["Fusion Hammer","Astrolabe"],"picked":"Sozu"}],"items_purged_floors":[19],"is_endless":false,"potions_floor_spawned":[2,3,4,7,16,23],"killed_by":"3 Cultists","ascension_level":0}