{"gold_per_floor":[113,126,126,137,155,155,211,211,211,237,268,294,327,514,526,638,700,722,744,756,793,340,340,351,351,376,387,387,411,157,171,171,266,266,278,330,552,70,70,70,101,32,55,55,69,88,104,123,123,123,123,123,43,76,76],"floor_reached":55,"playtime":4924,"items_purged":["Doubt","Strike_B","Strike_B"],"score":777,"play_id":"275af9c2-8016-45e9-9dcc-5967497e6910","local_time":"20181110004111","is_ascension_mode":false,"campfire_choices":[{"data":"Hello World","floor":6,"key":"SMITH"},{"data":"Blizzard","floor":8,"key":"SMITH"},{"data":"Fission","floor":15,"key":"SMITH"},{"data":"Glacier","floor":23,"key":"SMITH"},{"data":"Glacier","floor":25,"key":"SMITH"},{"data":"Blizzard","floor":32,"key":"SMITH"},{"data":"Conserve Battery","floor":40,"key":"SMITH"},{"floor":44,"key":"REST"},{"floor":49,"key":"RECALL"},{"data":"Coolheaded","floor":52,"key":"SMITH"}],"neow_cost":"PERCENT_DAMAGE","seed_source_timestamp":196099002242171,"circlet_count":0,"master_deck":["Strike_B+1","Defend_B","Defend_B","Defend_B","Defend_B","Zap","Dualcast","Conserve Battery+1","FTL","Hello World+1","Coolheaded+1","Blizzard+1","Glacier+1","Self Repair+1","Fission+1","Genetic Algorithm","Machine Learning+1","Glacier+1","Necronomicurse","Chill","Heatsinks+1","Blizzard+1","Coolheaded","Core Surge","Loop+1","White Noise","Chill","Blizzard+1","White Noise","Recycle"],"relics":["Cracked Core","Mango","Frozen Egg 2","Anchor","MawBank","Odd Mushroom","Tiny House","Necronomicon","Red Mask","Matryoshka","Oddly Smooth Stone","Bronze Scales","Happy Flower","Boot","Bag of Preparation","Omamori","Nuclear Battery","Turnip","HandDrill","Centennial Puzzle","Bag of Marbles","Symbiotic Virus"],"potions_floor_usage":[7,11,21,36,55,55],"damage_taken":[{"damage":0,"enemies":"Small Slimes","floor":1,"turns":4},{"damage":0,"enemies":"Cultist","floor":2,"turns":4},{"damage":0,"enemies":"2 Louse","floor":4,"turns":3},{"damage":8,"enemies":"Looter","floor":5,"turns":3},{"damage":6,"enemies":"3 Sentries","floor":7,"turns":8},{"damage":32,"enemies":"Gremlin Nob","floor":10,"turns":5},{"damage":0,"enemies":"3 Louse","floor":11,"turns":3},{"damage":0,"enemies":"Blue Slaver","floor":12,"turns":4},{"damage":12,"enemies":"The Mushroom Lair","floor":13,"turns":4},{"damage":10,"enemies":"Hexaghost","floor":16,"turns":14},{"damage":13,"enemies":"Spheric Guardian","floor":18,"turns":6},{"damage":0,"enemies":"Chosen","floor":19,"turns":5},{"damage":39,"enemies":"Masked Bandits","floor":21,"turns":6},{"damage":0,"enemies":"3 Cultists","floor":24,"turns":6},{"damage":1,"enemies":"Centurion and Healer","floor":27,"turns":10},{"damage":4,"enemies":"Cultist and Chosen","floor":31,"turns":7},{"damage":5,"enemies":"Collector","floor":33,"turns":13},{"damage":0,"enemies":"3 Shapes","floor":35,"turns":6},{"damage":9,"enemies":"2 Orb Walkers","floor":36,"turns":5},{"damage":63,"enemies":"Nemesis","floor":41,"turns":9},{"damage":0,"enemies":"Orb Walker","floor":45,"turns":3},{"damage":0,"enemies":"4 Shapes","floor":46,"turns":4},{"damage":0,"enemies":"Sphere and 2 Shapes","floor":47,"turns":5},{"damage":12,"enemies":"Transient","floor":48,"turns":5},{"damage":55,"enemies":"Time Eater","floor":50,"turns":14},{"damage":33,"enemies":"Shield and Spear","floor":54,"turns":6},{"damage":94,"enemies":"The Heart","floor":55,"turns":12}],"seed_played":"2802570083522701072","potions_obtained":[{"floor":1,"key":"Energy Potion"},{"floor":4,"key":"Explosive Potion"},{"floor":5,"key":"Fire Potion"},{"floor":12,"key":"Weak Potion"},{"floor":13,"key":"FearPotion"},{"floor":21,"key":"FairyPotion"},{"floor":33,"key":"AttackPotion"},{"floor":41,"key":"Strength Potion"}],"is_trial":false,"path_per_floor":["M","M","?","M","M","R","?","R","T","E","M","M","?","?","R","B",null,"M","M","?","?","$","R","M","R","T","M","?","T","$","M","R","B",null,"M","?","?","$","?","R","E","$","T","R","M","M","M","M","R","B",null,"R","$","E","B"],"character_chosen":"DEFECT","items_purchased":["Matryoshka","Oddly Smooth Stone","Omamori","HandDrill","Centennial Puzzle","White Noise","White Noise"],"campfire_rested":1,"item_purchase_floors":[22,22,30,38,38,42,53],"current_hp_per_floor":[68,68,68,68,60,60,54,54,54,22,22,32,30,30,30,30,94,91,94,78,49,49,49,59,59,59,68,49,49,49,55,55,60,99,99,90,90,90,90,90,37,37,37,66,76,86,96,94,94,49,99,99,99,76,0],"gold":76,"neow_bonus":"ONE_RARE_RELIC","is_prod":false,"is_daily":false,"chose_seed":false,"campfire_upgraded":8,"win_rate":0,"timestamp":1541828471,"path_taken":["M","M","?","?","?","R","?","R","T","E","M","M","?","?","R","BOSS","M","M","?","?","?","R","M","R","T","?","?","?","$","M","R","BOSS","M","?","?","$","?","R","E","?","T","R","M","M","?","M","R","BOSS","R","$","E","BOSS"],"build_version":"2018-11-08","purchased_purges":3,"victory":false,"max_hp_per_floor":[89,89,89,89,89,89,89,89,89,89,89,89,89,89,89,89,94,94,94,94,94,94,94,94,94,94,94,99,99,99,99,99,99,99,99,99,99,99,99,99,99,99,99,99,99,99,99,99,99,99,99,99,99,99,99],"card_choices":[{"not_picked":["Blizzard","Self Repair"],"picked":"Conserve Battery","floor":1},{"not_picked":["Hologram","Aggregate"],"picked":"FTL","floor":2},{"not_picked":["Go for the Eyes","Sunder"],"picked":"Hello World","floor":4},{"not_picked":["Beam Cell","Gash"],"picked":"Coolheaded","floor":5},{"not_picked":["Lockon","Compile Driver"],"picked":"Blizzard","floor":7},{"not_picked":["Turbo","Self Repair+1"],"picked":"Glacier","floor":10},{"not_picked":["Cold Snap","Undo"],"picked":"Self Repair+1","floor":11},{"not_picked":["Skim","Compile Driver"],"picked":"Fission","floor":12},{"not_picked":["Sweeping Beam","Beam Cell"],"picked":"Genetic Algorithm","floor":13},{"not_picked":["Hyperbeam","Reboot"],"picked":"Machine Learning+1","floor":16},{"not_picked":["Coolheaded+1","Sweeping Beam+1"],"picked":"Glacier","floor":18},{"not_picked":["Lockon","Turbo+1","Redo"],"picked":"SKIP","floor":19},{"not_picked":["Skim","Stack"],"picked":"Chill","floor":21},{"not_picked":["Sweeping Beam+1","Steam Power"],"picked":"Heatsinks+1","floor":24},{"not_picked":["Reinforced Body","Gash"],"picked":"Blizzard","floor":27},{"not_picked":["Amplify","Hologram"],"picked":"Coolheaded","floor":31},{"not_picked":["Buffer+1","Meteor Strike"],"picked":"Core Surge","floor":33},{"not_picked":["Beam Cell+1","Hologram+1"],"picked":"Loop+1","floor":35},{"not_picked":["Blizzard+1","Conserve Battery+1","Consume"],"picked":"SKIP","floor":41},{"not_picked":["Go for the Eyes+1","Conserve Battery"],"picked":"Chill","floor":45},{"not_picked":["Force Field","Rebound","Streamline+1"],"picked":"SKIP","floor":46},{"not_picked":["Leap","Rebound"],"picked":"Blizzard+1","floor":47},{"not_picked":["Gash","Reprogram+1","Streamline+1"],"picked":"SKIP","floor":48},{"not_picked":["Coolheaded","Turbo+1"],"picked":"Recycle","floor":54}],"player_experience":279675,"relics_obtained":[{"floor":9,"key":"Anchor"},{"floor":10,"key":"MawBank"},{"floor":13,"key":"Odd Mushroom"},{"floor":20,"key":"Necronomicon"},{"floor":21,"key":"Red Mask"},{"floor":26,"key":"Bronze Scales"},{"floor":26,"key":"Happy Flower"},{"floor":29,"key":"Boot"},{"floor":29,"key":"Bag of Preparation"},{"floor":36,"key":"Turnip"},{"floor":41,"key":"Bag of Marbles"},{"floor":54,"key":"Symbiotic Virus"}],"event_choices":[{"cards_removed":["Strike_B"],"damage_healed":0,"gold_gain":0,"player_choice":"Purged","damage_taken":0,"max_hp_gain":0,"max_hp_loss":0,"event_name":"Purifier","floor":3,"gold_loss":0},{"damage_healed":0,"gold_gain":30,"player_choice":"Searched \u00273\u0027 times","damage_taken":0,"relics_obtained":["Frozen Egg 2"],"max_hp_gain":0,"max_hp_loss":0,"event_name":"Dead Adventurer","floor":7,"gold_loss":0},{"damage_healed":0,"gold_gain":0,"player_choice":"Fought Mushrooms","damage_taken":0,"max_hp_gain":0,"max_hp_loss":0,"event_name":"Mushrooms","floor":13,"gold_loss":0},{"damage_healed":0,"gold_gain":175,"player_choice":"AGREE","damage_taken":0,"max_hp_gain":0,"max_hp_loss":0,"event_name":"Liars Game","floor":14,"gold_loss":0,"cards_obtained":["Doubt"]},{"damage_healed":0,"gold_gain":0,"player_choice":"Obtained Book","damage_taken":16,"max_hp_gain":0,"max_hp_loss":0,"event_name":"Cursed Tome","floor":20,"gold_loss":0},{"damage_healed":0,"gold_gain":0,"player_choice":"Fought Bandits","damage_taken":0,"max_hp_gain":0,"max_hp_loss":0,"event_name":"Masked Bandits","floor":21,"gold_loss":0},{"damage_healed":0,"gold_gain":0,"player_choice":"Shed Blood","damage_taken":24,"max_hp_gain":5,"max_hp_loss":0,"event_name":"Forgotten Altar","floor":28,"gold_loss":0},{"damage_healed":0,"gold_gain":0,"player_choice":"Fight","damage_taken":0,"max_hp_gain":0,"max_hp_loss":0,"event_name":"Mysterious Sphere","floor":36,"gold_loss":0},{"damage_healed":0,"gold_gain":222,"player_choice":"Wore Mask","damage_taken":0,"max_hp_gain":0,"max_hp_loss":0,"event_name":"Tomb of Lord Red Mask","floor":37,"gold_loss":0},{"damage_healed":0,"gold_gain":0,"player_choice":"Memory 1","damage_taken":0,"max_hp_gain":0,"max_hp_loss":0,"event_name":"SensoryStone","floor":39,"gold_loss":0}],"is_beta":true,"boss_relics":[{"not_picked":["White Beast Statue","Fusion Hammer"],"picked":"Tiny House"},{"not_picked":["Eternal Feather","Snecko Eye"],"picked":"Nuclear Battery"}],"items_purged_floors":[22,30,38],"is_endless":false,"potions_floor_spawned":[1,4,5,12,13,21,27,31,33,35,41,46,48],"killed_by":"The Heart","ascension_level":0}