{"gold_per_floor":[363,382,397,397,397,423,423,17,87,87,107,117,117,132,132,237,237,255,116,116,134,134,195,195,211,237,84,84,103,103,113,113,212,212,227,246,246,246,257,257],"floor_reached":40,"playtime":1892,"items_purged":["Normality","Doppelganger"],"score":408,"play_id":"c3e4685f-414e-431e-94de-ff3659804497","local_time":"20190705124720","is_ascension_mode":false,"campfire_choices":[{"floor":7,"key":"REST"},{"data":"Dark Shackles","floor":10,"key":"SMITH"},{"data":"Capacitor","floor":15,"key":"SMITH"},{"data":"Streamline","floor":28,"key":"SMITH"},{"data":"Creative AI","floor":32,"key":"SMITH"}],"neow_cost":"CURSE","seed_source_timestamp":1160356205008106,"circlet_count":0,"master_deck":["Strike_B+1","Strike_B+1","Strike_B+1","Strike_B+1","Defend_B+1","Defend_B+1","Defend_B+1","Defend_B+1","Zap+1","Dualcast","Beam Cell","Ball Lightning","Self Repair+1","Sweeping Beam","Dark Shackles+1","Leap","Capacitor+1","Loop","Barrage","Auto Shields","Streamline+1","Ball Lightning+1","Creative AI+1","Thunder Strike","Go for the Eyes+1","Redo+1","Capacitor"],"relics":["Cracked Core","Oddly Smooth Stone","Mercury Hourglass","Black Star","Tiny Chest","Thread and Needle","Dream Catcher","Regal Pillow","Runic Pyramid"],"potions_floor_usage":[16,23,33,33,40,40],"damage_taken":[{"damage":1,"enemies":"Cultist","floor":1,"turns":3},{"damage":7,"enemies":"Small Slimes","floor":2,"turns":3},{"damage":0,"enemies":"2 Louse","floor":3,"turns":2},{"damage":48,"enemies":"Gremlin Nob","floor":6,"turns":5},{"damage":15,"enemies":"Exordium Thugs","floor":11,"turns":3},{"damage":0,"enemies":"Looter","floor":12,"turns":2},{"damage":6,"enemies":"Gremlin Gang","floor":14,"turns":3},{"damage":11,"enemies":"Slime Boss","floor":16,"turns":10},{"damage":0,"enemies":"Chosen","floor":18,"turns":5},{"damage":31,"enemies":"3 Byrds","floor":21,"turns":4},{"damage":23,"enemies":"Book of Stabbing","floor":23,"turns":6},{"damage":7,"enemies":"Centurion and Healer","floor":25,"turns":7},{"damage":17,"enemies":"Snake Plant","floor":29,"turns":4},{"damage":0,"enemies":"Snecko","floor":31,"turns":4},{"damage":72,"enemies":"Collector","floor":33,"turns":10},{"damage":14,"enemies":"Orb Walker","floor":35,"turns":4},{"damage":22,"enemies":"3 Shapes","floor":36,"turns":4},{"damage":20,"enemies":"3 Darklings","floor":39,"turns":5},{"damage":45,"enemies":"Giant Head","floor":40,"turns":7}],"seed_played":"4099824829201927334","potions_obtained":[{"floor":1,"key":"EssenceOfSteel"},{"floor":3,"key":"FearPotion"},{"floor":6,"key":"GamblersBrew"},{"floor":12,"key":"Energy Potion"},{"floor":18,"key":"AttackPotion"},{"floor":23,"key":"SteroidPotion"},{"floor":36,"key":"Strength Potion"},{"floor":39,"key":"FocusPotion"}],"is_trial":false,"path_per_floor":["M","M","M","?","?","E","R","$","T","R","M","M","?","M","R","B",null,"M","$","?","M","?","E","?","M","T","$","R","M","?","M","R","B",null,"M","M","?","?","M","E"],"character_chosen":"DEFECT","items_purchased":["Mercury Hourglass","Dark Shackles","Loop","Regal Pillow"],"campfire_rested":1,"item_purchase_floors":[8,8,19,27],"current_hp_per_floor":[74,67,67,67,67,29,51,51,51,51,46,46,46,50,50,49,75,75,75,85,64,64,51,79,82,82,82,82,75,75,85,85,23,85,71,59,59,51,41,0],"gold":257,"neow_bonus":"TWO_FIFTY_GOLD","is_prod":false,"is_daily":false,"chose_seed":false,"campfire_upgraded":4,"win_rate":0,"timestamp":1562348840,"path_taken":["M","?","M","?","?","E","R","$","T","R","M","?","?","?","R","BOSS","M","$","?","?","?","E","?","M","T","$","R","M","?","M","R","BOSS","M","M","?","?","?","E"],"build_version":"2019-07-01","purchased_purges":2,"victory":false,"max_hp_per_floor":[75,75,75,75,75,75,75,75,75,75,75,75,75,75,75,75,75,75,75,85,85,85,85,85,85,85,85,85,85,85,85,85,85,85,85,85,85,85,85,85],"card_choices":[{"not_picked":["Go for the Eyes","FTL"],"picked":"Beam Cell","floor":1},{"not_picked":["Compile Driver","Glacier"],"picked":"Ball Lightning","floor":2},{"not_picked":["Conserve Battery","Compile Driver"],"picked":"Self Repair","floor":3},{"not_picked":["Compile Driver","Aggregate"],"picked":"Sweeping Beam","floor":6},{"not_picked":["Rebound","Hologram"],"picked":"Leap","floor":11},{"not_picked":["Cold Snap","Rebound"],"picked":"Ball Lightning","floor":12},{"not_picked":["Cold Snap","Consume"],"picked":"Capacitor","floor":14},{"not_picked":["Meteor Strike","Reboot"],"picked":"Thunder Strike","floor":16},{"not_picked":["Turbo","Beam Cell","Reinforced Body"],"picked":"SKIP","floor":18},{"not_picked":["Leap","Rip and Tear+1"],"picked":"Barrage","floor":21},{"not_picked":["Recycle","Turbo"],"picked":"Auto Shields","floor":23},{"not_picked":["Heatsinks+1","Rip and Tear+1"],"picked":"Streamline","floor":25},{"not_picked":["Gash","Compile Driver"],"picked":"Ball Lightning+1","floor":29},{"not_picked":["Leap","Glacier"],"picked":"Creative AI","floor":31},{"not_picked":["Seek","Amplify"],"picked":"Thunder Strike","floor":33},{"not_picked":["Darkness+1","Sweeping Beam+1"],"picked":"Go for the Eyes+1","floor":35},{"not_picked":["Skim","Chill"],"picked":"Redo+1","floor":36},{"not_picked":["Stack","Sweeping Beam+1"],"picked":"Capacitor","floor":39}],"player_experience":122118,"relics_obtained":[{"floor":6,"key":"Oddly Smooth Stone"},{"floor":23,"key":"Tiny Chest"},{"floor":23,"key":"Thread and Needle"},{"floor":26,"key":"Dream Catcher"}],"event_choices":[{"damage_healed":0,"gold_gain":0,"player_choice":"Grow","damage_taken":0,"max_hp_gain":0,"max_hp_loss":0,"event_name":"Living Wall","floor":4,"gold_loss":0,"cards_upgraded":["Self Repair"]},{"damage_healed":0,"gold_gain":0,"player_choice":"Upgraded","damage_taken":0,"max_hp_gain":0,"max_hp_loss":0,"event_name":"Upgrade Shrine","floor":5,"gold_loss":0,"cards_upgraded":["Zap"]},{"cards_removed":["Ball Lightning"],"damage_healed":0,"gold_gain":0,"player_choice":"Took Card","damage_taken":0,"max_hp_gain":0,"max_hp_loss":0,"event_name":"NoteForYourself","floor":13,"gold_loss":0,"cards_obtained":["Doppelganger"]},{"cards_removed":["Thunder Strike"],"damage_healed":0,"gold_gain":0,"player_choice":"Offered Rare","damage_taken":0,"max_hp_gain":10,"max_hp_loss":0,"event_name":"Bonfire Elementals","floor":20,"gold_loss":0},{"damage_healed":0,"gold_gain":0,"player_choice":"Simplicity","damage_taken":0,"max_hp_gain":0,"max_hp_loss":0,"event_name":"Back to Basics","floor":22,"gold_loss":0,"cards_upgraded":["Strike_B","Strike_B","Strike_B","Strike_B","Defend_B","Defend_B","Defend_B","Defend_B"]},{"damage_healed":28,"gold_gain":0,"player_choice":"Heal","damage_taken":0,"max_hp_gain":0,"max_hp_loss":0,"event_name":"The Library","floor":24,"gold_loss":0},{"damage_healed":0,"gold_gain":0,"player_choice":"Ignored","damage_taken":0,"max_hp_gain":0,"max_hp_loss":0,"event_name":"Ghosts","floor":30,"gold_loss":0},{"damage_healed":0,"gold_gain":0,"player_choice":"Ignored","damage_taken":0,"max_hp_gain":0,"max_hp_loss":0,"event_name":"Tomb of Lord Red Mask","floor":37,"gold_loss":0},{"damage_healed":0,"gold_gain":0,"player_choice":"Damaged","damage_taken":8,"max_hp_gain":0,"max_hp_loss":0,"event_name":"Wheel of Change","floor":38,"gold_loss":0}],"is_beta":false,"boss_relics":[{"not_picked":["FrozenCore","Ectoplasm"],"picked":"Black Star"},{"not_picked":["Cursed Key","Nuclear Battery"],"picked":"Runic Pyramid"}],"items_purged_floors":[8,19],"is_endless":false,"potions_floor_spawned":[1,3,6,12,18,23,31,36,39],"killed_by":"Giant Head","ascension_level":0}