{"gold_per_floor":[119,129,54,54,65,79,95,95,120,120,145,155,187,215,215,319,319],"floor_reached":17,"playtime":1341,"items_purged":["Doubt"],"score":177,"play_id":"147d8bb7-0876-43f6-9576-7082b5a4d3fa","local_time":"20190623225523","is_ascension_mode":false,"campfire_choices":[{"data":"Armaments","floor":8,"key":"SMITH"},{"data":"Flex","floor":10,"key":"SMITH"},{"floor":15,"key":"REST"}],"neow_cost":"CURSE","seed_source_timestamp":160532032359685,"circlet_count":0,"master_deck":["Strike_R","Strike_R","Strike_R","Strike_R","Strike_R","Defend_R","Defend_R","Defend_R","Defend_R","Bash","Headbutt","Flex+1","Double Tap","Armaments+1","Spot Weakness","Shrug It Off","Spot Weakness","Bludgeon"],"relics":["Burning Blood","WingedGreaves","Omamori","Art of War","Orichalcum","Champion Belt","Eternal Feather"],"potions_floor_usage":[13,13],"damage_taken":[{"damage":2,"enemies":"Small Slimes","floor":1,"turns":4},{"damage":6,"enemies":"Cultist","floor":2,"turns":3},{"damage":6,"enemies":"2 Louse","floor":5,"turns":2},{"damage":25,"enemies":"Large Slime","floor":6,"turns":7},{"damage":6,"enemies":"2 Fungi Beasts","floor":7,"turns":4},{"damage":32,"enemies":"3 Sentries","floor":11,"turns":8},{"damage":12,"enemies":"Looter","floor":12,"turns":4},{"damage":32,"enemies":"Gremlin Nob","floor":13,"turns":5},{"damage":8,"enemies":"3 Sentries","floor":14,"turns":6},{"damage":28,"enemies":"Hexaghost","floor":16,"turns":9}],"seed_played":"-8327712999023050793","potions_obtained":[{"floor":2,"key":"FairyPotion"},{"floor":4,"key":"Weak Potion"},{"floor":4,"key":"SkillPotion"},{"floor":16,"key":"EntropicBrew"}],"is_trial":false,"path_per_floor":["M","M","$","?","M","M","M","R","T","R","E","M","E","E","R","B",null],"character_chosen":"IRONCLAD","items_purchased":[],"campfire_rested":1,"item_purchase_floors":[],"current_hp_per_floor":[80,80,80,80,80,61,61,61,61,61,35,29,14,12,36,14,80],"gold":319,"neow_bonus":"ONE_RARE_RELIC","is_prod":false,"is_daily":false,"chose_seed":false,"campfire_upgraded":2,"win_rate":0,"timestamp":1561348523,"path_taken":["M","M","$","?","M","M","M","R","T","R","E","M","E","E","R","BOSS"],"build_version":"2019-01-23","purchased_purges":1,"victory":false,"max_hp_per_floor":[80,80,80,80,80,80,80,80,80,80,80,80,80,80,80,80,80],"card_choices":[{"not_picked":["Perfected Strike","Corruption"],"picked":"Headbutt","floor":1},{"not_picked":["Twin Strike","Warcry","Power Through"],"picked":"SKIP","floor":2},{"not_picked":["Warcry","Shrug It Off"],"picked":"Flex","floor":5},{"not_picked":["Warcry","Perfected Strike"],"picked":"Double Tap","floor":6},{"not_picked":["Wild Strike","Spot Weakness"],"picked":"Armaments","floor":7},{"not_picked":["Cleave","Thunderclap"],"picked":"Spot Weakness","floor":11},{"not_picked":["Wild Strike","Cleave"],"picked":"Shrug It Off","floor":12},{"not_picked":["Second Wind","Pommel Strike","Iron Wave"],"picked":"SKIP","floor":13},{"not_picked":["Reaper","Body Slam"],"picked":"Spot Weakness","floor":14},{"not_picked":["Immolate","Feed"],"picked":"Bludgeon","floor":16}],"player_experience":88416,"relics_obtained":[{"floor":9,"key":"Omamori"},{"floor":11,"key":"Art of War"},{"floor":13,"key":"Orichalcum"},{"floor":14,"key":"Champion Belt"}],"event_choices":[{"damage_healed":0,"gold_gain":0,"player_choice":"Got Potions","damage_taken":0,"max_hp_gain":0,"max_hp_loss":0,"event_name":"Lab","floor":4,"gold_loss":0}],"is_beta":false,"boss_relics":[{"not_picked":["Runic Dome","Ectoplasm"],"picked":"Eternal Feather"}],"items_purged_floors":[3],"is_endless":false,"potions_floor_spawned":[2,5,7,12,16],"ascension_level":0}