{"gold_per_floor":[119,136,151,151,162,162,179,192,192,204,222,234,234,293,293,396,396,412,256,268,90,90,90,107,22,109,121,133,145,176,188,200,310,322,351,379,405,417,441,453,482,494,529,557,569,231,231,249,249,249],"floor_reached":51,"playtime":4506,"items_purged":["Strike_G","Strike_G","Parasite"],"score":670,"play_id":"ff9a33a8-ffe0-4c87-85f4-bc54839de3a1","local_time":"20190705104851","is_ascension_mode":false,"campfire_choices":[{"data":"Crippling Poison","floor":6,"key":"SMITH"},{"floor":15,"key":"REST"},{"data":"Noxious Fumes","floor":23,"key":"SMITH"},{"data":"Catalyst","floor":27,"key":"SMITH"},{"floor":32,"key":"REST"},{"floor":40,"key":"REST"},{"floor":42,"key":"REST"},{"floor":49,"key":"REST"}],"neow_cost":"NONE","seed_source_timestamp":1110050338333912,"circlet_count":0,"master_deck":["Defend_G","Defend_G","Defend_G","Defend_G","Survivor","Neutralize+1","Blind","Crippling Poison+1","Bouncing Flask","Deadly Poison","Caltrops","Catalyst+1","Outmaneuver","Bane+1","Acrobatics","Die Die Die","Bouncing Flask","Noxious Fumes+1","Footwork","Calculated Gamble","Leg Sweep","Flechettes","Backstab","Backflip","After Image","Escape Plan+1","Madness","Madness","Apotheosis","Doppelganger"],"relics":["Ring of the Serpent","Letter Opener","Pen Nib","Busted Crown","MawBank","Darkstone Periapt","Potion Belt","Whetstone"],"potions_floor_usage":[16,33,41,44,48,50,50],"damage_taken":[{"damage":2,"enemies":"2 Louse","floor":1,"turns":4},{"damage":1,"enemies":"Cultist","floor":2,"turns":4},{"damage":3,"enemies":"Small Slimes","floor":3,"turns":3},{"damage":1,"enemies":"2 Fungi Beasts","floor":5,"turns":4},{"damage":1,"enemies":"Blue Slaver","floor":7,"turns":4},{"damage":4,"enemies":"Looter","floor":8,"turns":4},{"damage":4,"enemies":"3 Louse","floor":10,"turns":3},{"damage":6,"enemies":"Exordium Wildlife","floor":11,"turns":5},{"damage":7,"enemies":"Gremlin Gang","floor":12,"turns":3},{"damage":25,"enemies":"3 Sentries","floor":14,"turns":7},{"damage":15,"enemies":"The Guardian","floor":16,"turns":8},{"damage":3,"enemies":"Shell Parasite","floor":18,"turns":4},{"damage":14,"enemies":"2 Thieves","floor":20,"turns":3},{"damage":10,"enemies":"Snake Plant","floor":24,"turns":4},{"damage":20,"enemies":"Colosseum Slavers","floor":28,"turns":3},{"damage":6,"enemies":"Cultist and Chosen","floor":30,"turns":4},{"damage":34,"enemies":"Collector","floor":33,"turns":6},{"damage":7,"enemies":"Orb Walker","floor":35,"turns":3},{"damage":20,"enemies":"3 Darklings","floor":36,"turns":5},{"damage":6,"enemies":"Writhing Mass","floor":37,"turns":4},{"damage":12,"enemies":"Sphere and 2 Shapes","floor":39,"turns":5},{"damage":23,"enemies":"Jaw Worm Horde","floor":41,"turns":4},{"damage":10,"enemies":"3 Darklings","floor":44,"turns":4},{"damage":11,"enemies":"4 Shapes","floor":48,"turns":5},{"damage":20,"enemies":"Awakened One","floor":50,"turns":12}],"seed_played":"1807782298551108290","potions_obtained":[{"floor":3,"key":"Explosive Potion"},{"floor":5,"key":"Regen Potion"},{"floor":7,"key":"Swift Potion"},{"floor":18,"key":"GhostInAJar"},{"floor":33,"key":"GhostInAJar"},{"floor":35,"key":"Block Potion"},{"floor":41,"key":"Swift Potion"},{"floor":48,"key":"GhostInAJar"}],"is_trial":false,"path_per_floor":["M","M","M","?","M","R","M","M","T","M","M","M","?","?","R","B",null,"M","$","M","$","?","R","M","?","T","R","?","?","M","T","R","B",null,"M","M","M","?","M","R","M","R","T","M","?","$","?","M","R","B",null],"character_chosen":"THE_SILENT","items_purchased":["Noxious Fumes","Calculated Gamble","Apotheosis","Fire Potion"],"campfire_rested":5,"item_purchase_floors":[19,21,46,46],"current_hp_per_floor":[68,67,64,64,63,63,62,58,58,54,48,41,41,16,37,37,70,67,67,53,53,53,53,43,43,43,43,23,23,17,17,38,4,70,63,43,43,33,21,43,20,42,42,32,32,32,32,21,42,22],"gold":249,"neow_bonus":"RANDOM_COLORLESS","is_prod":false,"is_daily":false,"chose_seed":false,"campfire_upgraded":3,"win_rate":0.0,"timestamp":1562348931,"path_taken":["M","M","M","?","M","R","M","M","T","?","M","M","?","?","R","BOSS","M","$","M","$","?","R","M","?","T","R","?","?","?","?","R","BOSS","M","?","M","?","M","R","M","R","T","M","?","?","?","M","R","BOSS"],"build_version":"2019-07-01","purchased_purges":3,"victory":true,"max_hp_per_floor":[70,70,70,70,70,70,70,70,70,70,70,70,70,70,70,70,70,70,70,70,70,70,70,70,70,70,70,70,70,70,70,70,70,70,70,70,76,76,76,76,76,76,76,76,76,73,73,73,73,73],"card_choices":[{"not_picked":["PiercingWail","Dodge and Roll"],"picked":"Crippling Poison","floor":1},{"not_picked":["Flying Knee","Outmaneuver"],"picked":"Bouncing Flask","floor":2},{"not_picked":["Quick Slash","PiercingWail"],"picked":"Deadly Poison","floor":3},{"not_picked":["Acrobatics","Sucker Punch"],"picked":"Catalyst","floor":5},{"not_picked":["Glass Knife","Blade Dance","Expertise"],"picked":"SKIP","floor":7},{"not_picked":["Masterful Stab","Slice","PiercingWail"],"picked":"SKIP","floor":8},{"not_picked":["Dagger Throw","Dagger Spray","Dodge and Roll"],"picked":"SKIP","floor":10},{"not_picked":["Sucker Punch","Escape Plan"],"picked":"Outmaneuver","floor":11},{"not_picked":["Footwork","Quick Slash"],"picked":"Bane","floor":12},{"not_picked":["Bouncing Flask","Outmaneuver"],"picked":"Acrobatics","floor":14},{"not_picked":["Malaise","Phantasmal Killer"],"picked":"Die Die Die","floor":16},{"not_picked":[],"picked":"Bouncing Flask","floor":18},{"not_picked":[],"picked":"Footwork","floor":20},{"not_picked":[],"picked":"Backstab","floor":24},{"not_picked":[],"picked":"Backflip","floor":30},{"not_picked":[],"picked":"After Image","floor":33},{"not_picked":["Acrobatics+1"],"picked":"SKIP","floor":35},{"not_picked":[],"picked":"Escape Plan+1","floor":36},{"not_picked":["Quick Slash+1"],"picked":"SKIP","floor":37},{"not_picked":["Acrobatics+1"],"picked":"SKIP","floor":39},{"not_picked":["Poisoned Stab"],"picked":"SKIP","floor":41},{"not_picked":["Terror+1"],"picked":"SKIP","floor":44},{"not_picked":[],"picked":"Doppelganger","floor":48}],"player_experience":68833,"relics_obtained":[{"floor":9,"key":"Letter Opener"},{"floor":14,"key":"Pen Nib"},{"floor":26,"key":"Darkstone Periapt"},{"floor":31,"key":"Potion Belt"},{"floor":43,"key":"Whetstone"}],"event_choices":[{"damage_healed":0,"gold_gain":0,"cards_transformed":["Strike_G"],"player_choice":"Transformed","damage_taken":0,"max_hp_gain":0,"max_hp_loss":0,"event_name":"Transmorgrifier","floor":4,"gold_loss":0,"cards_obtained":["Caltrops"]},{"cards_removed":["Strike_G"],"damage_healed":0,"gold_gain":0,"player_choice":"Forget","damage_taken":0,"max_hp_gain":0,"max_hp_loss":0,"event_name":"Living Wall","floor":13,"gold_loss":0},{"damage_healed":0,"gold_gain":0,"player_choice":"Searched \u00271\u0027 times","damage_taken":0,"max_hp_gain":0,"max_hp_loss":0,"event_name":"Dead Adventurer","floor":14,"gold_loss":0},{"damage_healed":0,"gold_gain":0,"cards_transformed":["Strike_G","Defend_G"],"player_choice":"Became Test Subject","damage_taken":0,"max_hp_gain":0,"max_hp_loss":0,"event_name":"Drug Dealer","floor":22,"gold_loss":0,"cards_obtained":["Leg Sweep","Flechettes"]},{"damage_healed":0,"gold_gain":0,"player_choice":"Obtained Relic","damage_taken":0,"relics_obtained":["MawBank"],"max_hp_gain":0,"max_hp_loss":0,"event_name":"Addict","floor":25,"gold_loss":85},{"damage_healed":0,"gold_gain":0,"player_choice":"Fight","damage_taken":0,"max_hp_gain":0,"max_hp_loss":0,"event_name":"Colosseum","floor":28,"gold_loss":0},{"damage_healed":0,"gold_gain":0,"player_choice":"Fled From Nobs","damage_taken":0,"max_hp_gain":0,"max_hp_loss":0,"event_name":"Colosseum","floor":28,"gold_loss":0},{"damage_healed":0,"gold_gain":0,"player_choice":"Ignored","damage_taken":0,"max_hp_gain":0,"max_hp_loss":0,"event_name":"Ghosts","floor":29,"gold_loss":0},{"damage_healed":0,"gold_gain":0,"player_choice":"Embrace Madness","damage_taken":10,"max_hp_gain":0,"max_hp_loss":0,"event_name":"Winding Halls","floor":38,"gold_loss":0,"cards_obtained":["Madness","Madness"]},{"damage_healed":0,"gold_gain":0,"player_choice":"Ignored","damage_taken":0,"max_hp_gain":0,"max_hp_loss":0,"event_name":"Tomb of Lord Red Mask","floor":45,"gold_loss":0},{"damage_healed":0,"gold_gain":0,"player_choice":"Ignored","damage_taken":0,"max_hp_gain":0,"max_hp_loss":0,"event_name":"Mysterious Sphere","floor":47,"gold_loss":0}],"is_beta":false,"boss_relics":[{"not_picked":["Runic Dome","Black Star"],"picked":"Busted Crown"},{"not_picked":["Tiny House","Orrery"],"picked":"Ring of the Serpent"}],"items_purged_floors":[19,21,46],"is_endless":false,"potions_floor_spawned":[3,5,7,8,18,28,33,35,41,48],"ascension_level":0}