{"gold_per_floor":[114,114,79,97,97,140,164,185,211,211,226,22,61,77,77,201,201,219,234,248,261,284,323,323,338,338,382,382,11,11,30,30,151,151,167,167,187,312,328,328,328,328,328,328],"floor_reached":44,"playtime":4906,"items_purged":["Defend_B"],"score":511,"play_id":"4cda52b0-566c-4e88-b090-0cd249e7a154","local_time":"20190725114300","is_ascension_mode":true,"campfire_choices":[{"data":"Melter","floor":10,"key":"SMITH"},{"data":"Buffer","floor":15,"key":"SMITH"},{"floor":24,"key":"REST"},{"floor":28,"key":"REST"},{"data":"Electrodynamics","floor":32,"key":"SMITH"},{"floor":40,"key":"REST"},{"data":"Writhe","floor":42,"key":"PURGE"}],"neow_cost":"NONE","seed_source_timestamp":344156634401058,"circlet_count":0,"master_deck":["Strike_B","Strike_B","Defend_B","Defend_B","Defend_B","Zap","Dualcast","Melter+1","Buffer+1","Sunder","Sweeping Beam","Redo","Coolheaded","Electrodynamics+1","Coolheaded+1","Rip and Tear+1","Leap+1","Ball Lightning","Defragment+1","Creative AI","Go for the Eyes+1","Multi-Cast+1","Aggregate+1","Capacitor","Seek+1"],"relics":["Cracked Core","NeowsBlessing","Golden Idol","Bronze Scales","Blood Vial","Art of War","Vajra","Astrolabe","Dream Catcher","Oddly Smooth Stone","Pen Nib","Toxic Egg 2","Empty Cage","Peace Pipe","Bottled Tornado"],"potions_floor_usage":[11,16,16,21,21,21,23,33,33,33,39,39],"damage_taken":[{"damage":0,"enemies":"Jaw Worm","floor":1,"turns":1},{"damage":0,"enemies":"2 Louse","floor":4,"turns":1},{"damage":0,"enemies":"Gremlin Nob","floor":6,"turns":1},{"damage":1,"enemies":"Cultist","floor":7,"turns":2},{"damage":0,"enemies":"Looter","floor":8,"turns":3},{"damage":8,"enemies":"Exordium Thugs","floor":11,"turns":5},{"damage":27,"enemies":"Lagavulin","floor":13,"turns":5},{"damage":1,"enemies":"Large Slime","floor":14,"turns":5},{"damage":22,"enemies":"Slime Boss","floor":16,"turns":12},{"damage":0,"enemies":"Spheric Guardian","floor":18,"turns":1},{"damage":3,"enemies":"Chosen","floor":19,"turns":5},{"damage":17,"enemies":"Shelled Parasite and Fungi","floor":20,"turns":5},{"damage":26,"enemies":"Snake Plant","floor":21,"turns":3},{"damage":0,"enemies":"Sentry and Sphere","floor":22,"turns":2},{"damage":10,"enemies":"Gremlin Leader","floor":23,"turns":5},{"damage":10,"enemies":"Chosen and Byrds","floor":25,"turns":4},{"damage":7,"enemies":"Book of Stabbing","floor":27,"turns":6},{"damage":0,"enemies":"3 Cultists","floor":31,"turns":3},{"damage":43,"enemies":"Automaton","floor":33,"turns":8},{"damage":15,"enemies":"3 Darklings","floor":35,"turns":5},{"damage":13,"enemies":"Orb Walker","floor":37,"turns":3},{"damage":19,"enemies":"Mind Bloom Boss Battle","floor":38,"turns":9},{"damage":30,"enemies":"Jaw Worm Horde","floor":39,"turns":4},{"damage":58,"enemies":"Nemesis","floor":44,"turns":8}],"seed_played":"-2475137769396528744","potions_obtained":[{"floor":1,"key":"Ancient Potion"},{"floor":7,"key":"Dexterity Potion"},{"floor":11,"key":"SpeedPotion"},{"floor":13,"key":"Strength Potion"},{"floor":18,"key":"FearPotion"},{"floor":20,"key":"LiquidBronze"},{"floor":22,"key":"Block Potion"},{"floor":27,"key":"Poison Potion"},{"floor":30,"key":"PowerPotion"},{"floor":30,"key":"Block Potion"},{"floor":38,"key":"SkillPotion"},{"floor":39,"key":"Fruit Juice"}],"is_trial":false,"path_per_floor":["M","?","?","M","?","E","M","M","T","R","M","$","E","M","R","B",null,"M","M","M","M","M","E","R","M","T","E","R","$","?","M","R","B",null,"M","?","M","?","M","R","?","R","T","E"],"character_chosen":"DEFECT","items_purchased":["Art of War","Redo","Toxic Egg 2","Energy Potion"],"campfire_rested":3,"item_purchase_floors":[12,12,29,29],"current_hp_per_floor":[75,57,75,75,75,75,74,74,74,74,67,67,42,43,43,23,75,75,72,57,33,35,27,49,41,41,36,58,58,58,60,60,19,75,60,60,49,32,9,33,53,53,53,0],"gold":328,"neow_bonus":"THREE_ENEMY_KILL","is_prod":false,"is_daily":false,"chose_seed":false,"campfire_upgraded":3,"win_rate":0,"timestamp":1564072980,"path_taken":["M","?","?","M","?","E","?","M","T","R","M","$","E","M","R","BOSS","M","M","M","?","M","E","R","M","T","E","R","$","?","M","R","BOSS","M","?","M","?","M","R","?","R","T","E"],"build_version":"2019-07-17","purchased_purges":1,"victory":false,"max_hp_per_floor":[75,75,75,75,75,75,75,75,75,75,75,75,75,75,75,75,75,75,75,75,75,75,75,75,75,75,75,75,75,75,75,75,75,75,75,75,75,75,80,80,80,80,80,80],"card_choices":[{"not_picked":["Blizzard","Sweeping Beam"],"picked":"Melter","floor":1},{"not_picked":["Compile Driver","Steam"],"picked":"Gash","floor":4},{"not_picked":["Darkness","Leap"],"picked":"Buffer","floor":6},{"not_picked":["Turbo","Hologram"],"picked":"Cold Snap","floor":7},{"not_picked":["White Noise","Leap"],"picked":"Sunder","floor":8},{"not_picked":["Turbo","Steam"],"picked":"Sweeping Beam","floor":11},{"not_picked":["Hologram","Ball Lightning"],"picked":"Coolheaded","floor":13},{"not_picked":["Genetic Algorithm","Turbo","Force Field"],"picked":"SKIP","floor":14},{"not_picked":["Echo Form","Biased Cognition"],"picked":"Electrodynamics","floor":16},{"not_picked":["Doom and Gloom","Sweeping Beam+1","Turbo"],"picked":"SKIP","floor":18},{"not_picked":["Barrage","Heatsinks+1","Rebound"],"picked":"SKIP","floor":19},{"not_picked":["Chill","Conserve Battery"],"picked":"Rip and Tear+1","floor":20},{"not_picked":["Aggregate","Stack"],"picked":"Leap+1","floor":21},{"not_picked":["Blizzard","Self Repair"],"picked":"Ball Lightning","floor":22},{"not_picked":["Sweeping Beam","Echo Form","Buffer"],"picked":"SKIP","floor":23},{"not_picked":["Stack+1","Barrage"],"picked":"Defragment+1","floor":25},{"not_picked":["Turbo","Ball Lightning+1","Leap"],"picked":"SKIP","floor":27},{"not_picked":["Hologram","Go for the Eyes"],"picked":"Creative AI","floor":28},{"not_picked":["Leap+1","Barrage"],"picked":"Go for the Eyes+1","floor":31},{"not_picked":["Amplify+1","Echo Form"],"picked":"Multi-Cast+1","floor":33},{"not_picked":["Reinforced Body+1","Consume+1"],"picked":"Aggregate+1","floor":35},{"not_picked":["Chaos+1","Compile Driver+1","Ball Lightning+1"],"picked":"SKIP","floor":37},{"not_picked":["Beam Cell+1","Steam+1"],"picked":"Capacitor","floor":38},{"not_picked":["Darkness+1","Defragment","Aggregate+1"],"picked":"SKIP","floor":39},{"not_picked":["Gash","Compile Driver+1"],"picked":"Seek+1","floor":40}],"player_experience":244732,"relics_obtained":[{"floor":6,"key":"Bronze Scales"},{"floor":9,"key":"Blood Vial"},{"floor":13,"key":"Vajra"},{"floor":23,"key":"Dream Catcher"},{"floor":26,"key":"Oddly Smooth Stone"},{"floor":27,"key":"Pen Nib"},{"floor":38,"key":"Peace Pipe"},{"floor":43,"key":"Bottled Tornado"}],"event_choices":[{"damage_healed":0,"gold_gain":0,"player_choice":"Take Damage","damage_taken":18,"relics_obtained":["Golden Idol"],"max_hp_gain":0,"max_hp_loss":0,"event_name":"Golden Idol","floor":2,"gold_loss":0},{"damage_healed":18,"gold_gain":0,"player_choice":"Healed","damage_taken":0,"max_hp_gain":0,"max_hp_loss":0,"event_name":"The Cleric","floor":3,"gold_loss":35},{"damage_healed":0,"gold_gain":0,"player_choice":"Ignored","damage_taken":0,"max_hp_gain":0,"max_hp_loss":0,"event_name":"Liars Game","floor":5,"gold_loss":0},{"damage_healed":0,"gold_gain":0,"player_choice":"Got Potions","damage_taken":0,"max_hp_gain":0,"max_hp_loss":0,"event_name":"Lab","floor":30,"gold_loss":0},{"cards_removed":["Undo"],"damage_healed":0,"gold_gain":0,"player_choice":"Removed Skill","damage_taken":0,"max_hp_gain":0,"max_hp_loss":0,"event_name":"Falling","floor":36,"gold_loss":0},{"damage_healed":0,"gold_gain":0,"player_choice":"Fight","damage_taken":0,"max_hp_gain":0,"max_hp_loss":0,"event_name":"MindBloom","floor":38,"gold_loss":0},{"damage_healed":20,"gold_gain":0,"player_choice":"Writhe","damage_taken":0,"max_hp_gain":0,"max_hp_loss":0,"event_name":"Winding Halls","floor":41,"gold_loss":0,"cards_obtained":["Writhe"]}],"is_beta":false,"boss_relics":[{"not_picked":["Sozu","Calling Bell"],"picked":"Astrolabe"},{"not_picked":["Runic Dome","White Beast Statue"],"picked":"Empty Cage"}],"items_purged_floors":[29],"is_endless":false,"potions_floor_spawned":[1,7,11,13,18,20,22,27,38,39],"killed_by":"Nemesis","ascension_level":1}