{"path_per_floor":["M","M","M","?","$","E","M","$","T","R","M","R","?","M","R","B",null,"M","?","M","?","?","R","E","R","T","R","M","$","M","?","R"],"character_chosen":"DEFECT","items_purchased":["Melter","SpeedPotion","Explosive Potion","Gash+1"],"gold_per_floor":[114,133,153,153,85,111,123,22,75,75,94,94,94,109,109,211,211,225,225,245,0,0,0,29,29,29,29,46,0,16,16,16,16],"floor_reached":33,"campfire_rested":7,"playtime":2592,"item_purchase_floors":[5,8,8,29],"current_hp_per_floor":[74,65,63,63,63,36,22,22,22,44,39,61,61,45,67,51,75,67,53,45,45,45,69,29,53,53,77,63,63,40,45,69,0],"items_purged":[],"gold":16,"score":265,"play_id":"34b95d3e-3d6d-4d61-b73e-7f781b05d70e","local_time":"20180606210110","is_prod":false,"is_daily":false,"chose_seed":false,"is_ascension_mode":false,"campfire_upgraded":0,"win_rate":0.0,"timestamp":1528333270,"campfire_choices":[{"floor":10,"key":"REST"},{"floor":12,"key":"REST"},{"floor":15,"key":"REST"},{"floor":23,"key":"REST"},{"floor":25,"key":"REST"},{"floor":27,"key":"REST"},{"floor":32,"key":"REST"}],"path_taken":["M","?","M","?","$","E","M","$","T","R","?","R","?","M","R","BOSS","M","?","M","?","?","R","E","R","T","R","M","?","M","?","R","BOSS"],"build_version":"2018-05-31","seed_source_timestamp":340056921585230,"purchased_purges":0,"victory":false,"master_deck":["Strike_B","Strike_B","Strike_B","Defend_B","Defend_B","Defend_B","Defend_B","Zap+1","Dualcast+1","Leap","Streamline","Static Discharge","Melter","Sweeping Beam","Redo","Cold Snap","Steam","Rainbow","Skim","Redo+1","All For One","Reinforced Body+1","Beam Cell+1","Redo+1"],"max_hp_per_floor":[75,75,75,75,75,75,75,75,75,75,75,75,75,75,75,75,75,75,80,80,80,80,80,80,80,80,80,80,80,80,80,80,80],"relics":["Cracked Core","Ornamental Fan","War Paint","Nuclear Battery","Lantern","Molten Egg 2"],"card_choices":[{"not_picked":["Rip and Tear","Go for the Eyes"],"picked":"Leap","floor":1},{"not_picked":["Go for the Eyes","Compile Driver"],"picked":"Streamline","floor":2},{"not_picked":["Streamline","Force Field"],"picked":"Static Discharge","floor":3},{"not_picked":["Streamline","Coolheaded"],"picked":"Sweeping Beam","floor":6},{"not_picked":["Streamline","Compile Driver"],"picked":"Redo","floor":7},{"not_picked":["Ball Lightning","Blizzard"],"picked":"Cold Snap","floor":11},{"not_picked":["Streamline","Ball Lightning"],"picked":"Steam","floor":14},{"not_picked":["Machine Learning","Seek"],"picked":"Rainbow","floor":16},{"not_picked":["Consume+1","Fusion"],"picked":"Skim","floor":18},{"not_picked":["Reprogram+1","Go for the Eyes"],"picked":"Redo+1","floor":20},{"not_picked":["Aggregate","Go for the Eyes"],"picked":"Reinforced Body+1","floor":24},{"not_picked":["Gash+1","Hologram+1"],"picked":"Beam Cell+1","floor":28},{"not_picked":["Ball Lightning+1","Streamline+1"],"picked":"Redo+1","floor":30}],"player_experience":18889,"potions_floor_usage":[6,7,11,16,16,16,30],"damage_taken":[{"damage":1,"enemies":"Cultist","floor":1,"turns":3},{"damage":9,"enemies":"2 Louse","floor":2,"turns":3},{"damage":2,"enemies":"Jaw Worm","floor":3,"turns":2},{"damage":27,"enemies":"3 Sentries","floor":6,"turns":6},{"damage":14,"enemies":"Gremlin Gang","floor":7,"turns":3},{"damage":5,"enemies":"Looter","floor":11,"turns":2},{"damage":16,"enemies":"Large Slime","floor":14,"turns":5},{"damage":25,"enemies":"Slime Boss","floor":16,"turns":9},{"damage":8,"enemies":"Spheric Guardian","floor":18,"turns":3},{"damage":8,"enemies":"2 Thieves","floor":20,"turns":4},{"damage":40,"enemies":"Gremlin Leader","floor":24,"turns":10},{"damage":14,"enemies":"Centurion and Healer","floor":28,"turns":7},{"damage":23,"enemies":"Snake Plant","floor":30,"turns":4},{"damage":83,"enemies":"Automaton","floor":33,"turns":10}],"relics_obtained":[{"floor":6,"key":"Ornamental Fan"},{"floor":9,"key":"War Paint"},{"floor":24,"key":"Lantern"},{"floor":26,"key":"Molten Egg 2"}],"event_choices":[{"event_name":"Accursed Blacksmith","player_choice":"Ignore","floor":4,"damage_taken":0},{"event_name":"Dead Adventurer","player_choice":"Searched \u00270\u0027 times","floor":13,"damage_taken":0},{"event_name":"Forgotten Altar","player_choice":"Shed Blood","floor":19,"damage_taken":0},{"event_name":"Masked Bandits","player_choice":"Paid Bandits 245 gold","floor":21,"damage_taken":0},{"event_name":"Transmorgrifier","player_choice":"Transform","floor":22,"damage_taken":0},{"event_name":"Bonfire Elementals","player_choice":"COMMON","floor":31,"damage_taken":0}],"boss_relics":[{"not_picked":["Runic Dome","Philosopher\u0027s Stone"],"picked":"Nuclear Battery"}],"items_purged_floors":[],"potions_floor_spawned":[1,3,7,11,14,24],"seed_played":"7879377575057144471","killed_by":"Automaton","ascension_level":0,"potions_obtained":[{"floor":1,"key":"LiquidBronze"},{"floor":3,"key":"Dexterity Potion"},{"floor":7,"key":"Fire Potion"},{"floor":11,"key":"SmokeBomb"},{"floor":14,"key":"Regen Potion"},{"floor":24,"key":"FearPotion"}],"is_trial":false}