{"gold_per_floor":[111,126,126,136,146,173,189,205,205,224,224,224,236,236,236,338,338,338],"floor_reached":18,"playtime":1376,"items_purged":[],"score":174,"play_id":"57a22d15-885d-4a75-8621-e1932eec4b8d","local_time":"20190706150128","is_ascension_mode":true,"campfire_choices":[{"floor":11,"key":"REST"},{"data":"Feel No Pain+1","floor":15,"key":"PURGE"}],"neow_cost":"NONE","seed_source_timestamp":1214757218252655,"circlet_count":0,"master_deck":["Strike_R","Strike_R","Strike_R","Strike_R","Strike_R","Defend_R","Defend_R","Defend_R","Defend_R","Bash","Iron Wave","Heavy Blade","Flame Barrier","Twin Strike","Shrug It Off","Battle Trance","Seeing Red","Immolate"],"relics":["Burning Blood","Frozen Egg 2","Shuriken","Peace Pipe","White Beast Statue"],"potions_floor_usage":[6,16,16],"damage_taken":[{"damage":4,"enemies":"Cultist","floor":1,"turns":4},{"damage":3,"enemies":"2 Louse","floor":2,"turns":5},{"damage":5,"enemies":"Jaw Worm","floor":4,"turns":4},{"damage":5,"enemies":"3 Louse","floor":5,"turns":5},{"damage":53,"enemies":"Lagavulin","floor":6,"turns":9},{"damage":15,"enemies":"2 Fungi Beasts","floor":7,"turns":4},{"damage":19,"enemies":"Exordium Thugs","floor":8,"turns":6},{"damage":8,"enemies":"3 Louse","floor":10,"turns":2},{"damage":10,"enemies":"Exordium Wildlife","floor":13,"turns":5},{"damage":74,"enemies":"Hexaghost","floor":16,"turns":12},{"damage":7,"enemies":"3 Byrds","floor":18,"turns":2}],"seed_played":"-5768858048689574331","potions_obtained":[{"floor":4,"key":"BloodPotion"},{"floor":5,"key":"Fire Potion"},{"floor":8,"key":"Energy Potion"},{"floor":14,"key":"BloodPotion"},{"floor":16,"key":"Regen Potion"}],"is_trial":false,"path_per_floor":["M","M","T","M","M","E","M","M","T","M","R","?","M","?","R","B",null,"M"],"character_chosen":"IRONCLAD","items_purchased":[],"campfire_rested":1,"item_purchase_floors":[],"current_hp_per_floor":[88,88,88,88,88,41,32,19,19,17,43,48,44,44,44,22,93,86],"gold":338,"neow_bonus":"TEN_PERCENT_HP_BONUS","is_prod":false,"is_daily":false,"chose_seed":false,"campfire_upgraded":0,"win_rate":0,"timestamp":1562450488,"path_taken":["M","M","?","M","?","E","M","M","T","?","R","?","M","?","R","BOSS","M"],"build_version":"2019-07-05","purchased_purges":0,"victory":false,"max_hp_per_floor":[88,88,88,88,88,88,88,88,88,88,88,93,93,93,93,93,93,93],"card_choices":[{"not_picked":["Thunderclap","Dual Wield"],"picked":"Iron Wave","floor":1},{"not_picked":["Perfected Strike","Sentinel"],"picked":"Heavy Blade","floor":2},{"not_picked":["Twin Strike","Wild Strike"],"picked":"Flame Barrier","floor":4},{"not_picked":["Havoc","Rage"],"picked":"Feel No Pain+1","floor":5},{"not_picked":["Exhume","Iron Wave"],"picked":"Twin Strike","floor":6},{"not_picked":["Hemokinesis","Pommel Strike"],"picked":"Shrug It Off","floor":7},{"not_picked":["Thunderclap","Twin Strike"],"picked":"Battle Trance","floor":8},{"not_picked":["Thunderclap","True Grit"],"picked":"Seeing Red","floor":10},{"not_picked":["Twin Strike","Searing Blow","Cleave"],"picked":"SKIP","floor":13},{"not_picked":["Bludgeon","Impervious"],"picked":"Immolate","floor":16}],"player_experience":84572,"relics_obtained":[{"floor":3,"key":"Frozen Egg 2"},{"floor":6,"key":"Shuriken"},{"floor":9,"key":"Peace Pipe"}],"event_choices":[{"damage_healed":0,"gold_gain":0,"player_choice":"Donut","damage_taken":0,"max_hp_gain":5,"max_hp_loss":0,"event_name":"Big Fish","floor":12,"gold_loss":0},{"damage_healed":0,"gold_gain":0,"player_choice":"Got Potions","damage_taken":0,"max_hp_gain":0,"max_hp_loss":0,"event_name":"Lab","floor":14,"gold_loss":0}],"is_beta":false,"boss_relics":[{"not_picked":["Busted Crown","Ectoplasm"],"picked":"White Beast Statue"}],"items_purged_floors":[],"is_endless":false,"potions_floor_spawned":[4,5,8,16],"killed_by":"3 Byrds","ascension_level":1}