{"gold_per_floor":[130,153,181,193,219,262,289,313,325,350,396,583,610,622,634,747,759,782,794,215,215,226,252,252,24,95,95,112,40,40,52,52,52],"floor_reached":33,"playtime":2659,"items_purged":[],"score":304,"play_id":"e6e1e246-7f33-411f-919c-197959bb6285","local_time":"20190217181618","is_ascension_mode":false,"campfire_choices":[{"floor":15,"key":"REST"},{"floor":24,"key":"RECALL"},{"data":"Bullet Time","floor":27,"key":"SMITH"},{"floor":30,"key":"REST"},{"floor":32,"key":"REST"}],"neow_cost":"NONE","seed_source_timestamp":0,"circlet_count":0,"master_deck":["Defend_G","Defend_G","Defend_G","Defend_G","Defend_G","Strike_G","Strike_G","Strike_G","Strike_G","Strike_G","Survivor","Neutralize","Dagger Spray","Outmaneuver","Backstab","Neutralize","Footwork","Discovery","Doppelganger","Skewer","Terror","PiercingWail","Blade Dance","Caltrops","Prepared","Bullet Time+1","Flying Knee+1","Skewer+1","Outmaneuver","Terror","Enlightenment","Venomology","Deflect+1","Backflip","Cloak And Dagger","Poisoned Stab+1","Acrobatics","Endless Agony+1","Sucker Punch+1"],"special_seed":0,"relics":["Ring of the Snake","MawBank","Smiling Mask","Pantograph","Molten Egg 2","Empty Cage","MutagenicStrength","Tiny Chest","Ancient Tea Set","Lee\u0027s Waffle","Dream Catcher","Bronze Scales"],"potions_floor_usage":[23,23,23,23,33,33],"damage_taken":[{"damage":0.0,"enemies":"Small Slimes","floor":1.0,"turns":4.0},{"damage":1.0,"enemies":"Cultist","floor":2.0,"turns":4.0},{"damage":1.0,"enemies":"2 Louse","floor":3.0,"turns":3.0},{"damage":4.0,"enemies":"Large Slime","floor":5.0,"turns":5.0},{"damage":10.0,"enemies":"3 Sentries","floor":6.0,"turns":6.0},{"damage":9.0,"enemies":"Exordium Wildlife","floor":7.0,"turns":4.0},{"damage":6.0,"enemies":"Red Slaver","floor":8.0,"turns":3.0},{"damage":13.0,"enemies":"Exordium Thugs","floor":10.0,"turns":5.0},{"damage":18.0,"enemies":"Lagavulin","floor":11.0,"turns":10.0},{"damage":3,"enemies":"Looter","floor":13,"turns":4},{"damage":64,"enemies":"Slime Boss","floor":16,"turns":14},{"damage":20,"enemies":"Chosen","floor":18,"turns":5},{"damage":17,"enemies":"2 Thieves","floor":22,"turns":2},{"damage":21,"enemies":"Book of Stabbing","floor":23,"turns":5},{"damage":20,"enemies":"Chosen and Byrds","floor":28,"turns":4},{"damage":13,"enemies":"Snecko","floor":31,"turns":4},{"damage":83,"enemies":"Collector","floor":33,"turns":8}],"seed_played":"5945940002084066763","potions_obtained":[{"floor":5.0,"key":"Fire Potion"},{"floor":6.0,"key":"Fruit Juice"},{"floor":10.0,"key":"EssenceOfSteel"},{"floor":11.0,"key":"Ancient Potion"},{"floor":16,"key":"Strength Potion"},{"floor":22,"key":"Swift Potion"},{"floor":28,"key":"Explosive Potion"}],"is_trial":false,"path_per_floor":["M","M","M","?","M","E","M","M","T","M","E","?","M","?","R","B",null,"M","?","$","?","M","E","R","$","T","R","M","$","R","M","R","B"],"character_chosen":"THE_SILENT","items_purchased":["Tiny Chest","Ancient Tea Set","Lee\u0027s Waffle","Skewer+1","Outmaneuver","Bronze Scales","Cloak And Dagger","Poisoned Stab+1","GamblersBrew"],"campfire_rested":3,"item_purchase_floors":[20,20,20,20,20,25,25,25,29],"current_hp_per_floor":[70,69,68,68,64,54,50,44,44,31,13,13,10,28,50,11,72,52,52,79,79,62,41,41,41,41,41,21,21,44,31,54,0],"gold":52,"neow_bonus":"RANDOM_COMMON_RELIC","is_prod":false,"is_daily":false,"chose_seed":false,"campfire_upgraded":1,"win_rate":0,"timestamp":1550445378,"path_taken":["M","M","M","?","M","E","M","M","T","?","E","?","M","?","R","BOSS","M","?","$","?","M","E","R","$","T","R","M","$","R","?","R","BOSS"],"build_version":"2019-01-23","purchased_purges":0,"victory":false,"max_hp_per_floor":[70,70,70,70,70,70,75,75,75,75,75,75,75,75,75,75,72,72,72,79,79,79,79,79,79,79,79,79,79,79,79,79,79],"card_choices":[{"not_picked":["Underhanded Strike","Backflip"],"picked":"Dagger Spray","floor":1.0},{"not_picked":["All Out Attack","Deflect"],"picked":"Outmaneuver","floor":2.0},{"not_picked":["Quick Slash","Dagger Spray"],"picked":"Backstab","floor":3.0},{"not_picked":["Slice","Blade Dance"],"picked":"Doppelganger","floor":5.0},{"not_picked":["Tactician","Backflip"],"picked":"Skewer","floor":6.0},{"not_picked":["Dodge and Roll","Deadly Poison"],"picked":"Terror","floor":7.0},{"not_picked":["Escape Plan","Setup"],"picked":"PiercingWail","floor":8.0},{"not_picked":["Backflip","PiercingWail"],"picked":"Blade Dance","floor":10.0},{"not_picked":["Outmaneuver","Concentrate"],"picked":"Caltrops","floor":11.0},{"not_picked":["Poisoned Stab+1","Masterful Stab+1"],"picked":"Prepared","floor":13},{"not_picked":["After Image","Burst"],"picked":"Bullet Time","floor":16},{"not_picked":["Prepared+1","Bane+1"],"picked":"Flying Knee+1","floor":18},{"not_picked":["Heel Hook+1","Deadly Poison"],"picked":"Deflect+1","floor":22},{"not_picked":["Heel Hook+1","Choke+1"],"picked":"Backflip","floor":23},{"not_picked":["Doppelganger","Quick Slash+1"],"picked":"Acrobatics","floor":28},{"not_picked":["Expertise","Deadly Poison"],"picked":"Endless Agony+1","floor":30},{"not_picked":["Cloak And Dagger","Noxious Fumes+1","Slice+1"],"picked":"SKIP","floor":31},{"not_picked":["Quick Slash+1","Deflect"],"picked":"Sucker Punch+1","floor":32}],"player_experience":238761,"relics_obtained":[{"floor":6.0,"key":"Smiling Mask"},{"floor":9.0,"key":"Pantograph"},{"floor":11.0,"key":"Molten Egg 2"},{"floor":23,"key":"Dream Catcher"}],"event_choices":[{"damage_healed":0.0,"max_hp_gain":0.0,"max_hp_loss":0.0,"gold_gain":0.0,"event_name":"Match and Keep!","player_choice":"3 cards matched","floor":4.0,"gold_loss":0.0,"damage_taken":0.0,"cards_obtained":["Neutralize","Footwork","Discovery"]},{"damage_healed":0,"gold_gain":175,"player_choice":"AGREE","damage_taken":0,"max_hp_gain":0,"max_hp_loss":0,"event_name":"Liars Game","floor":12,"gold_loss":0,"cards_obtained":["Doubt"]},{"damage_healed":18,"gold_gain":0,"player_choice":"Healed and dodged fight","damage_taken":0,"max_hp_gain":0,"max_hp_loss":0,"event_name":"Mushrooms","floor":14,"gold_loss":0,"cards_obtained":["Parasite"]},{"damage_healed":0,"gold_gain":0,"player_choice":"Inject Mutagens","damage_taken":0,"relics_obtained":["MutagenicStrength"],"max_hp_gain":0,"max_hp_loss":0,"event_name":"Drug Dealer","floor":19,"gold_loss":0},{"damage_healed":0,"gold_gain":0,"player_choice":"3 cards matched","damage_taken":0,"max_hp_gain":0,"max_hp_loss":0,"event_name":"Match and Keep!","floor":21,"gold_loss":0,"cards_obtained":["Terror","Enlightenment","Venomology"]}],"is_beta":false,"boss_relics":[{"not_picked":["Velvet Choker","Tiny House"],"picked":"Empty Cage"}],"items_purged_floors":[],"is_endless":false,"potions_floor_spawned":[5,6,10,11,16,22,28],"killed_by":"Collector","ascension_level":0}