{"gold_per_floor":[118,136,136,153,173,208,208,243,243,262,278,278,305,325,325,422,422,439,92,107,206,221,221,249,263,310,325,338,288,288,0,0,102,102,116,116,32,47,64,64,96,126,138,120,180,115,115,131,131,131],"floor_reached":50,"playtime":4550,"items_purged":[],"score":785,"play_id":"470ccaee-4753-450a-9cd6-9bb7c21d8aec","local_time":"20190622140118","is_ascension_mode":true,"campfire_choices":[{"floor":7.0,"key":"RECALL"},{"floor":12.0,"key":"REST"},{"floor":15.0,"key":"REST"},{"floor":23,"key":"REST"},{"floor":30,"key":"REST"},{"floor":32,"key":"REST"},{"floor":40,"key":"REST"},{"floor":47,"key":"REST"},{"floor":49,"key":"REST"}],"neow_cost":"NONE","seed_source_timestamp":0,"circlet_count":0,"master_deck":["Strike_B","Strike_B","Strike_B","Strike_B","Defend_B","Defend_B","Defend_B","Defend_B","Zap+1","Dualcast+1","Multi-Cast","Coolheaded","Sunder","Blizzard+1","Zap","Conserve Battery","Gash","Reboot","Defragment","Cold Snap+1","Cold Snap","Loop","Conserve Battery","Fission","Go for the Eyes+1","Apotheosis+1","Go for the Eyes","White Noise+1","Beam Cell","Thunder Strike","Sunder","Loop","Chill","Seek","Go for the Eyes+1","Enlightenment","Aggregate+1","Tempest","Ball Lightning+1","Turbo","Glacier","Turbo+1"],"special_seed":0,"relics":["Cracked Core","War Paint","Kunai","Whetstone","Lizard Tail","Juzu Bracelet","Dead Branch","Regal Pillow","FossilizedHelix","Nuclear Battery","MawBank","Question Card","Prayer Wheel"],"potions_floor_usage":[22,24,27,28,38,41,45,45,48],"damage_taken":[{"damage":2.0,"enemies":"Jaw Worm","floor":1.0,"turns":3.0},{"damage":3.0,"enemies":"Cultist","floor":2.0,"turns":5.0},{"damage":0.0,"enemies":"2 Louse","floor":4.0,"turns":2.0},{"damage":10.0,"enemies":"Exordium Wildlife","floor":5.0,"turns":5.0},{"damage":15.0,"enemies":"3 Sentries","floor":6.0,"turns":6.0},{"damage":29.0,"enemies":"Lagavulin","floor":8.0,"turns":7.0},{"damage":20.0,"enemies":"Lots of Slimes","floor":10.0,"turns":4.0},{"damage":0.0,"enemies":"3 Louse","floor":11.0,"turns":3.0},{"damage":18.0,"enemies":"Gremlin Nob","floor":13.0,"turns":4.0},{"damage":10.0,"enemies":"2 Fungi Beasts","floor":14.0,"turns":4.0},{"damage":20.0,"enemies":"Slime Boss","floor":16.0,"turns":10.0},{"damage":20,"enemies":"2 Thieves","floor":18,"turns":4},{"damage":21,"enemies":"Shell Parasite","floor":20,"turns":4},{"damage":18,"enemies":"Snake Plant","floor":22,"turns":6},{"damage":28,"enemies":"Slavers","floor":24,"turns":4},{"damage":2,"enemies":"Centurion and Healer","floor":25,"turns":9},{"damage":29,"enemies":"Shelled Parasite and Fungi","floor":27,"turns":8},{"damage":7,"enemies":"Cultist and Chosen","floor":28,"turns":6},{"damage":6,"enemies":"Champ","floor":33,"turns":14},{"damage":0,"enemies":"Orb Walker","floor":35,"turns":2},{"damage":24,"enemies":"3 Shapes","floor":38,"turns":5},{"damage":26,"enemies":"Sphere and 2 Shapes","floor":39,"turns":5},{"damage":0,"enemies":"Giant Head","floor":41,"turns":7},{"damage":0,"enemies":"Jaw Worm Horde","floor":42,"turns":3},{"damage":60,"enemies":"2 Orb Walkers","floor":45,"turns":8},{"damage":27,"enemies":"3 Darklings","floor":48,"turns":5},{"damage":68,"enemies":"Time Eater","floor":50,"turns":6}],"seed_played":"8479607976685733664","potions_obtained":[{"floor":2.0,"key":"Fire Potion"},{"floor":5.0,"key":"Regen Potion"},{"floor":6.0,"key":"Swift Potion"},{"floor":13.0,"key":"Swift Potion"},{"floor":18,"key":"FocusPotion"},{"floor":22,"key":"SpeedPotion"},{"floor":24,"key":"Dexterity Potion"},{"floor":27,"key":"PowerPotion"},{"floor":35,"key":"SkillPotion"},{"floor":39,"key":"SkillPotion"},{"floor":41,"key":"Block Potion"},{"floor":44,"key":"SneckoOil"},{"floor":44,"key":"SkillPotion"}],"is_trial":false,"path_per_floor":["M","M","?","M","M","E","R","E","T","M","M","R","E","M","R","B",null,"M","$","M","?","M","R","E","M","T","M","M","?","R","$","R","B",null,"M","?","$","M","M","R","E","M","T","?","?","$","R","M","R","B"],"character_chosen":"DEFECT","items_purchased":["Apotheosis","Juzu Bracelet","Go for the Eyes","FossilizedHelix","Enlightenment","Regen Potion"],"campfire_rested":8,"item_purchase_floors":[19,19,19,31,37,46],"current_hp_per_floor":[73,70,70,70,60,60,60,31,31,11,11,33,15,5,27,7,75,55,55,34,34,16,38,10,8,8,27,20,20,57,57,75,69,75,75,75,75,51,25,62,62,62,62,62,2,2,39,26,63,0],"gold":131,"neow_bonus":"ONE_RANDOM_RARE_CARD","is_prod":false,"is_daily":false,"chose_seed":false,"campfire_upgraded":0,"win_rate":0,"timestamp":1561226478,"path_taken":["M","M","?","M","M","E","R","E","T","M","M","R","E","M","R","BOSS","M","$","M","?","M","R","E","M","T","M","M","?","R","?","R","BOSS","M","?","?","M","M","R","E","M","T","?","?","$","R","M","R","BOSS"],"build_version":"2019-01-23","purchased_purges":0,"victory":false,"max_hp_per_floor":[75,75,75,75,75,75,75,75,75,75,75,75,75,75,75,75,75,75,75,75,75,75,75,75,75,75,75,75,75,75,75,75,75,75,75,75,75,75,75,75,75,75,75,75,75,75,75,75,75,75],"card_choices":[{"not_picked":["Sweeping Beam","Compile Driver"],"picked":"Coolheaded","floor":1.0},{"not_picked":["Tempest","Ball Lightning"],"picked":"Sunder","floor":2.0},{"not_picked":["Doom and Gloom","Go for the Eyes"],"picked":"Conserve Battery","floor":4.0},{"not_picked":["Rebound","Redo"],"picked":"Gash","floor":5.0},{"not_picked":["Scrape","Multi-Cast"],"picked":"Reboot","floor":6.0},{"not_picked":["Steam","Barrage"],"picked":"Defragment","floor":8.0},{"not_picked":["Go for the Eyes","Conserve Battery"],"picked":"Cold Snap","floor":10.0},{"not_picked":["Conserve Battery","Hologram"],"picked":"Cold Snap","floor":11.0},{"not_picked":["Scrape","BootSequence"],"picked":"Loop","floor":13.0},{"not_picked":["Skim","Redo"],"picked":"Conserve Battery","floor":14.0},{"not_picked":["Biased Cognition","Multi-Cast"],"picked":"Fission","floor":16.0},{"not_picked":["Turbo+1","Gash"],"picked":"Go for the Eyes+1","floor":18},{"not_picked":["Beam Cell","Blizzard"],"picked":"White Noise+1","floor":20},{"not_picked":["Stack","Redo"],"picked":"Beam Cell","floor":22},{"not_picked":["BootSequence+1","Steam+1"],"picked":"Thunder Strike","floor":24},{"not_picked":["Stack","Compile Driver+1"],"picked":"Sunder","floor":25},{"not_picked":["Sweeping Beam","Stack+1"],"picked":"Loop","floor":27},{"not_picked":["FTL+1","Cold Snap+1"],"picked":"Chill","floor":28},{"not_picked":["Hyperbeam","Echo Form"],"picked":"Seek","floor":33},{"not_picked":["Stack","Force Field+1"],"picked":"Go for the Eyes+1","floor":35},{"not_picked":["Rebound+1","Sweeping Beam+1","Beam Cell"],"picked":"SKIP","floor":38},{"not_picked":["Steam","Streamline+1"],"picked":"Aggregate+1","floor":39},{"not_picked":["Aggregate","Turbo"],"picked":"Tempest","floor":41},{"not_picked":["Scrape+1","Sweeping Beam"],"picked":"Ball Lightning+1","floor":42},{"not_picked":["Recycle","Stack","Cold Snap+1"],"picked":"Turbo","floor":45},{"not_picked":["Scrape+1","Compile Driver","Creative AI"],"picked":"Glacier","floor":48},{"not_picked":["Chill","Tempest","FTL"],"picked":"Turbo+1","floor":48}],"player_experience":489655,"relics_obtained":[{"floor":6.0,"key":"War Paint"},{"floor":8.0,"key":"Kunai"},{"floor":13.0,"key":"Whetstone"},{"floor":24,"key":"Dead Branch"},{"floor":26,"key":"Regal Pillow"},{"floor":41,"key":"MawBank"},{"floor":43,"key":"Question Card"},{"floor":45,"key":"Prayer Wheel"}],"event_choices":[{"damage_healed":0.0,"max_hp_gain":0.0,"max_hp_loss":0.0,"gold_gain":0.0,"event_name":"Match and Keep!","player_choice":"2 cards matched","floor":3.0,"gold_loss":0.0,"damage_taken":0.0,"cards_obtained":["Blizzard","Zap"]},{"damage_healed":0,"gold_gain":99,"player_choice":"Stole From Cult","damage_taken":0,"max_hp_gain":0,"max_hp_loss":0,"event_name":"Nest","floor":21,"gold_loss":0},{"damage_healed":0,"gold_gain":0,"player_choice":"Bet on Murderer","damage_taken":0,"max_hp_gain":0,"max_hp_loss":0,"event_name":"The Joust","floor":29,"gold_loss":50},{"damage_healed":0,"gold_gain":0,"player_choice":"Forge","damage_taken":0,"max_hp_gain":0,"max_hp_loss":0,"event_name":"Accursed Blacksmith","floor":36,"gold_loss":0,"cards_upgraded":["Apotheosis"]},{"damage_healed":0,"gold_gain":0,"player_choice":"Bought 2 Potions","damage_taken":0,"max_hp_gain":0,"max_hp_loss":0,"event_name":"The Woman in Blue","floor":44,"gold_loss":0},{"damage_healed":0,"gold_gain":0,"player_choice":"Fight","damage_taken":0,"max_hp_gain":0,"max_hp_loss":0,"event_name":"Mysterious Sphere","floor":45,"gold_loss":0}],"is_beta":false,"boss_relics":[{"not_picked":["Runic Dome","Velvet Choker"],"picked":"Lizard Tail"},{"not_picked":["Empty Cage","Calling Bell"],"picked":"Nuclear Battery"}],"items_purged_floors":[],"is_endless":false,"potions_floor_spawned":[2,5,6,13,18,22,24,27,35,39,41],"killed_by":"Time Eater","ascension_level":2}