{"gold_per_floor":[115,127,145,145,145,145,158,170,170,170,183,193,213,213,213,307,307,323,373,373,373,398,398,398,414,467,467,485,505,505,65,65,65],"floor_reached":33,"playtime":2111,"items_purged":[],"score":482,"play_id":"fef6e7b4-9c36-4674-8b09-4e0c5d88881a","local_time":"20190623145229","is_ascension_mode":true,"campfire_choices":[{"data":"Zap","floor":6.0,"key":"SMITH"},{"data":"Recycle","floor":10.0,"key":"SMITH"},{"data":"Reinforced Body","floor":15.0,"key":"SMITH"},{"data":"Electrodynamics","floor":23,"key":"SMITH"},{"floor":27,"key":"REST"},{"floor":30,"key":"REST"},{"data":"Conserve Battery","floor":32,"key":"SMITH"}],"neow_cost":"NONE","seed_source_timestamp":0,"circlet_count":0,"master_deck":["AscendersBane","Strike_B+1","Strike_B+1","Strike_B","Strike_B+1","Defend_B","Defend_B","Defend_B","Defend_B","Zap+1","Dualcast","Electrodynamics+1","Undo","Cold Snap+1","Stack","Recycle+1","Stack","BootSequence","All For One","Reinforced Body+1","Injury","Reboot","Reinforced Body","Rip and Tear+1","White Noise","Hologram","Ball Lightning+1","Conserve Battery+1"],"special_seed":0,"relics":["Cracked Core","Whetstone","Golden Idol","White Beast Statue","MutagenicStrength","Bag of Marbles","Boot","Oddly Smooth Stone","Runic Capacitor"],"potions_floor_usage":[22,22,28,29,33,33],"damage_taken":[{"damage":2.0,"enemies":"Jaw Worm","floor":1.0,"turns":3.0},{"damage":0.0,"enemies":"2 Louse","floor":2.0,"turns":2.0},{"damage":1.0,"enemies":"Small Slimes","floor":3.0,"turns":6.0},{"damage":0.0,"enemies":"Exordium Wildlife","floor":7.0,"turns":3.0},{"damage":4.0,"enemies":"Large Slime","floor":8.0,"turns":4.0},{"damage":0.0,"enemies":"2 Fungi Beasts","floor":11.0,"turns":4.0},{"damage":3.0,"enemies":"Blue Slaver","floor":12.0,"turns":3.0},{"damage":2.0,"enemies":"Large Slime","floor":13.0,"turns":5.0},{"damage":1.0,"enemies":"Slime Boss","floor":16.0,"turns":9.0},{"damage":0,"enemies":"3 Byrds","floor":18,"turns":3},{"damage":4,"enemies":"2 Thieves","floor":22,"turns":4},{"damage":25,"enemies":"Shelled Parasite and Fungi","floor":25,"turns":9},{"damage":13,"enemies":"Sentry and Sphere","floor":28,"turns":5},{"damage":12,"enemies":"Snake Plant","floor":29,"turns":4},{"damage":56,"enemies":"Automaton","floor":33,"turns":6}],"seed_played":"5130243646423822598","potions_obtained":[{"floor":1.0,"key":"FearPotion"},{"floor":3.0,"key":"Poison Potion"},{"floor":11.0,"key":"SkillPotion"},{"floor":16.0,"key":"Weak Potion"},{"floor":18,"key":"Poison Potion"},{"floor":22,"key":"FocusPotion"},{"floor":25,"key":"Strength Potion"},{"floor":28,"key":"LiquidBronze"},{"floor":29,"key":"AttackPotion"}],"is_trial":false,"path_per_floor":["M","M","M","?","?","R","M","M","T","R","M","M","M","?","R","B",null,"M","?","?","?","M","R","?","M","T","R","M","M","R","$","R","B"],"character_chosen":"DEFECT","items_purchased":["Oddly Smooth Stone","Runic Capacitor","Conserve Battery"],"campfire_rested":2,"item_purchase_floors":[31,31,31],"current_hp_per_floor":[62,62,61,40,45,45,45,41,41,41,41,38,36,36,36,35,66,66,66,66,66,62,62,62,37,37,59,46,34,56,56,56,0],"gold":65,"neow_bonus":"ONE_RANDOM_RARE_CARD","is_prod":false,"is_daily":false,"chose_seed":false,"campfire_upgraded":5,"win_rate":0,"timestamp":1561315949,"path_taken":["M","M","M","?","?","R","M","M","T","R","M","M","M","?","R","BOSS","M","?","?","?","M","R","?","M","T","R","?","M","R","$","R","BOSS"],"build_version":"2019-06-21","purchased_purges":0,"victory":false,"max_hp_per_floor":[71,71,71,71,76,76,76,76,76,76,76,76,76,76,76,76,76,76,76,76,76,76,76,76,76,76,76,76,76,76,76,76,76],"card_choices":[{"not_picked":["Sunder","Gash"],"picked":"Undo","floor":1.0},{"not_picked":["Darkness","Compile Driver"],"picked":"Cold Snap","floor":2.0},{"not_picked":["Beam Cell","Barrage"],"picked":"Stack","floor":3.0},{"not_picked":["Stack","Gash"],"picked":"Recycle","floor":7.0},{"not_picked":["Gash","Steam"],"picked":"Stack","floor":8.0},{"not_picked":["Steam Power","Heatsinks"],"picked":"BootSequence","floor":11.0},{"not_picked":["Sweeping Beam","Go for the Eyes"],"picked":"All For One","floor":12.0},{"not_picked":["Ball Lightning","Cold Snap"],"picked":"Reinforced Body","floor":13.0},{"not_picked":["Biased Cognition","All For One"],"picked":"Reboot","floor":16.0},{"not_picked":["Beam Cell","Barrage"],"picked":"Reinforced Body","floor":18},{"not_picked":["Genetic Algorithm","Skim"],"picked":"Rip and Tear+1","floor":22},{"not_picked":["Undo","Ball Lightning"],"picked":"White Noise","floor":25},{"not_picked":["Gash+1","Compile Driver"],"picked":"Hologram","floor":28},{"not_picked":["Sweeping Beam","Rebound"],"picked":"Ball Lightning+1","floor":29}],"player_experience":1074669,"relics_obtained":[{"floor":9.0,"key":"Whetstone"},{"floor":26,"key":"Boot"}],"event_choices":[{"damage_healed":0.0,"max_hp_gain":0.0,"max_hp_loss":0.0,"gold_gain":0.0,"event_name":"Shining Light","player_choice":"Entered Light","floor":4.0,"gold_loss":0.0,"damage_taken":21.0,"cards_upgraded":["Strike_B","Strike_B"]},{"damage_healed":0.0,"max_hp_gain":5.0,"max_hp_loss":0.0,"gold_gain":0.0,"event_name":"Big Fish","player_choice":"Donut","floor":5.0,"gold_loss":0.0,"damage_taken":0.0},{"damage_healed":0.0,"max_hp_gain":0.0,"max_hp_loss":0.0,"gold_gain":0.0,"event_name":"Golden Idol","player_choice":"Take Wound","floor":14.0,"gold_loss":0.0,"damage_taken":0.0,"relics_obtained":["Golden Idol"],"cards_obtained":["Injury"]},{"damage_healed":0,"gold_gain":50,"player_choice":"Stole From Cult","damage_taken":0,"max_hp_gain":0,"max_hp_loss":0,"event_name":"Nest","floor":19,"gold_loss":0},{"damage_healed":0,"gold_gain":0,"player_choice":"Inject Mutagens","damage_taken":0,"relics_obtained":["MutagenicStrength"],"max_hp_gain":0,"max_hp_loss":0,"event_name":"Drug Dealer","floor":20,"gold_loss":0},{"damage_healed":0,"gold_gain":0,"player_choice":"Stole Relic","damage_taken":0,"relics_obtained":["Bag of Marbles"],"max_hp_gain":0,"max_hp_loss":0,"event_name":"Addict","floor":21,"gold_loss":0,"cards_obtained":["Shame"]},{"cards_removed":["Shame"],"damage_healed":0,"gold_gain":0,"player_choice":"Elegance","damage_taken":0,"max_hp_gain":0,"max_hp_loss":0,"event_name":"Back to Basics","floor":24,"gold_loss":0}],"is_beta":true,"boss_relics":[{"not_picked":["Lizard Tail","Cursed Key"],"picked":"White Beast Statue"}],"items_purged_floors":[],"is_endless":false,"potions_floor_spawned":[1,3,11,13,16,18,22,25,28,29],"killed_by":"Automaton","ascension_level":20}