{"gold_per_floor":[117,135,88,88,107,140,140,140,140,173,188,188,213,266,266,363,363,382,382,402,414,414,440,453,453],"floor_reached":25,"playtime":1870,"items_purged":[],"score":253,"play_id":"a53c98e7-9402-4457-980a-3d3c970dfa2f","local_time":"20190703234815","is_ascension_mode":true,"campfire_choices":[{"floor":7.0,"key":"REST"},{"data":"Noxious Fumes","floor":8.0,"key":"SMITH"},{"floor":15.0,"key":"REST"}],"neow_cost":"NONE","seed_source_timestamp":0,"circlet_count":0,"master_deck":["Strike_G","Strike_G","Strike_G","Strike_G","Strike_G","Defend_G","Defend_G+1","Defend_G+1","Defend_G","Defend_G+1","Survivor","Neutralize","Leg Sweep+1","Backstab","Bouncing Flask+1","Noxious Fumes+1","Bane","Heel Hook","All Out Attack","Unload","Outmaneuver+1","Backstab","Slice","Backflip+1","Sucker Punch+1","Bane+1"],"special_seed":0,"relics":["Black Star","WingedGreaves","Bag of Preparation","Paper Crane","Bottled Flame","Happy Flower","Blue Candle","War Paint","WristBlade","Strawberry","Anchor"],"potions_floor_usage":[],"damage_taken":[{"damage":4.0,"enemies":"Jaw Worm","floor":1.0,"turns":7.0},{"damage":0.0,"enemies":"2 Louse","floor":2.0,"turns":3.0},{"damage":0.0,"enemies":"Cultist","floor":5.0,"turns":5.0},{"damage":26.0,"enemies":"3 Sentries","floor":6.0,"turns":11.0},{"damage":16.0,"enemies":"Lagavulin","floor":10.0,"turns":6.0},{"damage":0.0,"enemies":"2 Fungi Beasts","floor":11.0,"turns":3.0},{"damage":8.0,"enemies":"Gremlin Nob","floor":13.0,"turns":4.0},{"damage":3.0,"enemies":"Slime Boss","floor":16.0,"turns":6.0},{"damage":6.0,"enemies":"3 Byrds","floor":18.0,"turns":4.0},{"damage":2.0,"enemies":"Spheric Guardian","floor":20.0,"turns":3.0},{"damage":8.0,"enemies":"Snecko","floor":21.0,"turns":3.0},{"damage":35.0,"enemies":"Slavers","floor":23.0,"turns":7.0},{"damage":4.0,"enemies":"Shelled Parasite and Fungi","floor":24.0,"turns":5.0},{"damage":0,"enemies":"Snake Plant","floor":25,"turns":1}],"seed_played":"-1891849822137984653","potions_obtained":[{"floor":5.0,"key":"Strength Potion"},{"floor":10.0,"key":"Energy Potion"},{"floor":13.0,"key":"AttackPotion"},{"floor":21.0,"key":"Ancient Potion"},{"floor":24.0,"key":"Energy Potion"}],"is_trial":false,"path_per_floor":["M","M","?","?","M","E","R","R","T","E","M","?","E","?","R","B",null,"M","?","M","M","?","E","M","M"],"character_chosen":"THE_SILENT","items_purchased":[],"campfire_rested":2,"item_purchase_floors":[],"current_hp_per_floor":[66,66,66,52,52,26,47,47,47,31,31,31,23,23,44,41,70,64,64,62,54,54,26,22,22],"gold":453,"neow_bonus":"BOSS_RELIC","is_prod":false,"is_daily":false,"chose_seed":false,"campfire_upgraded":1,"win_rate":0,"timestamp":1562212095,"path_taken":["M","M","?","?","?","E","R","R","T","E","?","?","E","?","R","BOSS","M","?","M","M","?","E","M","M"],"build_version":"2019-07-01","purchased_purges":0,"victory":false,"max_hp_per_floor":[70,70,70,70,70,70,70,70,70,70,70,70,70,70,70,70,70,70,70,70,70,70,77,77,77],"card_choices":[{"not_picked":["Deflect","Backflip"],"picked":"Leg Sweep","floor":1.0},{"not_picked":["Blade Dance","Catalyst"],"picked":"Backstab","floor":2.0},{"not_picked":["Poisoned Stab","Cloak And Dagger"],"picked":"Bouncing Flask","floor":5.0},{"not_picked":["Terror","Flying Knee"],"picked":"Noxious Fumes","floor":6.0},{"not_picked":["Skewer","Tactician"],"picked":"Bane","floor":10.0},{"not_picked":["Calculated Gamble","Setup"],"picked":"Heel Hook","floor":11.0},{"not_picked":["Dagger Spray","Flying Knee"],"picked":"All Out Attack","floor":13.0},{"not_picked":["Bullet Time","Storm of Steel"],"picked":"Unload","floor":16.0},{"not_picked":["Dagger Throw","PiercingWail"],"picked":"Outmaneuver+1","floor":18.0},{"not_picked":["Flying Knee","Blade Dance"],"picked":"Slice","floor":20.0},{"not_picked":["Catalyst","Dash"],"picked":"Backflip+1","floor":21.0},{"not_picked":["Acrobatics","Terror"],"picked":"Sucker Punch+1","floor":23.0},{"not_picked":["Setup","Prepared"],"picked":"Bane+1","floor":24.0}],"player_experience":572254,"relics_obtained":[{"floor":6.0,"key":"WingedGreaves"},{"floor":6.0,"key":"Bag of Preparation"},{"floor":9.0,"key":"Paper Crane"},{"floor":10.0,"key":"Bottled Flame"},{"floor":10.0,"key":"Happy Flower"},{"floor":13.0,"key":"Blue Candle"},{"floor":13.0,"key":"War Paint"},{"floor":23.0,"key":"Strawberry"},{"floor":23.0,"key":"Anchor"}],"event_choices":[{"damage_healed":0.0,"max_hp_gain":0.0,"max_hp_loss":0.0,"gold_gain":0.0,"event_name":"World of Goop","player_choice":"Left Gold","floor":3.0,"gold_loss":47.0,"damage_taken":0.0},{"damage_healed":0.0,"max_hp_gain":0.0,"max_hp_loss":0.0,"gold_gain":0.0,"event_name":"Shining Light","player_choice":"Entered Light","floor":4.0,"gold_loss":0.0,"damage_taken":14.0,"cards_upgraded":["Leg Sweep","Defend_G"]},{"damage_healed":0.0,"max_hp_gain":0.0,"max_hp_loss":0.0,"gold_gain":0.0,"event_name":"Living Wall","player_choice":"Grow","floor":12.0,"gold_loss":0.0,"damage_taken":0.0,"cards_upgraded":["Bouncing Flask"]},{"damage_healed":0.0,"max_hp_gain":0.0,"max_hp_loss":0.0,"gold_gain":53.0,"event_name":"Golden Wing","player_choice":"Gained Gold","floor":14.0,"gold_loss":0.0,"damage_taken":0.0},{"damage_healed":0.0,"max_hp_gain":0.0,"max_hp_loss":0.0,"gold_gain":0.0,"event_name":"The Library","player_choice":"Read","floor":19.0,"gold_loss":0.0,"damage_taken":0.0,"cards_obtained":["Backstab"]},{"damage_healed":0.0,"max_hp_gain":0.0,"max_hp_loss":0.0,"gold_gain":0.0,"event_name":"The Mausoleum","player_choice":"Ignored","floor":22.0,"gold_loss":0.0,"damage_taken":0.0}],"is_beta":false,"boss_relics":[{"not_picked":["Coffee Dripper","Pandora\u0027s Box"],"picked":"WristBlade"}],"items_purged_floors":[],"is_endless":false,"potions_floor_spawned":[5,10,13,21,24],"killed_by":"Snake Plant","ascension_level":1}