{"gold_per_floor":[114,129,144,144,162,162,162,181,181,181,194,194,209,223,223,326,326,342,359,274,234,247,247],"floor_reached":23,"playtime":1252,"items_purged":[],"score":187,"play_id":"c0326cd2-868c-4afc-b7e7-32c7c5d100af","local_time":"20181228101026","is_ascension_mode":false,"campfire_choices":[{"data":"Zap","floor":6,"key":"SMITH"},{"data":"Sunder","floor":10,"key":"SMITH"},{"data":"Glacier","floor":15,"key":"SMITH"}],"neow_cost":"TEN_PERCENT_HP_LOSS","seed_source_timestamp":91465070198190,"circlet_count":0,"master_deck":["Strike_B","Strike_B","Strike_B","Strike_B","Defend_B","Defend_B","Defend_B","Defend_B","Zap+1","Dualcast","Undo","Storm","Rebound","Ball Lightning","Decay","Sunder+1","Chill","Glacier+1","Capacitor","Consume","Machine Learning","White Noise","Conserve Battery"],"relics":["Cracked Core","WingedGreaves","Boot","Potion Belt","White Beast Statue","Kunai"],"potions_floor_usage":[16,22,22,22,22,22,22,23,23,23,23,23],"damage_taken":[{"damage":1,"enemies":"Cultist","floor":1,"turns":4},{"damage":0,"enemies":"2 Louse","floor":2,"turns":2},{"damage":0,"enemies":"Small Slimes","floor":3,"turns":3},{"damage":8,"enemies":"Red Slaver","floor":5,"turns":4},{"damage":6,"enemies":"3 Louse","floor":8,"turns":3},{"damage":6,"enemies":"Gremlin Gang","floor":11,"turns":4},{"damage":7,"enemies":"Looter","floor":13,"turns":2},{"damage":0,"enemies":"Exordium Wildlife","floor":14,"turns":3},{"damage":25,"enemies":"The Guardian","floor":16,"turns":11},{"damage":13,"enemies":"Chosen","floor":18,"turns":5},{"damage":18,"enemies":"Spheric Guardian","floor":19,"turns":8},{"damage":21,"enemies":"Snake Plant","floor":22,"turns":4},{"damage":25,"enemies":"Gremlin Leader","floor":23,"turns":7}],"seed_played":"-320359257592846506","potions_obtained":[{"floor":3,"key":"PowerPotion"},{"floor":5,"key":"PowerPotion"},{"floor":11,"key":"SteroidPotion"},{"floor":13,"key":"Swift Potion"},{"floor":16,"key":"Dexterity Potion"},{"floor":18,"key":"GamblersBrew"},{"floor":19,"key":"Explosive Potion"},{"floor":21,"key":"EssenceOfSteel"},{"floor":21,"key":"EntropicBrew"},{"floor":22,"key":"AttackPotion"}],"is_trial":false,"path_per_floor":["M","M","M","?","M","R","?","M","T","R","M","?","M","M","R","B",null,"M","M","?","?","M","E"],"character_chosen":"DEFECT","items_purchased":[],"campfire_rested":0,"item_purchase_floors":[],"current_hp_per_floor":[67,67,67,67,59,59,59,53,53,53,47,47,40,40,40,15,68,55,37,37,37,16,0],"gold":247,"neow_bonus":"ONE_RARE_RELIC","is_prod":false,"is_daily":false,"chose_seed":false,"campfire_upgraded":3,"win_rate":0,"timestamp":1546009826,"path_taken":["M","M","M","?","M","R","?","M","T","R","?","?","?","M","R","BOSS","M","M","?","?","?","E"],"build_version":"2018-12-25","purchased_purges":0,"victory":false,"max_hp_per_floor":[68,68,68,68,68,68,68,68,68,68,68,68,68,68,68,68,68,68,68,68,68,68,68],"card_choices":[{"not_picked":["Steam","Redo"],"picked":"Undo","floor":1},{"not_picked":["Redo","Fusion"],"picked":"Storm","floor":2},{"not_picked":["Turbo","Steam"],"picked":"Rebound","floor":3},{"not_picked":["Stack","Coolheaded"],"picked":"Ball Lightning","floor":5},{"not_picked":["Reprogram","Steam Power"],"picked":"Sunder","floor":8},{"not_picked":["Compile Driver","Leap"],"picked":"Chill","floor":11},{"not_picked":["Gash","Fusion"],"picked":"Capacitor","floor":13},{"not_picked":["Cold Snap","Reprogram"],"picked":"Consume","floor":14},{"not_picked":["Hyperbeam","Multi-Cast"],"picked":"Machine Learning","floor":16},{"not_picked":["Redo","Gash+1","Steam Power"],"picked":"SKIP","floor":18},{"not_picked":["Stack","Double Energy+1"],"picked":"White Noise","floor":19},{"not_picked":["Leap+1","Aggregate"],"picked":"Conserve Battery","floor":22}],"player_experience":685167,"relics_obtained":[{"floor":9,"key":"Potion Belt"}],"event_choices":[{"damage_healed":0,"gold_gain":0,"player_choice":"Box","damage_taken":0,"relics_obtained":["Boot"],"max_hp_gain":0,"max_hp_loss":0,"event_name":"Big Fish","floor":4,"gold_loss":0,"cards_obtained":["Regret"]},{"cards_removed":["Regret"],"damage_healed":0,"gold_gain":0,"player_choice":"Took Card","damage_taken":0,"max_hp_gain":0,"max_hp_loss":0,"event_name":"NoteForYourself","floor":7,"gold_loss":0,"cards_obtained":["Decay"]},{"damage_healed":0,"gold_gain":0,"player_choice":"1 cards matched","damage_taken":0,"max_hp_gain":0,"max_hp_loss":0,"event_name":"Match and Keep!","floor":12,"gold_loss":0,"cards_obtained":["Glacier"]},{"damage_healed":0,"gold_gain":0,"player_choice":"Obtained Relic","damage_taken":0,"relics_obtained":["Kunai"],"max_hp_gain":0,"max_hp_loss":0,"event_name":"Addict","floor":20,"gold_loss":85},{"damage_healed":0,"gold_gain":0,"player_choice":"Bought 3 Potions","damage_taken":0,"max_hp_gain":0,"max_hp_loss":0,"event_name":"The Woman in Blue","floor":21,"gold_loss":0}],"is_beta":true,"boss_relics":[{"not_picked":["Ectoplasm","Busted Crown"],"picked":"White Beast Statue"}],"items_purged_floors":[],"is_endless":false,"potions_floor_spawned":[3,5,11,13,16,18,19,22],"killed_by":"Gremlin Leader","ascension_level":0}