{"gold_per_floor":[118,118,193,23,23,23,38,38,85,100,116,126,141,161,161,256,256,271,102,117,42,62,62,75,89,89,89,89,108,108,108],"floor_reached":31,"playtime":1820,"items_purged":["Regret","Parasite"],"score":256,"play_id":"c1c62623-067f-448c-b2c1-797ded11637c","local_time":"20190302152751","is_ascension_mode":false,"campfire_choices":[{"floor":6,"key":"REST"},{"data":"Blade Dance","floor":8,"key":"SMITH"},{"floor":15,"key":"REST"},{"floor":23,"key":"REST"},{"floor":28,"key":"REST"}],"neow_cost":"NONE","seed_source_timestamp":1283378092883873,"circlet_count":0,"master_deck":["Defend_G","Defend_G","Defend_G","Defend_G","Defend_G","Strike_G","Strike_G","Strike_G","Strike_G","Strike_G","Survivor","Neutralize","Sucker Punch","Blade Dance+1","Acrobatics","Slice","Slice","Infinite Blades+1","Finisher","Cloak And Dagger","Burst","After Image+1","Blade Dance","Blade Dance","Well Laid Plans+1","Dash","Finisher","Slice","Well Laid Plans+1","Deflect","Backstab","Quick Slash+1","Accuracy+1","Outmaneuver","Writhe"],"relics":["Calling Bell","Tough Bandages","Frozen Egg 2","Bronze Scales","Dodecahedron","GremlinMask","Bag of Marbles","Orrery","Pear","Smiling Mask"],"potions_floor_usage":[16,16,31,31],"damage_taken":[{"damage":0,"enemies":"2 Louse","floor":1,"turns":4},{"damage":0,"enemies":"Cultist","floor":7,"turns":4},{"damage":2,"enemies":"Jaw Worm","floor":10,"turns":4},{"damage":0,"enemies":"Large Slime","floor":11,"turns":7},{"damage":4,"enemies":"2 Fungi Beasts","floor":12,"turns":3},{"damage":8,"enemies":"Exordium Wildlife","floor":13,"turns":2},{"damage":2,"enemies":"Looter","floor":14,"turns":3},{"damage":28,"enemies":"Slime Boss","floor":16,"turns":10},{"damage":4,"enemies":"Spheric Guardian","floor":18,"turns":4},{"damage":12,"enemies":"Shell Parasite","floor":20,"turns":4},{"damage":8,"enemies":"Centurion and Healer","floor":22,"turns":6},{"damage":28,"enemies":"Shelled Parasite and Fungi","floor":24,"turns":6},{"damage":7,"enemies":"Chosen and Byrds","floor":25,"turns":3},{"damage":29,"enemies":"Cultist and Chosen","floor":29,"turns":7},{"damage":37,"enemies":"Slavers","floor":31,"turns":2}],"seed_played":"5749327872321936619","potions_obtained":[{"floor":11,"key":"Ancient Potion"},{"floor":14,"key":"Weak Potion"},{"floor":24,"key":"Ancient Potion"},{"floor":29,"key":"LiquidBronze"}],"is_trial":false,"path_per_floor":["M","?","?","$","?","R","M","R","T","M","M","M","M","M","R","B",null,"M","$","M","?","M","R","M","M","T","$","R","M","?","E"],"character_chosen":"THE_SILENT","items_purchased":["Blade Dance","Acrobatics","Well Laid Plans+1"],"campfire_rested":4,"item_purchase_floors":[4,4,19],"current_hp_per_floor":[70,52,41,41,41,62,62,62,62,60,60,56,48,46,67,39,70,66,66,54,54,46,66,38,31,41,41,64,35,35,0],"gold":108,"neow_bonus":"BOSS_RELIC","is_prod":false,"is_daily":false,"chose_seed":false,"campfire_upgraded":1,"win_rate":0,"timestamp":1551558471,"path_taken":["M","?","?","$","?","R","M","R","T","M","M","M","M","?","R","BOSS","M","$","M","?","M","R","M","M","T","$","R","M","?","E"],"build_version":"2019-01-23","purchased_purges":2,"victory":false,"max_hp_per_floor":[70,70,70,70,70,70,70,70,70,70,70,70,70,70,70,70,70,70,67,67,67,67,67,67,67,77,77,77,77,77,77],"card_choices":[{"not_picked":["Concentrate","Catalyst"],"picked":"Sucker Punch","floor":1},{"not_picked":["Dagger Throw","Dagger Spray"],"picked":"Slice","floor":7},{"not_picked":["Bane","Dagger Spray"],"picked":"Slice","floor":10},{"not_picked":["Prepared","Deadly Poison"],"picked":"Infinite Blades+1","floor":11},{"not_picked":["Catalyst","Tactician"],"picked":"Finisher","floor":12},{"not_picked":["Leg Sweep","Eviscerate"],"picked":"Cloak And Dagger","floor":13},{"not_picked":["Prepared","Noxious Fumes+1"],"picked":"Burst","floor":14},{"not_picked":["Tools of the Trade+1","Malaise"],"picked":"After Image+1","floor":16},{"not_picked":["Underhanded Strike","Flechettes"],"picked":"Blade Dance","floor":17},{"not_picked":["Poisoned Stab","Underhanded Strike"],"picked":"Blade Dance","floor":17},{"not_picked":["Flying Knee","Poisoned Stab"],"picked":"Well Laid Plans+1","floor":17},{"not_picked":["Poisoned Stab","Skewer"],"picked":"Dash","floor":17},{"not_picked":["Prepared","Poisoned Stab"],"picked":"Finisher","floor":17},{"not_picked":["Dagger Spray","Dagger Throw"],"picked":"Slice","floor":18},{"not_picked":["Quick Slash","Unload"],"picked":"Deflect","floor":20},{"not_picked":["Acrobatics","Sucker Punch"],"picked":"Backstab","floor":22},{"not_picked":["Cloak And Dagger","Underhanded Strike"],"picked":"Quick Slash+1","floor":24},{"not_picked":["Footwork+1","All Out Attack+1"],"picked":"Accuracy+1","floor":25},{"not_picked":["PiercingWail","Poisoned Stab"],"picked":"Outmaneuver","floor":29}],"player_experience":263532,"relics_obtained":[{"floor":0,"key":"Tough Bandages"},{"floor":0,"key":"Frozen Egg 2"},{"floor":0,"key":"Bronze Scales"},{"floor":9,"key":"Bag of Marbles"},{"floor":26,"key":"Pear"}],"event_choices":[{"damage_healed":0,"gold_gain":0,"player_choice":"Success","damage_taken":18,"relics_obtained":["Dodecahedron"],"max_hp_gain":0,"max_hp_loss":0,"event_name":"Scrap Ooze","floor":2,"gold_loss":0},{"damage_healed":0,"gold_gain":75,"player_choice":"Gather Gold","damage_taken":11,"max_hp_gain":0,"max_hp_loss":0,"event_name":"World of Goop","floor":3,"gold_loss":0},{"damage_healed":0,"gold_gain":0,"player_choice":"Trade","damage_taken":0,"relics_obtained":["GremlinMask"],"max_hp_gain":0,"max_hp_loss":0,"event_name":"FaceTrader","floor":5,"gold_loss":0},{"cards_removed":["Clumsy"],"damage_healed":0,"gold_gain":0,"player_choice":"Gave Gold","damage_taken":0,"max_hp_gain":0,"max_hp_loss":0,"event_name":"Beggar","floor":21,"gold_loss":75},{"damage_healed":0,"gold_gain":0,"player_choice":"Opened","damage_taken":0,"relics_obtained":["Smiling Mask"],"max_hp_gain":0,"max_hp_loss":0,"event_name":"The Mausoleum","floor":30,"gold_loss":0,"cards_obtained":["Writhe"]}],"is_beta":false,"boss_relics":[{"not_picked":["Eternal Feather","Fusion Hammer"],"picked":"Orrery"}],"items_purged_floors":[4,19],"is_endless":false,"potions_floor_spawned":[11,14,24,29],"killed_by":"Slavers","ascension_level":0}