{"gold_per_floor":[110,110,110,110,125,165,165,188,214,214,229,229,273,287,287,407,407,423,423,448,29,29,29,29,29,54,54,54,75,75,75],"floor_reached":31,"playtime":1590,"items_purged":[],"score":295,"play_id":"f65a40e8-8d03-4c27-b9e1-ac056259833a","local_time":"20190601084556","is_ascension_mode":true,"campfire_choices":[{"floor":7.0,"key":"REST"},{"floor":12.0,"key":"REST"},{"floor":15.0,"key":"REST"},{"floor":23.0,"key":"REST"},{"floor":28.0,"key":"REST"},{"floor":30.0,"key":"RECALL"}],"neow_cost":"TEN_PERCENT_HP_LOSS","seed_source_timestamp":0,"circlet_count":0,"master_deck":["Strike_R","Strike_R","Strike_R+1","Strike_R","Defend_R+1","Defend_R","Defend_R","Defend_R","Bash","Inflame","Sword Boomerang","Shrug It Off","Iron Wave","Metallicize","Spot Weakness","Flex","Anger","Whirlwind","Iron Wave","Dual Wield","Double Tap","Dual Wield","Flex+1","Flex","Wild Strike+1","Sentinel","Clash"],"special_seed":0,"relics":["Burning Blood","Champion Belt","Golden Idol","Dream Catcher","Oddly Smooth Stone","Bronze Scales","White Beast Statue","Pantograph","Happy Flower"],"potions_floor_usage":[31],"damage_taken":[{"damage":6.0,"enemies":"Jaw Worm","floor":1.0,"turns":4.0},{"damage":4.0,"enemies":"Small Slimes","floor":5.0,"turns":3.0},{"damage":39.0,"enemies":"Gremlin Nob","floor":6.0,"turns":5.0},{"damage":6.0,"enemies":"2 Louse","floor":8.0,"turns":3.0},{"damage":11.0,"enemies":"Exordium Thugs","floor":11.0,"turns":6.0},{"damage":0.0,"enemies":"Lagavulin","floor":13.0,"turns":6.0},{"damage":3.0,"enemies":"Blue Slaver","floor":14.0,"turns":3.0},{"damage":35.0,"enemies":"Slime Boss","floor":16.0,"turns":7.0},{"damage":13.0,"enemies":"Shell Parasite","floor":18.0,"turns":4.0},{"damage":27.0,"enemies":"2 Thieves","floor":20.0,"turns":3.0},{"damage":43.0,"enemies":"Colosseum Slavers","floor":22.0,"turns":5.0},{"damage":0.0,"enemies":"Chosen and Byrds","floor":27.0,"turns":1.0},{"damage":27.0,"enemies":"Centurion and Healer","floor":29.0,"turns":9.0},{"damage":34,"enemies":"Snecko","floor":31,"turns":5}],"seed_played":"-1236179490640154416","potions_obtained":[{"floor":5.0,"key":"Swift Potion"},{"floor":6.0,"key":"SpeedPotion"},{"floor":11.0,"key":"Fire Potion"},{"floor":16.0,"key":"SmokeBomb"},{"floor":18.0,"key":"AttackPotion"},{"floor":20.0,"key":"Strength Potion"},{"floor":29.0,"key":"Explosive Potion"}],"is_trial":false,"path_per_floor":["M","?","?","?","M","E","R","M","T","?","M","R","E","M","R","B",null,"M","?","M","$","?","R","?","$","T","M","R","M","R","M"],"character_chosen":"IRONCLAD","items_purchased":["Pantograph","Flex","Happy Flower"],"campfire_rested":5,"item_purchase_floors":[21,21,21],"current_hp_per_floor":[72,72,72,54,56,23,44,44,44,30,25,46,52,55,72,43,72,65,65,44,44,7,28,28,28,28,34,55,34,34,0],"gold":75,"neow_bonus":"ONE_RARE_RELIC","is_prod":false,"is_daily":false,"chose_seed":false,"campfire_upgraded":0,"win_rate":0,"timestamp":1559393156,"path_taken":["M","?","?","?","M","E","R","M","T","?","M","R","E","M","R","BOSS","M","?","M","$","?","R","?","$","T","M","R","M","R","M"],"build_version":"2019-01-23","purchased_purges":0,"victory":false,"max_hp_per_floor":[72,72,72,72,72,72,72,72,72,72,72,72,72,72,72,72,72,72,72,72,72,72,72,72,72,72,72,72,72,72,72],"card_choices":[{"not_picked":["True Grit","Burning Pact"],"picked":"Inflame","floor":1.0},{"not_picked":["Pommel Strike","Burning Pact"],"picked":"Shrug It Off","floor":5.0},{"not_picked":["Warcry","Disarm"],"picked":"Iron Wave","floor":6.0},{"not_picked":["Body Slam","Shrug It Off"],"picked":"Metallicize","floor":7.0},{"not_picked":["Pummel","Havoc"],"picked":"Spot Weakness","floor":8.0},{"not_picked":["Burning Pact","Perfected Strike"],"picked":"Flex","floor":11.0},{"not_picked":["Body Slam","Feed"],"picked":"Anger","floor":12.0},{"not_picked":["Pummel","Sword Boomerang"],"picked":"Whirlwind","floor":13.0},{"not_picked":["Twin Strike","Warcry"],"picked":"Iron Wave","floor":14.0},{"not_picked":["Perfected Strike","Pummel"],"picked":"Dual Wield","floor":15.0},{"not_picked":["Dark Embrace","Impervious"],"picked":"Double Tap","floor":16.0},{"not_picked":["True Grit","Rage"],"picked":"Dual Wield","floor":18.0},{"not_picked":["Pummel","Body Slam+1"],"picked":"Flex+1","floor":20.0},{"not_picked":["Havoc","Clothesline"],"picked":"Wild Strike+1","floor":23.0},{"not_picked":["Wild Strike","Whirlwind+1"],"picked":"Sentinel","floor":28.0},{"not_picked":["Pommel Strike","Body Slam"],"picked":"Clash","floor":29.0}],"player_experience":409868,"relics_obtained":[{"floor":6.0,"key":"Dream Catcher"},{"floor":9.0,"key":"Oddly Smooth Stone"},{"floor":13.0,"key":"Bronze Scales"}],"event_choices":[{"damage_healed":0.0,"max_hp_gain":0.0,"max_hp_loss":0.0,"gold_gain":0.0,"event_name":"Golden Wing","player_choice":"Ignored","floor":2.0,"gold_loss":0.0,"damage_taken":0.0},{"damage_healed":0.0,"max_hp_gain":0.0,"max_hp_loss":0.0,"gold_gain":0.0,"cards_transformed":["Strike_R"],"event_name":"Living Wall","player_choice":"Change","floor":3.0,"gold_loss":0.0,"damage_taken":0.0,"cards_obtained":["Sword Boomerang"]},{"damage_healed":0.0,"max_hp_gain":0.0,"max_hp_loss":0.0,"gold_gain":0.0,"event_name":"Golden Idol","player_choice":"Take Damage","floor":4.0,"gold_loss":0.0,"damage_taken":18.0,"relics_obtained":["Golden Idol"]},{"damage_healed":0.0,"max_hp_gain":0.0,"max_hp_loss":0.0,"gold_gain":0.0,"event_name":"Shining Light","player_choice":"Entered Light","floor":10.0,"gold_loss":0.0,"damage_taken":14.0,"cards_upgraded":["Defend_R","Strike_R"]},{"damage_healed":0.0,"max_hp_gain":0.0,"max_hp_loss":0.0,"gold_gain":0.0,"event_name":"Vampires","player_choice":"Ignored","floor":19.0,"gold_loss":0.0,"damage_taken":0.0},{"damage_healed":0.0,"max_hp_gain":0.0,"max_hp_loss":0.0,"gold_gain":0.0,"event_name":"Colosseum","player_choice":"Fight","floor":22.0,"gold_loss":0.0,"damage_taken":0.0},{"damage_healed":0.0,"max_hp_gain":0.0,"max_hp_loss":0.0,"gold_gain":0.0,"event_name":"Colosseum","player_choice":"Fled From Nobs","floor":22.0,"gold_loss":0.0,"damage_taken":0.0},{"damage_healed":0.0,"max_hp_gain":0.0,"max_hp_loss":0.0,"gold_gain":0.0,"event_name":"The Mausoleum","player_choice":"Ignored","floor":24.0,"gold_loss":0.0,"damage_taken":0.0}],"is_beta":false,"boss_relics":[{"not_picked":["Philosopher\u0027s Stone","Eternal Feather"],"picked":"White Beast Statue"}],"items_purged_floors":[],"is_endless":false,"potions_floor_spawned":[5,6,11,16,18,20,22,27,29],"killed_by":"Snecko","ascension_level":2}