{"gold_per_floor":[114,132,132,132,151,151,162,162,162,188,200,212,224,269,281,389,401,425,437,449,461,473,485],"floor_reached":23,"playtime":1074,"items_purged":[],"score":227,"play_id":"b4bdd326-ee98-48d0-9732-1de95cf3fa97","local_time":"20181117112026","is_ascension_mode":true,"campfire_choices":[{"data":"Iron Wave","floor":6,"key":"SMITH"},{"data":"Ghostly Armor","floor":8,"key":"SMITH"},{"data":"Body Slam","floor":13,"key":"SMITH"},{"data":"Battle Trance","floor":15,"key":"SMITH"}],"neow_cost":"PERCENT_DAMAGE","seed_source_timestamp":220454317755419,"circlet_count":0,"master_deck":["Strike_R","Strike_R","Strike_R","Strike_R","Defend_R","Defend_R","Defend_R","Defend_R","Bash","Pummel","Armaments+1","Hemokinesis","Iron Wave+1","Ghostly Armor+1","Body Slam+1","Battle Trance+1","Feed","Shame","Fire Breathing"],"relics":["Burning Blood","Du-Vu Doll","MawBank","Sundial","Potion Belt","Black Star","Lantern"],"potions_floor_usage":[14,16,22,23],"damage_taken":[{"damage":6,"enemies":"Jaw Worm","floor":1,"turns":5},{"damage":0,"enemies":"Cultist","floor":2,"turns":4},{"damage":3,"enemies":"2 Louse","floor":5,"turns":2},{"damage":12,"enemies":"Exordium Wildlife","floor":7,"turns":3},{"damage":2,"enemies":"Gremlin Gang","floor":10,"turns":8},{"damage":18,"enemies":"3 Sentries","floor":14,"turns":8},{"damage":44,"enemies":"The Guardian","floor":16,"turns":15},{"damage":11,"enemies":"Chosen","floor":18,"turns":4},{"damage":0,"enemies":"2 Thieves","floor":22,"turns":1},{"damage":102,"enemies":"Book of Stabbing","floor":23,"turns":7}],"seed_played":"-2469341126639560852","potions_obtained":[{"floor":1,"key":"Regen Potion"},{"floor":7,"key":"SmokeBomb"},{"floor":10,"key":"LiquidBronze"},{"floor":14,"key":"Regen Potion"}],"is_trial":false,"path_per_floor":["M","M","?","?","M","R","M","R","T","M","$","?","R","E","R","B",null,"M","?","$","?","M","E"],"character_chosen":"IRONCLAD","items_purchased":[],"campfire_rested":0,"item_purchase_floors":[],"current_hp_per_floor":[56,62,62,62,65,65,59,59,59,63,63,60,60,48,48,22,80,79,79,79,79,84,0],"gold":485,"neow_bonus":"ONE_RARE_RELIC","is_prod":false,"is_daily":false,"chose_seed":false,"campfire_upgraded":4,"win_rate":0,"timestamp":1542471626,"path_taken":["M","M","?","?","M","R","M","R","T","?","$","?","R","E","R","BOSS","M","?","$","?","M","E"],"build_version":"2018-11-15","purchased_purges":0,"victory":false,"max_hp_per_floor":[80,80,80,80,80,80,80,80,80,80,80,80,80,80,80,80,80,84,84,84,84,84,84],"card_choices":[{"not_picked":["Hemokinesis","Feel No Pain"],"picked":"Pummel","floor":1},{"not_picked":["Evolve","Sword Boomerang"],"picked":"Armaments","floor":2},{"not_picked":["Perfected Strike","Feel No Pain"],"picked":"Iron Wave","floor":5},{"not_picked":["Sword Boomerang","Pommel Strike"],"picked":"Ghostly Armor","floor":7},{"not_picked":["Thunderclap","Warcry"],"picked":"Body Slam","floor":10},{"not_picked":["Wild Strike","Infernal Blade"],"picked":"Battle Trance","floor":14},{"not_picked":["Brutality","Limit Break"],"picked":"Feed","floor":16},{"not_picked":["Anger","Pommel Strike","Whirlwind"],"picked":"SKIP","floor":18}],"player_experience":490537,"relics_obtained":[{"floor":9,"key":"MawBank"},{"floor":14,"key":"Potion Belt"}],"event_choices":[{"damage_healed":0,"gold_gain":0,"cards_transformed":["Strike_R"],"player_choice":"Change","damage_taken":0,"max_hp_gain":0,"max_hp_loss":0,"event_name":"Living Wall","floor":3,"gold_loss":0,"cards_obtained":["Hemokinesis"]},{"damage_healed":0,"gold_gain":0,"player_choice":"Forge","damage_taken":0,"max_hp_gain":0,"max_hp_loss":0,"event_name":"Accursed Blacksmith","floor":4,"gold_loss":0,"cards_upgraded":["Armaments"]},{"damage_healed":0,"gold_gain":0,"player_choice":"Success","damage_taken":3,"relics_obtained":["Sundial"],"max_hp_gain":0,"max_hp_loss":0,"event_name":"Scrap Ooze","floor":12,"gold_loss":0},{"damage_healed":0,"gold_gain":0,"player_choice":"Stole Relic","damage_taken":0,"relics_obtained":["Lantern"],"max_hp_gain":0,"max_hp_loss":0,"event_name":"Addict","floor":19,"gold_loss":0,"cards_obtained":["Shame"]},{"damage_healed":0,"gold_gain":0,"player_choice":"Read","damage_taken":0,"max_hp_gain":0,"max_hp_loss":0,"event_name":"The Library","floor":21,"gold_loss":0,"cards_obtained":["Fire Breathing"]}],"is_beta":true,"boss_relics":[{"not_picked":["Runic Pyramid","Philosopher\u0027s Stone"],"picked":"Black Star"}],"items_purged_floors":[],"is_endless":false,"potions_floor_spawned":[1,7,10,14,22],"killed_by":"Book of Stabbing","ascension_level":4}