{"path_per_floor":["M","M","?","?","M","R","M","?","T","$","M","$","R","?","R","B",null,"M","$","M","M","$","R","M","?","T","$","M","R","M","?","R","B",null,"M","M","?","M","?","R","M","$","T","R","?","M","R","M","R"],"character_chosen":"DEFECT","items_purchased":["Happy Flower","Bag of Preparation","Orichalcum","Bronze Scales","Storm","Cables"],"gold_per_floor":[213,230,305,367,380,380,394,364,364,219,229,76,76,326,326,425,425,436,361,378,397,94,94,111,111,111,43,59,59,74,74,74,170,200,213,227,274,285,285,285,301,54,103,103,103,114,114,128,128,128],"floor_reached":50,"campfire_rested":7,"playtime":3808,"current_hp_per_floor":[68,68,57,57,57,57,50,50,50,50,43,43,43,43,43,3,75,51,51,31,17,17,39,18,18,18,18,7,29,37,37,59,28,80,64,44,21,11,11,35,17,17,17,41,41,15,39,27,51,0],"items_purged":["Regret"],"gold":128,"score":459,"play_id":"1dc064bd-dce0-479f-b54f-cda85087226b","local_time":"20180511020334","is_prod":false,"is_daily":false,"chose_seed":false,"is_ascension_mode":false,"campfire_upgraded":3,"timestamp":1526018614,"path_taken":["M","M","?","?","M","R","M","?","T","?","?","$","R","?","R","BOSS","M","$","M","M","$","R","M","?","T","$","M","R","M","?","R","BOSS","M","M","?","M","?","R","M","$","T","R","?","M","R","M","R","BOSS"],"build_version":"2018-05-10","seed_source_timestamp":23586035391347,"purchased_purges":1,"victory":false,"master_deck":["Strike_B","Strike_B+1","Strike_B","Strike_B","Defend_B","Defend_B","Defend_B","Defend_B","Zap","Dualcast","Streamline+1","Sweeping Beam","Redo+1","Cold Snap","Streamline+1","Echo Form","Sweeping Beam+1","Static Discharge+1","Sweeping Beam","Loop","Storm","White Noise","Nova","Aggregate","Self Repair+1","Heatsinks","Finesse"],"max_hp_per_floor":[75,75,75,75,75,75,75,75,75,75,75,75,75,75,75,75,75,75,75,75,75,75,75,75,75,75,75,75,75,75,75,75,75,80,80,80,80,80,80,80,80,80,80,80,80,80,80,80,80,80],"relics":["Cracked Core","Unceasing Top","Happy Flower","Bag of Preparation","Inserter","Orichalcum","Bronze Scales","Bird Faced Urn","Tiny House","Peace Pipe","Cables","Juzu Bracelet"],"card_choices":[{"not_picked":["Skim","Stack"],"picked":"Streamline","floor":1},{"not_picked":["Steam","Nova"],"picked":"Sweeping Beam","floor":2},{"not_picked":["Capacitor","Skim"],"picked":"Redo","floor":5},{"not_picked":["Turbo","Barrage"],"picked":"Cold Snap","floor":7},{"not_picked":["Steam","Beam Cell"],"picked":"Streamline","floor":11},{"not_picked":["Multi-Cast","Biased Cognition"],"picked":"Echo Form","floor":16},{"not_picked":["Skim","Gash"],"picked":"Sweeping Beam","floor":18},{"not_picked":["Axe Kick","Doom and Gloom"],"picked":"Static Discharge","floor":20},{"not_picked":["Ball Lightning","Recycle"],"picked":"Sweeping Beam","floor":21},{"not_picked":["Impulse","Streamline"],"picked":"Loop","floor":24},{"not_picked":["Capacitor","Leap"],"picked":"White Noise","floor":28},{"not_picked":["Meteor Strike","Biased Cognition"],"picked":"Nova","floor":33},{"not_picked":["Cold Snap","Skim"],"picked":"Aggregate","floor":35},{"not_picked":["Aggregate","Darkness"],"picked":"Self Repair","floor":36},{"not_picked":["Leap","Biased Cognition"],"picked":"Heatsinks","floor":41},{"not_picked":["Secret Technique","Blind"],"picked":"Finesse","floor":45}],"player_experience":48149,"potions_floor_usage":[16,16,20,28,28,28,28,28,33,35,37,50,50],"damage_taken":[{"damage":7,"enemies":"Jaw Worm","floor":1,"turns":4},{"damage":0,"enemies":"Cultist","floor":2,"turns":3},{"damage":0,"enemies":"Small Slimes","floor":5,"turns":2},{"damage":7,"enemies":"2 Fungi Beasts","floor":7,"turns":2},{"damage":7,"enemies":"Red Slaver","floor":11,"turns":3},{"damage":40,"enemies":"The Guardian","floor":16,"turns":9},{"damage":24,"enemies":"Chosen","floor":18,"turns":5},{"damage":20,"enemies":"2 Thieves","floor":20,"turns":4},{"damage":14,"enemies":"3 Cultists","floor":21,"turns":4},{"damage":21,"enemies":"Snake Plant","floor":24,"turns":2},{"damage":19,"enemies":"Snecko","floor":28,"turns":4},{"damage":18,"enemies":"Centurion and Healer","floor":30,"turns":7},{"damage":43,"enemies":"Champ","floor":33,"turns":8},{"damage":19,"enemies":"Flame Bruiser 1 Orb","floor":35,"turns":2},{"damage":35,"enemies":"Orb Walker","floor":36,"turns":4},{"damage":52,"enemies":"Mysterious Sphere","floor":37,"turns":4},{"damage":18,"enemies":"Sphere and 2 Shapes","floor":38,"turns":3},{"damage":40,"enemies":"Maw","floor":41,"turns":8},{"damage":30,"enemies":"4 Shapes","floor":46,"turns":3},{"damage":34,"enemies":"Flame Bruiser 2 Orb","floor":48,"turns":5},{"damage":84,"enemies":"Donu and Deca","floor":50,"turns":4}],"event_choices":[{"event_name":"World of Goop","player_choice":"Gather Gold","floor":3,"damage_taken":0},{"event_name":"Golden Wing","player_choice":"Gained Gold","floor":4,"damage_taken":0},{"event_name":"The Woman in Blue","player_choice":"Bought 2 Potions","floor":8,"damage_taken":0},{"event_name":"Golden Shrine","player_choice":"Desecrate","floor":14,"damage_taken":0},{"event_name":"The Lab","player_choice":"Got Potions","floor":25,"damage_taken":0},{"event_name":"Beggar","player_choice":"Ignored","floor":31,"damage_taken":0},{"event_name":"Mysterious Sphere","player_choice":"Fight","floor":37,"damage_taken":0},{"event_name":"Tomb of Lord Red Mask","player_choice":"Ignored","floor":39,"damage_taken":0},{"event_name":"SensoryStone","player_choice":"Memory 1","floor":45,"damage_taken":0}],"boss_relics":[{"not_picked":["Sozu","Cursed Key"],"picked":"Inserter"},{"not_picked":["Eternal Feather","Astrolabe"],"picked":"Tiny House"}],"potions_floor_spawned":[2,16,24,33,35,36,41],"seed_played":"-2177904111635285944","killed_by":"Donu and Deca","ascension_level":0,"is_trial":false}