{"gold_per_floor":[109,109,109,122,134,168,318,318,399,399,164,239,254,264,264,343,343,302,371,387,387,387],"floor_reached":22,"playtime":1203,"items_purged":["Doubt"],"score":468,"play_id":"b493cbc7-cb01-4de7-91fe-f9267feaf290","local_time":"20190713232200","is_ascension_mode":true,"campfire_choices":[{"data":"Loop","floor":8.0,"key":"SMITH"},{"data":"Conserve Battery","floor":15.0,"key":"SMITH"}],"neow_cost":"NONE","seed_source_timestamp":473902788444200,"circlet_count":0,"master_deck":["AscendersBane","Strike_B","Strike_B","Strike_B","Defend_B","Defend_B","Defend_B","Defend_B","Zap","Dualcast","Fission","Stack","Creative AI","Loop+1","Reprogram","Conserve Battery+1","Parasite","Compile Driver","Leap","Echo Form","Beam Cell","Conserve Battery","Decay"],"special_seed":0,"relics":["FrozenCore","Letter Opener","Bottled Tornado","Shuriken","Oddly Smooth Stone","Sundial"],"potions_floor_usage":[22],"damage_taken":[{"damage":7.0,"enemies":"Jaw Worm","floor":1.0,"turns":4.0},{"damage":2.0,"enemies":"2 Louse","floor":4.0,"turns":3.0},{"damage":19.0,"enemies":"Small Slimes","floor":5.0,"turns":3.0},{"damage":12.0,"enemies":"Lagavulin","floor":6.0,"turns":7.0},{"damage":19.0,"enemies":"Exordium Thugs","floor":13.0,"turns":6.0},{"damage":10.0,"enemies":"Red Slaver","floor":14.0,"turns":4.0},{"damage":0.0,"enemies":"The Guardian","floor":16.0,"turns":12.0},{"damage":13.0,"enemies":"2 Thieves","floor":18.0,"turns":5.0},{"damage":21,"enemies":"Shell Parasite","floor":20,"turns":11},{"damage":31,"enemies":"3 Cultists","floor":22,"turns":4}],"seed_played":"-7720263779037346835","potions_obtained":[{"floor":4.0,"key":"FocusPotion"},{"floor":6.0,"key":"Ancient Potion"},{"floor":14.0,"key":"SkillPotion"},{"floor":20,"key":"SkillPotion"}],"is_trial":false,"path_per_floor":["M","?","T","M","M","E","?","R","T","?","$","?","M","M","R","B",null,"M","T","M","?","M"],"character_chosen":"DEFECT","items_purchased":["Oddly Smooth Stone"],"campfire_rested":0,"item_purchase_floors":[11],"current_hp_per_floor":[57,57,57,55,36,24,24,24,24,41,41,30,11,1,1,1,54,41,41,20,20,0],"gold":387,"neow_bonus":"ONE_RANDOM_RARE_CARD","is_prod":false,"is_daily":false,"chose_seed":false,"campfire_upgraded":2,"win_rate":0,"timestamp":1563074520,"path_taken":["M","?","?","M","M","E","?","R","T","?","?","?","?","M","R","BOSS","M","?","M","?","M"],"build_version":"2019-07-10","purchased_purges":1,"victory":false,"max_hp_per_floor":[71,71,71,71,71,71,71,71,71,71,71,71,71,71,71,71,71,71,71,71,71,71],"card_choices":[{"not_picked":["Compile Driver","Steam"],"picked":"Stack","floor":1.0},{"not_picked":["Steam","Leap"],"picked":"Loop","floor":4.0},{"not_picked":["Hologram","Steam"],"picked":"Reprogram","floor":5.0},{"not_picked":["Streamline","Compile Driver"],"picked":"Conserve Battery","floor":6.0},{"not_picked":["Rebound","Chaos"],"picked":"Compile Driver","floor":13.0},{"not_picked":["All For One","Blizzard"],"picked":"Leap","floor":14.0},{"not_picked":["Core Surge","All For One"],"picked":"Echo Form","floor":16.0},{"not_picked":["Sunder","Consume"],"picked":"Beam Cell","floor":18.0},{"not_picked":["Redo","Tempest"],"picked":"Conserve Battery","floor":20}],"player_experience":1086069,"relics_obtained":[{"floor":3.0,"key":"Letter Opener"},{"floor":6.0,"key":"Bottled Tornado"},{"floor":9.0,"key":"Shuriken"},{"floor":19.0,"key":"Sundial"}],"event_choices":[{"damage_healed":0.0,"max_hp_gain":0.0,"max_hp_loss":0.0,"gold_gain":0.0,"cards_transformed":["Strike_B"],"event_name":"Living Wall","player_choice":"Change","floor":2.0,"gold_loss":0.0,"damage_taken":0.0,"cards_obtained":["Creative AI"]},{"damage_healed":0.0,"max_hp_gain":0.0,"max_hp_loss":0.0,"gold_gain":150.0,"event_name":"Liars Game","player_choice":"AGREE","floor":7.0,"gold_loss":0.0,"damage_taken":0.0,"cards_obtained":["Doubt"]},{"damage_healed":17.0,"max_hp_gain":0.0,"max_hp_loss":0.0,"gold_gain":0.0,"event_name":"Mushrooms","player_choice":"Healed and dodged fight","floor":10.0,"gold_loss":0.0,"damage_taken":0.0,"cards_obtained":["Parasite"]},{"damage_healed":0.0,"max_hp_gain":0.0,"max_hp_loss":0.0,"gold_gain":75.0,"event_name":"World of Goop","player_choice":"Gather Gold","floor":12.0,"gold_loss":0.0,"damage_taken":11.0},{"damage_healed":0,"gold_gain":0,"player_choice":"Smashed Altar","damage_taken":0,"max_hp_gain":0,"max_hp_loss":0,"event_name":"Forgotten Altar","floor":21,"gold_loss":0,"cards_obtained":["Decay"]}],"is_beta":true,"boss_relics":[{"not_picked":["Ectoplasm","Cursed Key"],"picked":"FrozenCore"}],"items_purged_floors":[11],"is_endless":false,"potions_floor_spawned":[4,6,13,14,20],"killed_by":"3 Cultists","ascension_level":20}