{"gold_per_floor":[109,109,109,121,121,156,169,169,169,188,188,208,243,318,318,414,414,431,530,490,490,46,46,65,79,103,103,50,81,97,113,113,208,208,226,70,80,5,5,36,36,36,36,36,82,82,82,82,82,82],"floor_reached":50,"playtime":3310,"items_purged":[],"score":644,"play_id":"e81e207b-b454-4990-9395-09fe92230cb2","local_time":"20180915230745","is_ascension_mode":false,"campfire_choices":[{"data":"Thunderclap","floor":8.0,"key":"SMITH"},{"floor":11.0,"key":"REST"},{"floor":15.0,"key":"REST"},{"data":"Flex","floor":23.0,"key":"SMITH"},{"data":"Searing Blow+1","floor":27.0,"key":"SMITH"},{"data":"Fire Breathing","floor":32.0,"key":"SMITH"},{"data":"Demon Form","floor":41,"key":"SMITH"},{"data":"Forethought","floor":46,"key":"SMITH"},{"data":"Searing Blow+3","floor":49,"key":"SMITH"}],"neow_cost":"NONE","seed_source_timestamp":392736660691486,"circlet_count":0,"master_deck":["Strike_R+1","Strike_R+1","Strike_R+1","Strike_R+1","Strike_R+1","Defend_R+1","Defend_R+1","Defend_R+1","Bash+1","Twin Strike+1","Thunderclap+1","Cleave+1","Pommel Strike+1","Pommel Strike+1","Clash+1","Iron Wave+1","Bludgeon+1","Flex+1","Flex+1","Searing Blow+4","Clash+1","Flex+1","Fire Breathing+1","Demon Form+1","Flex+1","Flex+1","Flex+1","Cleave+1","Iron Wave+1","Twin Strike+1","Perfected Strike+1","Fire Breathing+1","Flame Barrier+1","Forethought+1","Inflame"],"special_seed":0,"relics":["Burning Blood","NeowsBlessing","Question Card","Bag of Preparation","Molten Egg 2","Happy Flower","Eternal Feather","Meat on the Bone","PreservedInsect","Potion Belt","Centennial Puzzle","Orrery","Anchor","Bird Faced Urn","Strawberry","Bottled Flame","Juzu Bracelet","Mark of the Bloom"],"potions_floor_usage":[33,33,33,33,50,50],"damage_taken":[{"damage":0.0,"enemies":"Small Slimes","floor":1.0,"turns":1.0},{"damage":0.0,"enemies":"2 Louse","floor":4.0,"turns":1.0},{"damage":0.0,"enemies":"Gremlin Nob","floor":6.0,"turns":1.0},{"damage":11.0,"enemies":"Jaw Worm","floor":7.0,"turns":2.0},{"damage":22.0,"enemies":"Exordium Wildlife","floor":10.0,"turns":3.0},{"damage":17.0,"enemies":"Gremlin Gang","floor":12.0,"turns":2.0},{"damage":18.0,"enemies":"Lagavulin","floor":13.0,"turns":4.0},{"damage":0.0,"enemies":"Slime Boss","floor":16.0,"turns":3.0},{"damage":23.0,"enemies":"2 Thieves","floor":18.0,"turns":3.0},{"damage":3.0,"enemies":"Spheric Guardian","floor":24.0,"turns":3.0},{"damage":10.0,"enemies":"Snecko","floor":25.0,"turns":3.0},{"damage":18.0,"enemies":"Book of Stabbing","floor":29.0,"turns":3.0},{"damage":8.0,"enemies":"Cultist and Chosen","floor":30.0,"turns":4.0},{"damage":11.0,"enemies":"Snake Plant","floor":31.0,"turns":3.0},{"damage":75,"enemies":"Collector","floor":33,"turns":10},{"damage":43,"enemies":"3 Darklings","floor":35,"turns":4},{"damage":18,"enemies":"Orb Walker","floor":37,"turns":3},{"damage":6,"enemies":"2 Orb Walkers","floor":40,"turns":3},{"damage":101,"enemies":"Donu and Deca","floor":50,"turns":6}],"seed_played":"-3798432486378604640","potions_obtained":[{"floor":6.0,"key":"AttackPotion"},{"floor":7.0,"key":"AttackPotion"},{"floor":13.0,"key":"BloodPotion"},{"floor":24.0,"key":"LiquidBronze"},{"floor":25.0,"key":"SteroidPotion"},{"floor":30.0,"key":"AttackPotion"},{"floor":31.0,"key":"BloodPotion"},{"floor":33,"key":"Energy Potion"},{"floor":37,"key":"Energy Potion"}],"is_trial":false,"path_per_floor":["M","$","?","M","?","E","M","R","T","M","R","M","E","?","R","B",null,"M","?","?","?","$","R","M","M","T","R","$","E","M","M","R","B",null,"M","$","M","$","T","E","R","?","T","?","T","R","?","?","R"],"character_chosen":"IRONCLAD","items_purchased":["Meat on the Bone","PreservedInsect","Flex","Flex","Anchor","Fire Breathing"],"campfire_rested":2,"item_purchase_floors":[22,22,22,28,36,38],"current_hp_per_floor":[80,80,47,53,53,59,54,54,54,38,62,51,39,28,52,66,80,63,63,63,63,63,75,78,74,74,80,80,68,66,61,73,24,80,55,55,55,55,55,64,82,82,82,82,82,87,87,87,87,0],"gold":82,"neow_bonus":"THREE_ENEMY_KILL","is_prod":false,"is_daily":false,"chose_seed":false,"campfire_upgraded":7,"win_rate":0.0,"timestamp":1537070865,"path_taken":["M","$","?","M","?","E","?","R","T","M","R","M","E","?","R","BOSS","M","?","?","?","?","R","M","?","T","R","$","E","M","M","R","BOSS","M","$","M","$","?","E","R","?","T","?","?","R","?","?","R","BOSS"],"build_version":"2018-09-06","purchased_purges":0,"victory":false,"max_hp_per_floor":[80,80,80,80,80,80,80,80,80,80,80,80,80,80,80,80,80,80,80,80,80,80,80,80,80,80,80,80,80,80,80,80,80,80,80,80,80,80,80,87,87,87,87,87,87,87,87,87,87,87],"card_choices":[{"not_picked":["Clash","Warcry"],"picked":"Twin Strike","floor":1.0},{"not_picked":["Warcry","Sword Boomerang","Bloodletting"],"picked":"Thunderclap","floor":4.0},{"not_picked":["Entrench","Second Wind","Feed"],"picked":"Cleave","floor":6.0},{"not_picked":["Anger","Seeing Red","Disarm"],"picked":"Pommel Strike","floor":7.0},{"not_picked":["Armaments","Heavy Blade+1","Warcry"],"picked":"Pommel Strike+1","floor":10.0},{"not_picked":["Pummel+1","Sword Boomerang+1","Feel No Pain"],"picked":"Clash+1","floor":12.0},{"not_picked":["Dark Embrace","Second Wind","True Grit"],"picked":"Iron Wave+1","floor":13.0},{"not_picked":["Feed+1","Berserk","Immolate+1"],"picked":"Bludgeon+1","floor":16.0},{"not_picked":["Battle Trance","Pommel Strike+1","Combust"],"picked":"Flex","floor":18.0},{"not_picked":["Wild Strike+1","Entrench","Pummel+1"],"picked":"Searing Blow+1","floor":24.0},{"not_picked":["Flame Barrier+1","Thunderclap+1","Twin Strike+1"],"picked":"Clash+1","floor":25.0},{"not_picked":["Power Through","Rupture","Dual Wield","Sever Soul+1"],"picked":"SKIP","floor":29.0},{"not_picked":["Heavy Blade+1","Wild Strike+1","Blood for Blood+1","Entrench"],"picked":"SKIP","floor":30.0},{"not_picked":["Body Slam+1","Ghostly Armor","Cleave+1"],"picked":"Fire Breathing","floor":31.0},{"not_picked":["Feed+1","Fiend Fire+1","Dark Embrace"],"picked":"Demon Form","floor":33},{"not_picked":["Shrug It Off","Pommel Strike+1","Warcry"],"picked":"Flex","floor":34},{"not_picked":["Sword Boomerang+1","Flame Barrier","Pummel+1"],"picked":"Flex+1","floor":34},{"not_picked":["Flame Barrier","Carnage+1","Shrug It Off+1"],"picked":"Flex","floor":34},{"not_picked":["Whirlwind+1","Sword Boomerang+1","Feel No Pain+1"],"picked":"Cleave+1","floor":34},{"not_picked":["Wild Strike+1","Shrug It Off+1","Pommel Strike+1"],"picked":"Iron Wave+1","floor":34},{"not_picked":["Inflame+1","Pommel Strike+1","Hemokinesis+1"],"picked":"Twin Strike+1","floor":35},{"not_picked":["Fiend Fire+1","Cleave+1","Seeing Red+1"],"picked":"Perfected Strike+1","floor":37},{"not_picked":["Armaments+1","Clothesline+1","Feel No Pain+1"],"picked":"Flame Barrier","floor":40},{"not_picked":["Violence","Secret Weapon","Magnetism"],"picked":"Forethought","floor":44}],"player_experience":27770,"relics_obtained":[{"floor":6.0,"key":"Bag of Preparation"},{"floor":9.0,"key":"Molten Egg 2"},{"floor":13.0,"key":"Happy Flower"},{"floor":26.0,"key":"Potion Belt"},{"floor":29.0,"key":"Centennial Puzzle"},{"floor":39,"key":"Bird Faced Urn"},{"floor":40,"key":"Strawberry"},{"floor":43,"key":"Bottled Flame"},{"floor":45,"key":"Juzu Bracelet"}],"event_choices":[{"event_name":"Scrap Ooze","player_choice":"success","floor":3.0,"damage_taken":33.0},{"event_name":"Liars Game","player_choice":"disagreed","floor":5.0,"damage_taken":0.0},{"event_name":"World of Goop","player_choice":"Gather Gold","floor":14.0,"damage_taken":0.0},{"event_name":"Nest","player_choice":"Stole From Cult","floor":19.0,"damage_taken":0.0},{"event_name":"Designer","player_choice":"Upgrade Card","floor":20.0,"damage_taken":0.0},{"event_name":"Ghosts","player_choice":"Ignored","floor":21.0,"damage_taken":0.0},{"event_name":"Falling","player_choice":"Removed Skill","floor":42,"damage_taken":0},{"event_name":"SensoryStone","player_choice":"Memory 1","floor":44,"damage_taken":0},{"event_name":"MindBloom","player_choice":"Upgrade","floor":47,"damage_taken":0},{"event_name":"Match and Keep!","player_choice":"1 cards matched","floor":48,"damage_taken":0}],"is_beta":false,"boss_relics":[{"not_picked":["Empty Cage","Philosopher\u0027s Stone"],"picked":"Eternal Feather"},{"not_picked":["Busted Crown","Tiny House"],"picked":"Orrery"}],"items_purged_floors":[],"is_endless":false,"potions_floor_spawned":[6,7,13,24,25,30,31,33,37],"killed_by":"Donu and Deca","ascension_level":0}