{"gold_per_floor":[147,147,204,204,246,246,246,246,246,246,246,285,100,130,130,436,436,490,490,490,405,680,758,806,911,911,1211,661,718,718,802,802,1087,1087,1144,1144,1144,1204,1204,1294,1294,1372,1419,1578,1677,1192,1249,1249],"floor_reached":48,"playtime":3333,"items_purged":["Regret"],"score":1012,"play_id":"19da4193-00a8-42b3-b166-c63f79ed39b6","local_time":"20190117041604","daily_mods":["SealedDeck","Heirloom","Flight","Midas"],"is_ascension_mode":false,"campfire_choices":[{"floor":6.0,"key":"REST"},{"floor":15.0,"key":"REST"},{"floor":32.0,"key":"REST"}],"neow_cost":"","seed_source_timestamp":0,"circlet_count":0,"master_deck":["Evolve","Thunderclap","Heavy Blade","Pommel Strike","Rage","Battle Trance","Armaments+1","Shrug It Off+1","Flame Barrier","Entrench","True Grit","Offering+1","Feel No Pain","Flame Barrier","Warcry","Barricade+1","Shrug It Off+1","Metallicize","Power Through+1","Warcry+1","Impervious+1","Shrug It Off+1","Shockwave+1","Purity+1","Bandage Up+1","Dual Wield+1","Body Slam+1","Madness+1","Madness+1","Body Slam+1","Shrug It Off+1"],"special_seed":0,"relics":["Burning Blood","Pocketwatch","Letter Opener","Bottled Flame","Shuriken","Blood Vial","Fusion Hammer","Enchiridion","Mercury Hourglass","Toxic Egg 2","StoneCalendar","Gremlin Horn","Prayer Wheel","Frozen Egg 2","Self Forming Clay","Chemical X","Champion Belt","Eternal Feather","Matryoshka","Kunai","Red Skull","MawBank","Gambling Chip","Mummified Hand","Mango","Vajra"],"potions_floor_usage":[44],"damage_taken":[{"damage":0.0,"enemies":"2 Louse","floor":1.0,"turns":2.0},{"damage":0.0,"enemies":"Cultist","floor":3.0,"turns":5.0},{"damage":0.0,"enemies":"Small Slimes","floor":5.0,"turns":4.0},{"damage":6.0,"enemies":"Looter","floor":12.0,"turns":2.0},{"damage":0.0,"enemies":"3 Louse","floor":14.0,"turns":3.0},{"damage":8.0,"enemies":"Hexaghost","floor":16.0,"turns":13.0},{"damage":0.0,"enemies":"Shell Parasite","floor":18.0,"turns":10.0},{"damage":8.0,"enemies":"Book of Stabbing","floor":23.0,"turns":6.0},{"damage":17.0,"enemies":"2 Thieves","floor":24.0,"turns":3.0},{"damage":7.0,"enemies":"Gremlin Leader","floor":25.0,"turns":11.0},{"damage":17.0,"enemies":"Colosseum Slavers","floor":27.0,"turns":4.0},{"damage":16.0,"enemies":"Colosseum Nobs","floor":27.0,"turns":6.0},{"damage":6.0,"enemies":"Cultist and Chosen","floor":29.0,"turns":7.0},{"damage":6.0,"enemies":"Slavers","floor":31.0,"turns":3.0},{"damage":7.0,"enemies":"Automaton","floor":33.0,"turns":14.0},{"damage":5.0,"enemies":"3 Shapes","floor":35.0,"turns":5.0},{"damage":3.0,"enemies":"3 Darklings","floor":38.0,"turns":5.0},{"damage":6.0,"enemies":"Giant Head","floor":40.0,"turns":18.0},{"damage":25,"enemies":"Nemesis","floor":42,"turns":7},{"damage":12,"enemies":"2 Orb Walkers","floor":44,"turns":4},{"damage":0,"enemies":"Giant Head","floor":45,"turns":7},{"damage":0,"enemies":"Maw","floor":47,"turns":5},{"damage":0,"enemies":"Spire Growth","floor":48,"turns":1}],"seed_played":"4144181334003150096","potions_obtained":[{"floor":3.0,"key":"SpeedPotion"},{"floor":16.0,"key":"SkillPotion"},{"floor":18.0,"key":"Swift Potion"},{"floor":29.0,"key":"LiquidBronze"},{"floor":33.0,"key":"Explosive Potion"},{"floor":44,"key":"Block Potion"}],"is_trial":true,"path_per_floor":["M","?","M","?","M","R","?","T","T","?","$","M","$","M","R","B",null,"M","$","?","?","?","E","M","E","T","?","$","M","?","E","R","B",null,"M","?","?","M","?","E","?","E","T","?","E","$","M","M"],"character_chosen":"IRONCLAD","items_purchased":["Flame Barrier","Blood Vial","Self Forming Clay","Warcry+1","Chemical X","Mango","Vajra","Shrug It Off+1"],"campfire_rested":3,"item_purchase_floors":[13,13,28,28,28,46,46,46],"current_hp_per_floor":[80,80,80,80,80,80,64,64,64,52,52,52,52,60,80,78,80,80,80,64,64,64,64,55,56,56,39,39,41,26,28,53,54,85,85,75,75,85,85,85,74,63,63,65,79,93,99,99],"gold":1249,"neow_bonus":"","is_prod":false,"is_daily":false,"chose_seed":false,"campfire_upgraded":0,"win_rate":0,"timestamp":1547716564,"path_taken":["M","?","?","?","M","R","?","?","T","?","?","?","$","M","R","BOSS","M","$","?","?","?","E","?","E","T","?","$","M","?","E","R","BOSS","M","?","?","?","?","E","?","E","T","?","E","?","?","M"],"build_version":"2019-01-16","purchased_purges":1,"victory":false,"max_hp_per_floor":[80,80,80,80,80,80,80,80,80,80,80,80,80,80,80,80,80,80,80,80,80,80,80,80,80,80,80,80,80,85,85,85,85,85,85,85,85,85,85,85,85,85,85,85,85,99,99,99],"card_choices":[{"not_picked":["Shrug It Off","Second Wind"],"picked":"Entrench","floor":1.0},{"not_picked":["Flex","Cleave"],"picked":"True Grit","floor":3.0},{"not_picked":["Anger","Clothesline"],"picked":"Offering","floor":5.0},{"not_picked":["Thunderclap","Cleave"],"picked":"Feel No Pain","floor":12.0},{"not_picked":["Warcry","Havoc","Blood for Blood"],"picked":"SKIP","floor":14.0},{"not_picked":["Havoc","Blood for Blood"],"picked":"Warcry","floor":14.0},{"not_picked":["Offering","Immolate"],"picked":"Barricade","floor":16.0},{"not_picked":["Flex","Clothesline","Anger"],"picked":"SKIP","floor":18.0},{"not_picked":["Heavy Blade","Seeing Red"],"picked":"Shrug It Off","floor":23.0},{"not_picked":["Blood for Blood","Feel No Pain"],"picked":"Metallicize","floor":24.0},{"not_picked":["Iron Wave","Pommel Strike","Berserk"],"picked":"SKIP","floor":25.0},{"not_picked":["Clothesline+1","Evolve"],"picked":"Power Through+1","floor":27.0},{"not_picked":["Corruption+1","Rampage"],"picked":"Fire Breathing+1","floor":29.0},{"not_picked":["Perfected Strike","Headbutt","Thunderclap+1"],"picked":"SKIP","floor":29.0},{"not_picked":["Havoc+1","Headbutt","Twin Strike"],"picked":"SKIP","floor":31.0},{"not_picked":["Exhume+1","Berserk+1"],"picked":"Impervious+1","floor":33.0},{"not_picked":["Wild Strike","Cleave+1"],"picked":"Shrug It Off+1","floor":35.0},{"not_picked":["Clash","Reckless Charge+1"],"picked":"Shockwave+1","floor":35.0},{"not_picked":["Jack Of All Trades+1","Thinking Ahead+1"],"picked":"Purity+1","floor":36.0},{"not_picked":["Madness+1","Secret Weapon+1"],"picked":"Bandage Up+1","floor":36.0},{"not_picked":["Metallicize+1","Sever Soul+1"],"picked":"Dual Wield+1","floor":38.0},{"not_picked":["Hemokinesis+1","Cleave+1","True Grit+1"],"picked":"SKIP","floor":38.0},{"not_picked":["Battle Trance+1","Fire Breathing+1"],"picked":"Body Slam+1","floor":40.0},{"not_picked":["Perfected Strike","Wild Strike","Cleave"],"picked":"SKIP","floor":42},{"not_picked":["Whirlwind+1","Intimidate+1"],"picked":"Body Slam+1","floor":44},{"not_picked":["Headbutt","Warcry+1","Battle Trance+1"],"picked":"SKIP","floor":45},{"not_picked":["Flex+1","Power Through+1","Evolve+1"],"picked":"SKIP","floor":47},{"not_picked":["Clothesline+1","Heavy Blade","Searing Blow"],"picked":"SKIP","floor":47}],"player_experience":839562,"relics_obtained":[{"floor":8.0,"key":"Letter Opener"},{"floor":9.0,"key":"Bottled Flame"},{"floor":20.0,"key":"Enchiridion"},{"floor":23.0,"key":"Toxic Egg 2"},{"floor":25.0,"key":"StoneCalendar"},{"floor":26.0,"key":"Gremlin Horn"},{"floor":27.0,"key":"Prayer Wheel"},{"floor":27.0,"key":"Frozen Egg 2"},{"floor":31.0,"key":"Champion Belt"},{"floor":40.0,"key":"Matryoshka"},{"floor":42,"key":"Kunai"},{"floor":43,"key":"Red Skull"},{"floor":43,"key":"MawBank"},{"floor":44,"key":"Gambling Chip"},{"floor":45,"key":"Mummified Hand"}],"event_choices":[{"cards_removed":["Burning Pact"],"damage_healed":0.0,"max_hp_gain":0.0,"max_hp_loss":0.0,"gold_gain":0.0,"event_name":"Purifier","player_choice":"Purged","floor":2.0,"gold_loss":0.0,"damage_taken":0.0},{"damage_healed":0.0,"max_hp_gain":0.0,"max_hp_loss":0.0,"gold_gain":0.0,"event_name":"Living Wall","player_choice":"Grow","floor":4.0,"gold_loss":0.0,"damage_taken":0.0,"cards_upgraded":["Armaments"]},{"damage_healed":0.0,"max_hp_gain":0.0,"max_hp_loss":0.0,"gold_gain":0.0,"event_name":"Shining Light","player_choice":"Entered Light","floor":7.0,"gold_loss":0.0,"damage_taken":16.0,"cards_upgraded":["Shrug It Off","Offering"]},{"damage_healed":0.0,"max_hp_gain":0.0,"max_hp_loss":0.0,"gold_gain":0.0,"event_name":"Scrap Ooze","player_choice":"Success","floor":10.0,"gold_loss":0.0,"damage_taken":12.0,"relics_obtained":["Shuriken"]},{"damage_healed":0.0,"max_hp_gain":0.0,"max_hp_loss":0.0,"gold_gain":0.0,"event_name":"Cursed Tome","player_choice":"Obtained Book","floor":20.0,"gold_loss":0.0,"damage_taken":16.0},{"damage_healed":0.0,"max_hp_gain":0.0,"max_hp_loss":0.0,"gold_gain":0.0,"event_name":"Addict","player_choice":"Obtained Relic","floor":21.0,"gold_loss":85.0,"damage_taken":0.0,"relics_obtained":["Mercury Hourglass"]},{"damage_healed":0.0,"max_hp_gain":0.0,"max_hp_loss":0.0,"gold_gain":275.0,"event_name":"Golden Shrine","player_choice":"Desecrate","floor":22.0,"gold_loss":0.0,"damage_taken":0.0,"cards_obtained":["Regret"]},{"damage_healed":0.0,"max_hp_gain":0.0,"max_hp_loss":0.0,"gold_gain":0.0,"event_name":"Colosseum","player_choice":"Fight","floor":27.0,"gold_loss":0.0,"damage_taken":0.0},{"damage_healed":0.0,"max_hp_gain":0.0,"max_hp_loss":0.0,"gold_gain":0.0,"event_name":"Colosseum","player_choice":"Fought Nobs","floor":27.0,"gold_loss":0.0,"damage_taken":0.0},{"damage_healed":0.0,"max_hp_gain":5.0,"max_hp_loss":0.0,"gold_gain":0.0,"event_name":"Forgotten Altar","player_choice":"Shed Blood","floor":30.0,"gold_loss":0.0,"damage_taken":20.0},{"damage_healed":0.0,"max_hp_gain":0.0,"max_hp_loss":0.0,"gold_gain":0.0,"event_name":"SensoryStone","player_choice":"Memory 3","floor":36.0,"gold_loss":0.0,"damage_taken":10.0},{"damage_healed":0.0,"max_hp_gain":0.0,"max_hp_loss":0.0,"gold_gain":0.0,"event_name":"Upgrade Shrine","player_choice":"Upgraded","floor":37.0,"gold_loss":0.0,"damage_taken":0.0,"cards_upgraded":["Barricade"]},{"cards_removed":["Fire Breathing"],"damage_healed":0.0,"max_hp_gain":0.0,"max_hp_loss":0.0,"gold_gain":0.0,"event_name":"Falling","player_choice":"Removed Power","floor":39.0,"gold_loss":0.0,"damage_taken":0.0},{"damage_healed":0.0,"max_hp_gain":0.0,"max_hp_loss":0.0,"gold_gain":0.0,"event_name":"Winding Halls","player_choice":"Embrace Madness","floor":41.0,"gold_loss":0.0,"damage_taken":11.0,"cards_obtained":["Madness","Madness"]},{"damage_healed":0,"gold_gain":0,"player_choice":"Fight","damage_taken":0,"max_hp_gain":0,"max_hp_loss":0,"event_name":"Mysterious Sphere","floor":44,"gold_loss":0}],"is_beta":true,"boss_relics":[{"not_picked":["Sozu","Lizard Tail"],"picked":"Fusion Hammer"},{"not_picked":["Snecko Eye","Coffee Dripper"],"picked":"Eternal Feather"}],"items_purged_floors":[28],"is_endless":true,"potions_floor_spawned":[3,16,18,27,29,33,38,44,47],"killed_by":"Spire Growth","ascension_level":0}