{"gold_per_floor":[18,18,32,48,64,97,97,24,24,24,43,43,62,91,91,187,187,204,204,224,47,47,47,47],"floor_reached":24,"playtime":1307,"items_purged":[],"score":206,"play_id":"cd8b5661-18ba-4dff-a112-a77d35f8a76e","local_time":"20190207221330","is_ascension_mode":false,"campfire_choices":[{"data":"Inflame","floor":7,"key":"SMITH"},{"data":"Heavy Blade","floor":10,"key":"SMITH"},{"data":"Inflame","floor":12,"key":"SMITH"},{"data":"Anger","floor":15,"key":"SMITH"},{"floor":23,"key":"REST"}],"neow_cost":"NO_GOLD","seed_source_timestamp":7217260608653,"circlet_count":0,"master_deck":["Strike_R","Strike_R","Strike_R","Strike_R","Strike_R","Defend_R","Defend_R","Defend_R","Defend_R","Bash","Inflame","Heavy Blade+1","Body Slam","Inflame+1","Dark Shackles","Inflame+1","Twin Strike","Anger+1","Berserk","Flex+1","Double Tap","Necronomicurse"],"relics":["Black Blood","Gambling Chip","The Courier","Unceasing Top","Magic Flower","Necronomicon"],"potions_floor_usage":[6,6,14,16,16,16,16,18,20,24],"damage_taken":[{"damage":10,"enemies":"Jaw Worm","floor":1,"turns":5},{"damage":1,"enemies":"Cultist","floor":3,"turns":4},{"damage":6,"enemies":"2 Louse","floor":4,"turns":3},{"damage":5,"enemies":"Looter","floor":5,"turns":3},{"damage":29,"enemies":"Gremlin Nob","floor":6,"turns":5},{"damage":0,"enemies":"Large Slime","floor":11,"turns":3},{"damage":5,"enemies":"Blue Slaver","floor":13,"turns":3},{"damage":30,"enemies":"3 Sentries","floor":14,"turns":6},{"damage":27,"enemies":"Hexaghost","floor":16,"turns":5},{"damage":10,"enemies":"Shell Parasite","floor":18,"turns":3},{"damage":40,"enemies":"2 Thieves","floor":20,"turns":4},{"damage":85,"enemies":"Slavers","floor":24,"turns":6}],"seed_played":"7952948155782714454","potions_obtained":[{"floor":2,"key":"EntropicBrew"},{"floor":2,"key":"EntropicBrew"},{"floor":2,"key":"GamblersBrew"},{"floor":4,"key":"Ancient Potion"},{"floor":18,"key":"PowerPotion"}],"is_trial":false,"path_per_floor":["M","?","M","M","M","E","R","$","T","R","M","R","M","E","R","B",null,"M","?","M","$","?","R","E"],"character_chosen":"IRONCLAD","items_purchased":["Dark Shackles","Double Tap","Regen Potion"],"campfire_rested":1,"item_purchase_floors":[8,21,21],"current_hp_per_floor":[76,76,80,80,80,57,57,57,57,57,63,63,64,55,55,37,80,80,65,40,40,24,49,0],"gold":47,"neow_bonus":"ONE_RARE_RELIC","is_prod":false,"is_daily":false,"chose_seed":false,"campfire_upgraded":4,"win_rate":0,"timestamp":1549595610,"path_taken":["M","?","M","M","M","E","R","$","T","R","M","R","M","E","R","BOSS","M","?","M","$","?","R","E"],"build_version":"2019-01-23","purchased_purges":0,"victory":false,"max_hp_per_floor":[80,80,80,80,80,80,80,80,80,80,80,80,80,80,80,80,80,80,85,85,85,85,85,85],"card_choices":[{"not_picked":["Headbutt","Havoc"],"picked":"Inflame","floor":1},{"not_picked":["Warcry","Pummel"],"picked":"Heavy Blade","floor":3},{"not_picked":["Thunderclap","Combust","Pommel Strike"],"picked":"SKIP","floor":4},{"not_picked":["Corruption","Cleave"],"picked":"Body Slam","floor":5},{"not_picked":["Wild Strike","Intimidate"],"picked":"Inflame","floor":6},{"not_picked":["Wild Strike","Pommel Strike"],"picked":"Inflame","floor":11},{"not_picked":["Flex","Bloodletting"],"picked":"Twin Strike","floor":13},{"not_picked":["Feed","Headbutt"],"picked":"Anger","floor":14},{"not_picked":["Exhume","Feed"],"picked":"Berserk","floor":16},{"not_picked":["Havoc+1","Pummel","Fire Breathing"],"picked":"SKIP","floor":18},{"not_picked":["Searing Blow","Iron Wave"],"picked":"Flex+1","floor":20}],"player_experience":188165,"relics_obtained":[{"floor":6,"key":"The Courier"},{"floor":9,"key":"Unceasing Top"},{"floor":14,"key":"Magic Flower"},{"floor":22,"key":"Necronomicon"}],"event_choices":[{"damage_healed":0,"gold_gain":0,"player_choice":"Got Potions","damage_taken":0,"max_hp_gain":0,"max_hp_loss":0,"event_name":"Lab","floor":2,"gold_loss":0},{"damage_healed":0,"gold_gain":0,"player_choice":"Shed Blood","damage_taken":20,"max_hp_gain":5,"max_hp_loss":0,"event_name":"Forgotten Altar","floor":19,"gold_loss":0},{"damage_healed":0,"gold_gain":0,"player_choice":"Obtained Book","damage_taken":16,"max_hp_gain":0,"max_hp_loss":0,"event_name":"Cursed Tome","floor":22,"gold_loss":0}],"is_beta":false,"boss_relics":[{"not_picked":["Runic Pyramid","Tiny House"],"picked":"Black Blood"}],"items_purged_floors":[],"is_endless":false,"potions_floor_spawned":[4,5,6,11,13,18],"killed_by":"Slavers","ascension_level":0}