{"gold_per_floor":[369,385,397,411,411,411,446,459,482,50,85,85,120,141,141,272,272,297,310,409,409],"floor_reached":21,"playtime":1132,"items_purged":[],"score":221,"play_id":"9cbb6114-bcec-4a81-900b-a791a5946d2a","local_time":"20190531175944","is_ascension_mode":true,"campfire_choices":[{"floor":6,"key":"RECALL"},{"floor":15,"key":"REST"}],"neow_cost":"TEN_PERCENT_HP_LOSS","seed_source_timestamp":86246913916792,"circlet_count":0,"master_deck":["Strike_R","Strike_R","Strike_R","Strike_R","Strike_R","Defend_R","Defend_R","Defend_R","Defend_R","Bash","Shrug It Off","Seeing Red","Twin Strike","Flex","Shrug It Off","Inflame","Reaper","Injury","Intimidate","Clash","Spot Weakness","Reaper","Dual Wield"],"relics":["Burning Blood","Pantograph","PreservedInsect","Boot","Pear","Art of War","Golden Idol","Dream Catcher","Busted Crown"],"potions_floor_usage":[7,8,11,14],"damage_taken":[{"damage":15,"enemies":"Cultist","floor":1,"turns":5},{"damage":2,"enemies":"2 Louse","floor":2,"turns":3},{"damage":3,"enemies":"Jaw Worm","floor":3,"turns":4},{"damage":12,"enemies":"Looter","floor":4,"turns":3},{"damage":34,"enemies":"Lagavulin","floor":7,"turns":8},{"damage":5,"enemies":"2 Fungi Beasts","floor":8,"turns":3},{"damage":5,"enemies":"3 Sentries","floor":11,"turns":6},{"damage":32,"enemies":"Lagavulin","floor":13,"turns":8},{"damage":25,"enemies":"Exordium Thugs","floor":14,"turns":6},{"damage":44,"enemies":"Slime Boss","floor":16,"turns":11},{"damage":51,"enemies":"Spheric Guardian","floor":18,"turns":6},{"damage":23,"enemies":"3 Byrds","floor":19,"turns":5},{"damage":67,"enemies":"Cultist and Chosen","floor":21,"turns":7}],"seed_played":"8845986312332222230","potions_obtained":[{"floor":1,"key":"Explosive Potion"},{"floor":2,"key":"GamblersBrew"},{"floor":3,"key":"FearPotion"},{"floor":8,"key":"EssenceOfSteel"}],"is_trial":false,"path_per_floor":["M","M","M","M","?","R","E","M","T","$","E","?","E","M","R","B",null,"M","M","?","M"],"character_chosen":"IRONCLAD","items_purchased":["Inflame","Boot","Pear"],"campfire_rested":1,"item_purchase_floors":[10,10,10],"current_hp_per_floor":[63,67,70,64,64,64,36,37,37,47,48,48,34,25,49,52,82,37,45,45,0],"gold":409,"neow_bonus":"TWO_FIFTY_GOLD","is_prod":false,"is_daily":false,"chose_seed":false,"campfire_upgraded":0,"win_rate":0,"timestamp":1559339984,"path_taken":["M","M","?","M","?","R","E","?","T","$","E","?","E","M","R","BOSS","M","M","?","M"],"build_version":"2019-01-23","purchased_purges":0,"victory":false,"max_hp_per_floor":[72,72,72,72,72,72,72,72,72,82,82,82,82,82,82,82,82,82,82,82,82],"card_choices":[{"not_picked":["Feel No Pain","True Grit"],"picked":"Shrug It Off","floor":1},{"not_picked":["Perfected Strike","Cleave"],"picked":"Seeing Red","floor":2},{"not_picked":["Uppercut","Whirlwind"],"picked":"Twin Strike","floor":3},{"not_picked":["Corruption","True Grit"],"picked":"Havoc","floor":4},{"not_picked":["Clothesline","Searing Blow"],"picked":"Flex","floor":7},{"not_picked":["Wild Strike","True Grit"],"picked":"Shrug It Off","floor":8},{"not_picked":["Infernal Blade","Metallicize"],"picked":"Reaper","floor":11},{"not_picked":["Heavy Blade","Pommel Strike"],"picked":"Intimidate","floor":13},{"not_picked":["Shrug It Off","Iron Wave"],"picked":"Clash","floor":14},{"not_picked":["Clothesline","Thunderclap"],"picked":"Spot Weakness","floor":15},{"not_picked":["Berserk","Immolate"],"picked":"Reaper","floor":16},{"not_picked":["Body Slam"],"picked":"SKIP","floor":18},{"not_picked":[],"picked":"Dual Wield","floor":19}],"player_experience":408736,"relics_obtained":[{"floor":7,"key":"PreservedInsect"},{"floor":11,"key":"Art of War"},{"floor":13,"key":"Dream Catcher"}],"event_choices":[{"cards_removed":["Havoc"],"damage_healed":0,"gold_gain":0,"player_choice":"Gave Card","damage_taken":0,"relics_obtained":["Pantograph"],"max_hp_gain":0,"max_hp_loss":0,"event_name":"WeMeetAgain","floor":5,"gold_loss":0},{"damage_healed":0,"gold_gain":0,"player_choice":"Take Wound","damage_taken":0,"relics_obtained":["Golden Idol"],"max_hp_gain":0,"max_hp_loss":0,"event_name":"Golden Idol","floor":12,"gold_loss":0,"cards_obtained":["Injury"]},{"damage_healed":0,"gold_gain":99,"player_choice":"Stole From Cult","damage_taken":0,"max_hp_gain":0,"max_hp_loss":0,"event_name":"Nest","floor":20,"gold_loss":0}],"is_beta":false,"boss_relics":[{"not_picked":["Calling Bell","Empty Cage"],"picked":"Busted Crown"}],"items_purged_floors":[],"is_endless":false,"potions_floor_spawned":[1,2,3,8],"killed_by":"Cultist and Chosen","ascension_level":2}