{"gold_per_floor":[116,135,135,135,154,154,186,198,198,163,233,243,243,262,262,360,360,378,393,6,16,36,70,70,70,70,97,97,297,310,139,139,235,235,252,52,52,64,75,103,103,138,138,138,156,156,156,156,156,156],"floor_reached":51,"playtime":5679,"items_purged":["Strike_R"],"score":1188,"play_id":"1ab7b245-0f54-4ebb-903b-997ef37fd706","local_time":"20190102181949","is_ascension_mode":true,"campfire_choices":[{"data":"Iron Wave","floor":6,"key":"SMITH"},{"data":"Shrug It Off","floor":15,"key":"SMITH"},{"floor":24,"key":"REST"},{"floor":28,"key":"REST"},{"floor":32,"key":"RECALL"},{"floor":44,"key":"REST"},{"floor":46,"key":"REST"},{"floor":49,"key":"REST"}],"neow_cost":"NONE","seed_source_timestamp":189781479878969,"circlet_count":0,"master_deck":["AscendersBane","Strike_R+1","Defend_R","Defend_R","Defend_R","Defend_R","Bash","Shrug It Off+1","Metallicize+1","Iron Wave+1","Second Wind+1","Armaments+1","Body Slam+1","Entrench+1","Barricade","Shockwave+1","Feel No Pain+1","Power Through+1","True Grit+1","Armaments+1","Shrug It Off+1","Sentinel+1","Enlightenment+1","Offering+1","Shrug It Off+1","Panacea+1","Finesse+1","Apotheosis+1","Sentinel+1","Madness+1","Madness+1"],"relics":["Burning Blood","Toxic Egg 2","Bottled Lightning","Self Forming Clay","Fusion Hammer","Bag of Marbles","Red Skull","Whetstone","Nilry\u0027s Codex","Magic Flower","Red Mask","Sozu","Lee\u0027s Waffle","Mango","Vajra","Sundial"],"potions_floor_usage":[23,30,33,39],"damage_taken":[{"damage":0,"enemies":"Small Slimes","floor":1,"turns":3},{"damage":3,"enemies":"Jaw Worm","floor":2,"turns":7},{"damage":3,"enemies":"Cultist","floor":5,"turns":4},{"damage":48,"enemies":"Lagavulin","floor":7,"turns":9},{"damage":0,"enemies":"Blue Slaver","floor":8,"turns":5},{"damage":1,"enemies":"Looter","floor":12,"turns":4},{"damage":1,"enemies":"2 Fungi Beasts","floor":14,"turns":4},{"damage":13,"enemies":"The Guardian","floor":16,"turns":15},{"damage":1,"enemies":"Shell Parasite","floor":18,"turns":7},{"damage":1,"enemies":"Chosen","floor":19,"turns":7},{"damage":20,"enemies":"Snake Plant","floor":21,"turns":5},{"damage":15,"enemies":"Cultist and Chosen","floor":22,"turns":12},{"damage":0,"enemies":"Book of Stabbing","floor":23,"turns":6},{"damage":0,"enemies":"Masked Bandits","floor":27,"turns":10},{"damage":1,"enemies":"3 Cultists","floor":30,"turns":10},{"damage":30,"enemies":"Automaton","floor":33,"turns":10},{"damage":26,"enemies":"3 Shapes","floor":35,"turns":2},{"damage":0,"enemies":"3 Darklings","floor":38,"turns":96},{"damage":26,"enemies":"Transient","floor":39,"turns":5},{"damage":6,"enemies":"Giant Head","floor":40,"turns":7},{"damage":57,"enemies":"Reptomancer","floor":42,"turns":6},{"damage":14,"enemies":"Jaw Worm Horde","floor":45,"turns":8},{"damage":44,"enemies":"Time Eater","floor":50,"turns":16}],"seed_played":"-452994339858783961","potions_obtained":[{"floor":8,"key":"LiquidBronze"},{"floor":14,"key":"SteroidPotion"},{"floor":18,"key":"Weak Potion"},{"floor":27,"key":"Block Potion"},{"floor":30,"key":"Fire Potion"}],"is_trial":false,"path_per_floor":["M","M","?","?","M","R","E","M","T","?","T","M","?","M","R","B",null,"M","M","$","M","M","E","R","?","T","?","R","?","M","$","R","B",null,"M","$","?","M","M","E","?","E","T","R","M","R","?","?","R","B",null],"character_chosen":"IRONCLAD","items_purchased":["Power Through+1","True Grit+1","Bag of Marbles","Red Skull","Enlightenment+1","Lee\u0027s Waffle"],"campfire_rested":5,"item_purchase_floors":[20,20,20,20,31,36],"current_hp_per_floor":[86,88,81,81,84,84,42,48,48,70,70,75,57,62,62,55,80,85,88,88,74,65,71,88,72,72,81,88,88,88,88,88,67,83,66,95,85,94,77,94,80,32,32,64,59,91,91,91,109,74],"gold":156,"neow_bonus":"TEN_PERCENT_HP_BONUS","is_prod":false,"is_daily":false,"chose_seed":false,"campfire_upgraded":2,"win_rate":0,"timestamp":1546471189,"path_taken":["M","M","?","?","M","R","E","?","T","?","?","M","?","M","R","BOSS","M","M","$","M","M","E","R","?","T","?","R","?","?","$","R","BOSS","M","$","?","M","M","E","?","E","T","R","M","R","?","?","R","BOSS"],"build_version":"2019-01-01v2","purchased_purges":1,"victory":true,"max_hp_per_floor":[88,88,88,88,88,88,88,88,88,88,88,88,88,88,88,88,88,88,88,88,88,88,88,88,88,88,88,88,88,88,88,88,88,88,88,95,95,95,95,109,109,109,109,109,109,109,109,109,109,109],"card_choices":[{"not_picked":["Sword Boomerang","Twin Strike"],"picked":"Shrug It Off","floor":1},{"not_picked":["Cleave","Perfected Strike"],"picked":"Metallicize","floor":2},{"not_picked":["Anger","Evolve"],"picked":"Iron Wave","floor":5},{"not_picked":["Blood for Blood","Perfected Strike"],"picked":"Second Wind","floor":7},{"not_picked":["Cleave","Sever Soul"],"picked":"Armaments+1","floor":8},{"not_picked":["Rupture","Headbutt"],"picked":"Body Slam","floor":12},{"not_picked":["Clash","Sword Boomerang"],"picked":"Entrench+1","floor":14},{"not_picked":["Feed","Brutality"],"picked":"Barricade","floor":16},{"not_picked":["Armaments+1","Disarm+1"],"picked":"Shockwave+1","floor":18},{"not_picked":["Hemokinesis","Rage+1"],"picked":"Feel No Pain+1","floor":19},{"not_picked":["Headbutt+1","Cleave+1"],"picked":"Armaments+1","floor":21},{"not_picked":["Flex+1","Headbutt+1","Clothesline"],"picked":"SKIP","floor":22},{"not_picked":["Iron Wave","Rupture+1","Barricade"],"picked":"SKIP","floor":23},{"not_picked":["Battle Trance+1","True Grit+1"],"picked":"Shrug It Off+1","floor":27},{"not_picked":["Wild Strike","Hemokinesis+1"],"picked":"Sentinel+1","floor":30},{"not_picked":["Demon Form","Reaper"],"picked":"Offering+1","floor":33},{"not_picked":["Sword Boomerang","Flex+1"],"picked":"Shrug It Off+1","floor":35},{"not_picked":["Chrysalis+1","Flash of Steel"],"picked":"Panacea+1","floor":37},{"not_picked":["Dramatic Entrance","PanicButton+1"],"picked":"Finesse+1","floor":37},{"not_picked":["Enlightenment+1","Deep Breath+1"],"picked":"Apotheosis+1","floor":37},{"not_picked":["Pommel Strike+1","Warcry+1","Clothesline+1"],"picked":"SKIP","floor":38},{"not_picked":["Thunderclap+1","Spot Weakness+1"],"picked":"Sentinel+1","floor":39},{"not_picked":["Havoc+1","Dark Embrace","Twin Strike"],"picked":"SKIP","floor":40},{"not_picked":["Bludgeon","Sever Soul","Shockwave+1"],"picked":"SKIP","floor":42},{"not_picked":["Heavy Blade","Sever Soul+1","Armaments+1"],"picked":"SKIP","floor":45}],"player_experience":734032,"relics_obtained":[{"floor":7,"key":"Toxic Egg 2"},{"floor":9,"key":"Bottled Lightning"},{"floor":11,"key":"Self Forming Clay"},{"floor":23,"key":"Whetstone"},{"floor":25,"key":"Nilry\u0027s Codex"},{"floor":26,"key":"Magic Flower"},{"floor":27,"key":"Red Mask"},{"floor":40,"key":"Mango"},{"floor":42,"key":"Vajra"},{"floor":43,"key":"Sundial"}],"event_choices":[{"cards_removed":["Strike_R"],"damage_healed":0,"gold_gain":0,"player_choice":"Card Removal","damage_taken":7,"max_hp_gain":0,"max_hp_loss":0,"event_name":"Golden Wing","floor":3,"gold_loss":0},{"cards_removed":["Strike_R"],"damage_healed":0,"gold_gain":0,"player_choice":"Purged","damage_taken":0,"max_hp_gain":0,"max_hp_loss":0,"event_name":"Purifier","floor":4,"gold_loss":0},{"damage_healed":22,"gold_gain":0,"player_choice":"Healed","damage_taken":0,"max_hp_gain":0,"max_hp_loss":0,"event_name":"The Cleric","floor":10,"gold_loss":35},{"damage_healed":0,"gold_gain":0,"player_choice":"Entered Light","damage_taken":18,"max_hp_gain":0,"max_hp_loss":0,"event_name":"Shining Light","floor":13,"gold_loss":0,"cards_upgraded":["Metallicize","Strike_R"]},{"damage_healed":0,"gold_gain":0,"player_choice":"Obtained Book","damage_taken":16,"max_hp_gain":0,"max_hp_loss":0,"event_name":"Cursed Tome","floor":25,"gold_loss":0},{"damage_healed":0,"gold_gain":0,"player_choice":"Fought Bandits","damage_taken":0,"max_hp_gain":0,"max_hp_loss":0,"event_name":"Masked Bandits","floor":27,"gold_loss":0},{"damage_healed":0,"gold_gain":200,"player_choice":"Gold","damage_taken":0,"max_hp_gain":0,"max_hp_loss":0,"event_name":"Wheel of Change","floor":29,"gold_loss":0},{"damage_healed":0,"gold_gain":0,"player_choice":"Memory 3","damage_taken":10,"max_hp_gain":0,"max_hp_loss":0,"event_name":"SensoryStone","floor":37,"gold_loss":0},{"damage_healed":0,"gold_gain":0,"player_choice":"Embrace Madness","damage_taken":14,"max_hp_gain":0,"max_hp_loss":0,"event_name":"Winding Halls","floor":41,"gold_loss":0,"cards_obtained":["Madness","Madness"]},{"damage_healed":0,"gold_gain":0,"player_choice":"Ignored","damage_taken":0,"max_hp_gain":0,"max_hp_loss":0,"event_name":"Mysterious Sphere","floor":47,"gold_loss":0},{"cards_removed":["Strike_R"],"damage_healed":0,"gold_gain":0,"player_choice":"Removed Attack","damage_taken":0,"max_hp_gain":0,"max_hp_loss":0,"event_name":"Falling","floor":48,"gold_loss":0}],"is_beta":true,"boss_relics":[{"not_picked":["Orrery","Coffee Dripper"],"picked":"Fusion Hammer"},{"not_picked":["Pandora\u0027s Box","Runic Dome"],"picked":"Sozu"}],"items_purged_floors":[31],"is_endless":false,"potions_floor_spawned":[8,14,18,27,30,39,40,45],"ascension_level":11}