{"gold_per_floor":[113,129,146,164,181,211,229,229,229,229,261,277,48,73,73,178,178,191,290,260,260],"floor_reached":21,"playtime":1858,"items_purged":[],"score":193,"play_id":"8ae70537-81fb-4bb0-89cd-b43d3b88d23f","local_time":"20181110081823","is_ascension_mode":false,"campfire_choices":[{"floor":8,"key":"REST"},{"data":"Rainbow","floor":10,"key":"SMITH"},{"floor":15,"key":"REST"}],"neow_cost":"NONE","seed_source_timestamp":227323278053081,"circlet_count":0,"master_deck":["Strike_B+1","Strike_B","Strike_B","Strike_B","Defend_B","Defend_B","Defend_B","Defend_B","Zap","Dualcast","White Noise","Ball Lightning+1","Heatsinks","Beam Cell","Rainbow+1","Lockon","Chill","Conserve Battery","Creative AI","Amplify","Conserve Battery","Chaos"],"relics":["Black Star","Whetstone","Boot","Mummified Hand","Dodecahedron","Gremlin Horn","Oddly Smooth Stone","Odd Mushroom","Inserter"],"potions_floor_usage":[6,6,7,14],"damage_taken":[{"damage":0,"enemies":"Cultist","floor":1,"turns":4},{"damage":12,"enemies":"Jaw Worm","floor":2,"turns":5},{"damage":12,"enemies":"Small Slimes","floor":3,"turns":5},{"damage":7,"enemies":"3 Louse","floor":4,"turns":3},{"damage":6,"enemies":"Blue Slaver","floor":5,"turns":4},{"damage":39,"enemies":"3 Sentries","floor":6,"turns":7},{"damage":9,"enemies":"Gremlin Gang","floor":7,"turns":5},{"damage":26,"enemies":"Lagavulin","floor":11,"turns":6},{"damage":0,"enemies":"2 Fungi Beasts","floor":12,"turns":3},{"damage":0,"enemies":"The Mushroom Lair","floor":14,"turns":4},{"damage":3,"enemies":"Hexaghost","floor":16,"turns":9},{"damage":10,"enemies":"Shell Parasite","floor":18,"turns":10},{"damage":36,"enemies":"2 Thieves","floor":20,"turns":5},{"damage":35,"enemies":"Masked Bandits","floor":21,"turns":3}],"seed_played":"-2595551539418719335","potions_obtained":[{"floor":1,"key":"Poison Potion"},{"floor":3,"key":"AttackPotion"},{"floor":5,"key":"Regen Potion"},{"floor":12,"key":"Block Potion"},{"floor":20,"key":"FearPotion"}],"is_trial":false,"path_per_floor":["M","M","M","M","M","E","M","R","T","R","E","M","$","?","R","B",null,"M","?","M","?"],"character_chosen":"DEFECT","items_purchased":["Creative AI","Oddly Smooth Stone"],"campfire_rested":2,"item_purchase_floors":[13,13],"current_hp_per_floor":[75,63,51,44,38,14,5,27,27,27,1,1,1,1,23,20,75,65,65,29,0],"gold":260,"neow_bonus":"BOSS_RELIC","is_prod":false,"is_daily":false,"chose_seed":false,"campfire_upgraded":1,"win_rate":0,"timestamp":1541855903,"path_taken":["M","M","M","M","?","E","M","R","T","R","E","M","$","?","R","BOSS","M","?","M","?"],"build_version":"2018-11-08","purchased_purges":0,"victory":false,"max_hp_per_floor":[75,75,75,75,75,75,75,75,75,75,75,75,75,75,75,75,75,75,75,75,75],"card_choices":[{"not_picked":["Reinforced Body","Conserve Battery"],"picked":"White Noise","floor":1},{"not_picked":["Cold Snap","Streamline"],"picked":"Ball Lightning","floor":2},{"not_picked":["Hologram","Blizzard"],"picked":"Heatsinks","floor":3},{"not_picked":["Sweeping Beam","Hologram","Stack"],"picked":"SKIP","floor":4},{"not_picked":["Rebound","Steam"],"picked":"Beam Cell","floor":5},{"not_picked":["Sweeping Beam","Beam Cell"],"picked":"Rainbow","floor":6},{"not_picked":["Redo","Hologram"],"picked":"Lockon","floor":7},{"not_picked":["Redo","Sweeping Beam"],"picked":"Chill","floor":11},{"not_picked":["Barrage","Streamline"],"picked":"Conserve Battery","floor":12},{"not_picked":["Core Surge","Machine Learning"],"picked":"Amplify","floor":16},{"not_picked":["Chill","Skim"],"picked":"Conserve Battery","floor":18},{"not_picked":["Gash+1","Beam Cell"],"picked":"Chaos","floor":20}],"player_experience":303193,"relics_obtained":[{"floor":6,"key":"Whetstone"},{"floor":6,"key":"Boot"},{"floor":9,"key":"Mummified Hand"},{"floor":11,"key":"Dodecahedron"},{"floor":11,"key":"Gremlin Horn"},{"floor":14,"key":"Odd Mushroom"}],"event_choices":[{"damage_healed":0,"gold_gain":0,"player_choice":"Fought Mushrooms","damage_taken":0,"max_hp_gain":0,"max_hp_loss":0,"event_name":"Mushrooms","floor":14,"gold_loss":0},{"damage_healed":0,"gold_gain":99,"player_choice":"Stole From Cult","damage_taken":0,"max_hp_gain":0,"max_hp_loss":0,"event_name":"Nest","floor":19,"gold_loss":0},{"damage_healed":0,"gold_gain":0,"player_choice":"Fought Bandits","damage_taken":0,"max_hp_gain":0,"max_hp_loss":0,"event_name":"Masked Bandits","floor":21,"gold_loss":0}],"is_beta":true,"boss_relics":[{"not_picked":["Velvet Choker","Busted Crown"],"picked":"Inserter"}],"items_purged_floors":[],"is_endless":false,"potions_floor_spawned":[1,3,5,12,20],"killed_by":"Masked Bandits","ascension_level":0}