{"gold_per_floor":[113,113,66,42,15,15,33,59,107,123,73,73,73,93,93,193,193,213,223,138,138,63,63,77,103,103,103,103],"floor_reached":28,"playtime":2938,"items_purged":["Strike_R"],"score":234,"play_id":"bd18f8da-8ce2-49b9-afd4-4898fe9324b4","local_time":"20190703181042","is_ascension_mode":false,"campfire_choices":[{"floor":6,"key":"REST"},{"floor":15,"key":"REST"},{"data":"Brutality","floor":23,"key":"SMITH"},{"floor":27,"key":"REST"}],"neow_cost":"PERCENT_DAMAGE","seed_source_timestamp":965318794620686,"circlet_count":0,"master_deck":["Strike_R+1","Defend_R","Defend_R+1","Defend_R","Defend_R","Bash+1","Infernal Blade+1","Shrug It Off","Warcry","Flex","Warcry","Pommel Strike","Searing Blow","Brutality+1","Shrug It Off","Rage"],"relics":["Burning Blood","Bronze Scales","Whetstone","Ginger","Mark of Pain","Girya","Potion Belt","Shuriken"],"potions_floor_usage":[8,25],"damage_taken":[{"damage":6,"enemies":"Jaw Worm","floor":1,"turns":3},{"damage":0,"enemies":"2 Louse","floor":7,"turns":4},{"damage":27,"enemies":"3 Sentries","floor":8,"turns":9},{"damage":0,"enemies":"Small Slimes","floor":10,"turns":3},{"damage":0,"enemies":"Exordium Wildlife","floor":14,"turns":4},{"damage":73,"enemies":"Slime Boss","floor":16,"turns":12},{"damage":7,"enemies":"Chosen","floor":18,"turns":3},{"damage":15,"enemies":"Shell Parasite","floor":19,"turns":6},{"damage":12,"enemies":"Centurion and Healer","floor":24,"turns":6},{"damage":76,"enemies":"Gremlin Leader","floor":25,"turns":6},{"damage":40,"enemies":"Cultist and Chosen","floor":28,"turns":8}],"seed_played":"-8309005372679903667","potions_obtained":[{"floor":7,"key":"LiquidBronze"},{"floor":8,"key":"GamblersBrew"},{"floor":10,"key":"BloodPotion"},{"floor":19,"key":"PowerPotion"},{"floor":24,"key":"Ancient Potion"}],"is_trial":false,"path_per_floor":["M","?","?","$","$","R","M","E","T","M","?","?","$","M","R","B",null,"M","M","?","?","$","R","M","E","T","R","M"],"character_chosen":"IRONCLAD","items_purchased":["Shrug It Off","Warcry"],"campfire_rested":3,"item_purchase_floors":[4,5],"current_hp_per_floor":[56,40,40,40,40,64,70,49,49,55,55,48,48,54,78,11,80,79,70,70,70,70,70,64,14,14,38,0],"gold":103,"neow_bonus":"REMOVE_TWO","is_prod":false,"is_daily":false,"chose_seed":false,"campfire_upgraded":1,"win_rate":0.0,"timestamp":1562202642,"path_taken":["M","?","?","?","$","R","M","E","T","M","?","?","$","M","R","BOSS","M","M","?","?","$","R","M","E","T","R","M"],"build_version":"2019-07-01","purchased_purges":1,"victory":false,"max_hp_per_floor":[80,80,80,80,80,80,80,80,80,80,80,80,80,80,80,80,80,80,80,80,80,80,80,80,80,80,80,80],"card_choices":[{"not_picked":["Thunderclap","Anger"],"picked":"Infernal Blade","floor":1},{"not_picked":["Anger","Infernal Blade"],"picked":"Flex","floor":7},{"not_picked":["Corruption","Dark Embrace"],"picked":"Warcry","floor":8},{"not_picked":["Entrench","Perfected Strike"],"picked":"Pommel Strike","floor":10},{"not_picked":["Flex","Warcry"],"picked":"Searing Blow","floor":14},{"not_picked":["Limit Break","Impervious"],"picked":"Brutality","floor":16},{"not_picked":["Flex","Clothesline"],"picked":"Shrug It Off","floor":18},{"not_picked":["Sword Boomerang+1","Blood for Blood","Cleave"],"picked":"SKIP","floor":19},{"not_picked":["Metallicize","Power Through"],"picked":"Rage","floor":24},{"not_picked":["Blood for Blood+1","Flex","Heavy Blade"],"picked":"SKIP","floor":25}],"player_experience":6780,"relics_obtained":[{"floor":8,"key":"Bronze Scales"},{"floor":9,"key":"Whetstone"},{"floor":25,"key":"Potion Belt"},{"floor":26,"key":"Shuriken"}],"event_choices":[{"damage_healed":0,"gold_gain":0,"player_choice":"Entered Light","damage_taken":16,"max_hp_gain":0,"max_hp_loss":0,"event_name":"Shining Light","floor":2,"gold_loss":0,"cards_upgraded":["Infernal Blade","Defend_R"]},{"damage_healed":0,"gold_gain":0,"player_choice":"Left Gold","damage_taken":0,"max_hp_gain":0,"max_hp_loss":0,"event_name":"World of Goop","floor":3,"gold_loss":47},{"cards_removed":["Strike_R"],"damage_healed":0,"gold_gain":0,"player_choice":"Card Removal","damage_taken":0,"max_hp_gain":0,"max_hp_loss":0,"event_name":"The Cleric","floor":11,"gold_loss":50},{"damage_healed":0,"gold_gain":0,"player_choice":"Success","damage_taken":7,"relics_obtained":["Ginger"],"max_hp_gain":0,"max_hp_loss":0,"event_name":"Scrap Ooze","floor":12,"gold_loss":0},{"damage_healed":0,"gold_gain":0,"player_choice":"Obtained Relic","damage_taken":0,"relics_obtained":["Girya"],"max_hp_gain":0,"max_hp_loss":0,"event_name":"Addict","floor":20,"gold_loss":85},{"damage_healed":0,"gold_gain":0,"player_choice":"Ignored","damage_taken":0,"max_hp_gain":0,"max_hp_loss":0,"event_name":"Vampires","floor":21,"gold_loss":0}],"is_beta":false,"boss_relics":[{"not_picked":["Calling Bell","White Beast Statue"],"picked":"Mark of Pain"}],"items_purged_floors":[22],"is_endless":false,"potions_floor_spawned":[7,8,10,19,24],"killed_by":"Cultist and Chosen","ascension_level":0}