{"gold_per_floor":[112,112,35,46,62,93,3,16,16,16,32,48,48,62,62,157,157,177,92,92,92,112,140,155,155,206,206,223,241,241,261,261,261],"floor_reached":33,"playtime":5619,"items_purged":[],"score":271,"play_id":"c7443ad7-3181-460a-ac02-521553d92182","local_time":"20180707173209","is_ascension_mode":false,"campfire_choices":[{"floor":10,"key":"REST"},{"data":"Searing Blow","floor":15,"key":"SMITH"},{"data":"Immolate","floor":25,"key":"SMITH"},{"data":"Searing Blow+1","floor":27,"key":"SMITH"},{"data":"Bandage Up","floor":32,"key":"SMITH"}],"neow_cost":"NONE","seed_source_timestamp":588068081492938,"circlet_count":0,"master_deck":["Strike_R","Strike_R","Strike_R","Strike_R","Strike_R","Defend_R","Defend_R","Defend_R","Defend_R","Bash","Flex","Searing Blow+2","Bloodletting","Heavy Blade","Reaper","Bandage Up+1","Shrug It Off","Immolate","Armaments","Whirlwind","Immolate+1","Twin Strike+1","Sword Boomerang+1","Iron Wave+1","Infernal Blade+1","Clash","Metallicize","Seeing Red+1"],"relics":["Burning Blood","Bag of Preparation","Question Card","Mango","Torii","Self Forming Clay","Coffee Dripper","Shuriken","Toxic Egg 2","Lantern"],"potions_floor_usage":[8,22,31,31,33],"damage_taken":[{"damage":3,"enemies":"2 Louse","floor":1,"turns":3},{"damage":6,"enemies":"Jaw Worm","floor":4,"turns":4},{"damage":0,"enemies":"Small Slimes","floor":5,"turns":3},{"damage":63,"enemies":"Lagavulin","floor":6,"turns":8},{"damage":22,"enemies":"Blue Slaver","floor":8,"turns":4},{"damage":3,"enemies":"3 Louse","floor":11,"turns":3},{"damage":1,"enemies":"Exordium Thugs","floor":12,"turns":3},{"damage":0,"enemies":"2 Fungi Beasts","floor":14,"turns":2},{"damage":33,"enemies":"Slime Boss","floor":16,"turns":9},{"damage":2,"enemies":"3 Byrds","floor":18,"turns":3},{"damage":17,"enemies":"2 Thieves","floor":22,"turns":4},{"damage":51,"enemies":"Book of Stabbing","floor":23,"turns":7},{"damage":1,"enemies":"Snecko","floor":24,"turns":3},{"damage":27,"enemies":"Snake Plant","floor":28,"turns":4},{"damage":0,"enemies":"3 Cultists","floor":29,"turns":1},{"damage":39,"enemies":"Snecko","floor":31,"turns":5},{"damage":88,"enemies":"Collector","floor":33,"turns":7}],"seed_played":"6523728177741007372","potions_obtained":[{"floor":5,"key":"Dexterity Potion"},{"floor":6,"key":"Regen Potion"},{"floor":8,"key":"BloodPotion"},{"floor":16,"key":"EssenceOfSteel"},{"floor":23,"key":"SmokeBomb"},{"floor":28,"key":"Regen Potion"},{"floor":31,"key":"Strength Potion"}],"is_trial":false,"path_per_floor":["M","?","$","M","M","E","$","M","T","R","M","M","T","M","R","B",null,"M","?","$","?","M","E","M","R","T","R","M","M","?","M","R"],"character_chosen":"IRONCLAD","items_purchased":["Searing Blow","Bandage Up"],"campfire_rested":1,"item_purchase_floors":[3,7],"current_hp_per_floor":[80,68,68,68,74,31,31,37,37,65,72,81,81,92,92,81,94,94,94,94,94,87,52,61,61,61,61,44,50,50,40,40,0],"gold":261,"neow_bonus":"RANDOM_COMMON_RELIC","is_prod":false,"is_daily":false,"chose_seed":false,"campfire_upgraded":4,"win_rate":0.0,"timestamp":1530999129,"path_taken":["M","?","$","M","M","E","$","M","T","R","M","M","?","M","R","BOSS","M","?","$","?","M","E","M","R","T","R","M","M","?","M","R","BOSS"],"build_version":"2018-07-05","purchased_purges":0,"victory":false,"max_hp_per_floor":[80,80,80,80,80,94,94,94,94,94,94,94,94,94,94,94,94,94,94,94,94,94,94,94,94,94,94,94,94,94,94,94,94],"card_choices":[{"not_picked":["Cleave","Clothesline"],"picked":"Flex","floor":1},{"not_picked":["Clothesline","Second Wind","Power Through"],"picked":"Bloodletting","floor":4},{"not_picked":["Armaments","Thunderclap","Flame Barrier"],"picked":"Heavy Blade","floor":5},{"not_picked":["True Grit","Second Wind","Heavy Blade"],"picked":"Reaper","floor":6},{"not_picked":["Havoc","Anger","Perfected Strike"],"picked":"Shrug It Off","floor":8},{"not_picked":["Intimidate","Headbutt","Pommel Strike"],"picked":"Immolate","floor":11},{"not_picked":["Headbutt","Twin Strike","Heavy Blade"],"picked":"Armaments","floor":12},{"not_picked":["Combust","Sword Boomerang","Rupture"],"picked":"Whirlwind","floor":14},{"not_picked":["Barricade","Feed","Fiend Fire"],"picked":"Immolate","floor":16},{"not_picked":["Anger+1","Spot Weakness+1","Clash"],"picked":"Twin Strike+1","floor":18},{"not_picked":["Burning Pact","Shrug It Off","Perfected Strike"],"picked":"Sword Boomerang+1","floor":22},{"not_picked":["Burning Pact+1","Twin Strike","Demon Form"],"picked":"Iron Wave+1","floor":23},{"not_picked":["Headbutt+1","Twin Strike","Warcry+1"],"picked":"Infernal Blade+1","floor":24},{"not_picked":["Pommel Strike","Sword Boomerang","Heavy Blade"],"picked":"Clash","floor":28},{"not_picked":["Wild Strike","Pommel Strike+1","Feel No Pain"],"picked":"Metallicize","floor":29},{"not_picked":["Uppercut","Clothesline+1","Thunderclap"],"picked":"Seeing Red+1","floor":31}],"player_experience":107624,"relics_obtained":[{"floor":6,"key":"Mango"},{"floor":9,"key":"Torii"},{"floor":13,"key":"Self Forming Clay"},{"floor":23,"key":"Toxic Egg 2"},{"floor":26,"key":"Lantern"}],"event_choices":[{"event_name":"Scrap Ooze","player_choice":"success","floor":2,"damage_taken":12},{"event_name":"Addict","player_choice":"Obtained Relic","floor":19,"damage_taken":0},{"event_name":"Purifier","player_choice":"Skipped","floor":21,"damage_taken":0},{"event_name":"Vampires","player_choice":"Ignored","floor":30,"damage_taken":0}],"boss_relics":[{"not_picked":["Tiny House","Runic Cube"],"picked":"Coffee Dripper"}],"items_purged_floors":[],"is_endless":false,"potions_floor_spawned":[5,6,8,16,23,28,31],"killed_by":"Collector","ascension_level":0}