{"gold_per_floor":[112,112,112,127,139,139,139,169,250,44,73,73,87,104,104,200,200,219,219,318,28,28,28,61,61,61,61,116,116,116,133,133,133],"floor_reached":33,"playtime":1481,"items_purged":[],"score":326,"play_id":"38107a05-8e12-4830-a322-967dd0b75503","local_time":"20181129134349","is_ascension_mode":true,"campfire_choices":[{"data":"Whirlwind","floor":6,"key":"SMITH"},{"floor":15,"key":"REST"},{"floor":23,"key":"REST"},{"floor":25,"key":"REST"},{"floor":27,"key":"REST"},{"floor":32,"key":"REST"}],"neow_cost":"NONE","seed_source_timestamp":81509570152294,"circlet_count":0,"master_deck":["Strike_R","Strike_R","Strike_R","Strike_R","Strike_R","Defend_R","Defend_R","Defend_R","Bash","Perfected Strike+1","Whirlwind+1","Battle Trance","Clothesline","Shrug It Off","Headbutt","Battle Trance","Double Tap","Ghostly Armor","Seeing Red","Heavy Blade","Exhume","Wild Strike","HandOfGreed","Rupture+1","Limit Break+1","Infernal Blade+1","Power Through+1","Intimidate+1","Power Through+1","Armaments+1"],"relics":["Burning Blood","Sundial","Self Forming Clay","Membership Card","Dream Catcher","Orrery","MutagenicStrength","Omamori","Toxic Egg 2","Juzu Bracelet","Turnip","Meat on the Bone","Necronomicon"],"potions_floor_usage":[8,13,16,33],"damage_taken":[{"damage":8,"enemies":"Jaw Worm","floor":1,"turns":5},{"damage":5,"enemies":"2 Louse","floor":4,"turns":3},{"damage":0,"enemies":"Cultist","floor":5,"turns":2},{"damage":0,"enemies":"Lagavulin Event","floor":8,"turns":1},{"damage":16,"enemies":"Gremlin Nob","floor":11,"turns":3},{"damage":6,"enemies":"Exordium Thugs","floor":13,"turns":2},{"damage":12,"enemies":"2 Fungi Beasts","floor":14,"turns":2},{"damage":42,"enemies":"The Guardian","floor":16,"turns":12},{"damage":14,"enemies":"Spheric Guardian","floor":18,"turns":4},{"damage":63,"enemies":"Book of Stabbing","floor":24,"turns":7},{"damage":19,"enemies":"2 Thieves","floor":28,"turns":5},{"damage":18,"enemies":"Snecko","floor":31,"turns":3},{"damage":119,"enemies":"Automaton","floor":33,"turns":10}],"seed_played":"4123022443158832980","potions_obtained":[{"floor":4,"key":"SmokeBomb"},{"floor":5,"key":"Dexterity Potion"},{"floor":11,"key":"Fire Potion"},{"floor":13,"key":"FearPotion"},{"floor":31,"key":"FairyPotion"}],"is_trial":false,"path_per_floor":["M","?","?","M","M","R","T","?","T","$","E","?","M","M","R","B",null,"M","?","?","$","?","R","E","R","T","R","M","?","?","M","R","B"],"character_chosen":"IRONCLAD","items_purchased":["Membership Card","HandOfGreed","Omamori","Toxic Egg 2"],"campfire_rested":5,"item_purchase_floors":[10,21,21,21],"current_hp_per_floor":[86,86,86,87,88,88,88,88,88,88,78,83,83,77,93,57,84,76,76,76,76,76,93,36,63,63,90,77,77,61,61,88,0],"gold":133,"neow_bonus":"TEN_PERCENT_HP_BONUS","is_prod":false,"is_daily":false,"chose_seed":false,"campfire_upgraded":1,"win_rate":0,"timestamp":1543517029,"path_taken":["M","?","?","?","M","R","?","?","T","$","E","?","?","M","R","BOSS","M","?","?","$","?","R","E","R","T","R","M","?","?","M","R","BOSS"],"build_version":"2018-11-15","purchased_purges":0,"victory":false,"max_hp_per_floor":[88,88,88,88,88,88,88,88,88,88,88,93,93,93,93,93,93,93,93,93,93,93,93,93,93,93,93,93,93,93,93,93,93],"card_choices":[{"not_picked":["Heavy Blade","Sword Boomerang"],"picked":"Perfected Strike","floor":1},{"not_picked":["Wild Strike","Corruption","Warcry"],"picked":"SKIP","floor":4},{"not_picked":["Hemokinesis","Sword Boomerang"],"picked":"Battle Trance","floor":5},{"not_picked":["Headbutt","Sentinel"],"picked":"Clothesline","floor":11},{"not_picked":["Evolve","Feel No Pain"],"picked":"Shrug It Off","floor":13},{"not_picked":["Blood for Blood","Power Through"],"picked":"Headbutt","floor":14},{"not_picked":["Pommel Strike","Whirlwind"],"picked":"Battle Trance","floor":15},{"not_picked":["Offering","Impervious"],"picked":"Double Tap","floor":16},{"not_picked":["Havoc","Clothesline"],"picked":"Ghostly Armor","floor":17},{"not_picked":["Whirlwind","Uppercut"],"picked":"Seeing Red","floor":17},{"not_picked":["Flex","Cleave"],"picked":"Heavy Blade","floor":17},{"not_picked":["Warcry","Heavy Blade"],"picked":"Exhume","floor":17},{"not_picked":["Cleave","Thunderclap"],"picked":"Wild Strike","floor":17},{"not_picked":["Thunderclap","Reckless Charge","Clash"],"picked":"SKIP","floor":18},{"not_picked":["Cleave","Dropkick"],"picked":"Rupture+1","floor":23},{"not_picked":["Thunderclap+1","Iron Wave"],"picked":"Limit Break+1","floor":24},{"not_picked":["Iron Wave","Warcry+1"],"picked":"Infernal Blade+1","floor":25},{"not_picked":["Flex+1","Rampage"],"picked":"Power Through+1","floor":27},{"not_picked":["Dropkick","Body Slam"],"picked":"Intimidate+1","floor":28},{"not_picked":["Thunderclap","Combust"],"picked":"Power Through+1","floor":31},{"not_picked":["Rage+1","True Grit+1"],"picked":"Armaments+1","floor":32}],"player_experience":530845,"relics_obtained":[{"floor":7,"key":"Sundial"},{"floor":9,"key":"Self Forming Clay"},{"floor":11,"key":"Dream Catcher"},{"floor":24,"key":"Turnip"},{"floor":26,"key":"Meat on the Bone"},{"floor":30,"key":"Necronomicon"}],"event_choices":[{"damage_healed":0,"gold_gain":0,"player_choice":"Grow","damage_taken":0,"max_hp_gain":0,"max_hp_loss":0,"event_name":"Living Wall","floor":2,"gold_loss":0,"cards_upgraded":["Perfected Strike"]},{"damage_healed":0,"gold_gain":0,"cards_transformed":["Defend_R"],"player_choice":"Transformed","damage_taken":0,"max_hp_gain":0,"max_hp_loss":0,"event_name":"Transmorgrifier","floor":3,"gold_loss":0,"cards_obtained":["Whirlwind"]},{"damage_healed":0,"gold_gain":30,"player_choice":"Searched \u00273\u0027 times","damage_taken":0,"max_hp_gain":0,"max_hp_loss":0,"event_name":"Dead Adventurer","floor":8,"gold_loss":0},{"damage_healed":0,"gold_gain":0,"player_choice":"Donut","damage_taken":0,"max_hp_gain":5,"max_hp_loss":0,"event_name":"Big Fish","floor":12,"gold_loss":0},{"damage_healed":0,"gold_gain":0,"player_choice":"Inject Mutagens","damage_taken":0,"relics_obtained":["MutagenicStrength"],"max_hp_gain":0,"max_hp_loss":0,"event_name":"Drug Dealer","floor":19,"gold_loss":0},{"damage_healed":0,"gold_gain":99,"player_choice":"Stole From Cult","damage_taken":0,"max_hp_gain":0,"max_hp_loss":0,"event_name":"Nest","floor":20,"gold_loss":0},{"damage_healed":0,"gold_gain":0,"player_choice":"Opened","damage_taken":0,"relics_obtained":["Juzu Bracelet"],"max_hp_gain":0,"max_hp_loss":0,"event_name":"The Mausoleum","floor":22,"gold_loss":0,"cards_obtained":["Writhe"]},{"damage_healed":0,"gold_gain":0,"player_choice":"Ignored","damage_taken":0,"max_hp_gain":0,"max_hp_loss":0,"event_name":"Vampires","floor":29,"gold_loss":0},{"damage_healed":0,"gold_gain":0,"player_choice":"Obtained Book","damage_taken":16,"max_hp_gain":0,"max_hp_loss":0,"event_name":"Cursed Tome","floor":30,"gold_loss":0}],"is_beta":true,"boss_relics":[{"not_picked":["Tiny House","Black Star"],"picked":"Orrery"}],"items_purged_floors":[],"is_endless":false,"potions_floor_spawned":[4,5,11,13,31],"killed_by":"Automaton","ascension_level":5}