{"gold_per_floor":[116,129,129,147,147,147,124,124,151,166,179,179,29,80,80,182],"floor_reached":16,"playtime":478,"items_purged":[],"score":140,"play_id":"d57dd738-ee28-41c2-8bd6-dd84a2d4bc90","local_time":"20181230002834","is_ascension_mode":false,"campfire_choices":[{"data":"Searing Blow+1","floor":6,"key":"SMITH"},{"data":"Searing Blow+2","floor":8,"key":"SMITH"},{"data":"Searing Blow+3","floor":15,"key":"SMITH"}],"neow_cost":"NONE","seed_source_timestamp":230134449784252,"circlet_count":0,"master_deck":["Strike_R","Strike_R+1","Strike_R","Strike_R","Strike_R+1","Defend_R","Defend_R","Defend_R","Defend_R","Bash","Rampage","Infernal Blade","Pommel Strike","Discovery","Searing Blow+4","Shrug It Off","Shrug It Off","Metallicize","Limit Break"],"relics":["Burning Blood","Whetstone","Lantern","Pantograph","Bag of Marbles","Smiling Mask"],"potions_floor_usage":[],"damage_taken":[{"damage":1,"enemies":"Jaw Worm","floor":1,"turns":3},{"damage":1,"enemies":"Cultist","floor":2,"turns":3},{"damage":3,"enemies":"Small Slimes","floor":4,"turns":2},{"damage":10,"enemies":"Exordium Thugs","floor":10,"turns":5},{"damage":5,"enemies":"3 Louse","floor":11,"turns":3},{"damage":38,"enemies":"The Guardian","floor":16,"turns":13}],"seed_played":"1326524955968323388","potions_obtained":[{"floor":1,"key":"PowerPotion"},{"floor":2,"key":"Energy Potion"}],"is_trial":false,"path_per_floor":["M","M","?","M","?","R","$","R","T","M","M","?","$","T","R","B"],"character_chosen":"IRONCLAD","items_purchased":["Shrug It Off","Bag of Marbles"],"campfire_rested":0,"item_purchase_floors":[7,13],"current_hp_per_floor":[80,80,80,80,80,80,80,80,80,76,77,65,65,65,65,48],"gold":182,"neow_bonus":"RANDOM_COMMON_RELIC","is_prod":false,"is_daily":false,"chose_seed":false,"campfire_upgraded":3,"win_rate":0,"timestamp":1546147714,"path_taken":["M","M","?","?","?","R","?","R","T","?","M","?","$","?","R","BOSS"],"build_version":"2018-12-25","purchased_purges":0,"victory":false,"max_hp_per_floor":[80,80,80,80,80,80,80,80,80,80,80,80,80,80,80,80],"card_choices":[{"not_picked":["Dual Wield","Burning Pact"],"picked":"Rampage","floor":1},{"not_picked":["Combust","Warcry"],"picked":"Infernal Blade","floor":2},{"not_picked":["Uppercut","Warcry"],"picked":"Searing Blow","floor":4},{"not_picked":["Carnage","Warcry"],"picked":"Shrug It Off","floor":10},{"not_picked":["Flex","Twin Strike"],"picked":"Metallicize","floor":11},{"not_picked":["Exhume","Feed"],"picked":"Limit Break","floor":16}],"player_experience":695739,"relics_obtained":[{"floor":9,"key":"Lantern"},{"floor":14,"key":"Smiling Mask"}],"event_choices":[{"damage_healed":0,"gold_gain":0,"player_choice":"2 cards matched","damage_taken":0,"max_hp_gain":0,"max_hp_loss":0,"event_name":"Match and Keep!","floor":3,"gold_loss":0,"cards_obtained":["Pommel Strike","Discovery"]},{"damage_healed":0,"gold_gain":0,"player_choice":"Grow","damage_taken":0,"max_hp_gain":0,"max_hp_loss":0,"event_name":"Living Wall","floor":5,"gold_loss":0,"cards_upgraded":["Searing Blow"]},{"damage_healed":0,"gold_gain":0,"player_choice":"Success","damage_taken":12,"relics_obtained":["Pantograph"],"max_hp_gain":0,"max_hp_loss":0,"event_name":"Scrap Ooze","floor":12,"gold_loss":0}],"is_beta":true,"boss_relics":[],"items_purged_floors":[],"is_endless":false,"potions_floor_spawned":[1,2],"killed_by":"The Guardian","ascension_level":0}