{"gold_per_floor":[211,223,323,339,357,357,382,382,437,453,465,494,494,524,524,622,622,639,639,639,651,12,12,12],"floor_reached":24,"playtime":2199,"items_purged":["Defend_G"],"score":252,"play_id":"34554f4e-d6de-4432-967b-b36cabdd0209","local_time":"20190630202559","is_ascension_mode":true,"campfire_choices":[{"data":"Bouncing Flask","floor":6,"key":"SMITH"},{"data":"Noxious Fumes","floor":8,"key":"SMITH"},{"data":"Blur","floor":13,"key":"SMITH"},{"data":"Blur","floor":15,"key":"SMITH"},{"data":"Catalyst","floor":23,"key":"SMITH"}],"neow_cost":"NONE","seed_source_timestamp":672516850377400,"circlet_count":0,"master_deck":["Defend_G","Defend_G","Defend_G","Survivor","Neutralize","Bouncing Flask+1","Blur+1","Dagger Throw","Deflect","Noxious Fumes+1","Blur+1","Leg Sweep","Unload","Deflect","Venomology","Footwork","Catalyst+1","Sucker Punch","Prepared","Bouncing Flask","Leg Sweep","Bite","Bite","Bite","Bite","Bite","All Out Attack+1","Dash","Noxious Fumes","Swift Strike","Thinking Ahead"],"relics":["Ring of the Snake","Blue Candle","Bag of Preparation","Vajra","Orrery","Oddly Smooth Stone"],"potions_floor_usage":[7,7,14,24,24],"damage_taken":[{"damage":0,"enemies":"2 Louse","floor":1,"turns":3},{"damage":0,"enemies":"Cultist","floor":2,"turns":3},{"damage":0,"enemies":"Jaw Worm","floor":4,"turns":4},{"damage":4,"enemies":"Looter","floor":5,"turns":3},{"damage":4,"enemies":"Lagavulin","floor":7,"turns":7},{"damage":5,"enemies":"Lots of Slimes","floor":10,"turns":5},{"damage":0,"enemies":"2 Fungi Beasts","floor":11,"turns":4},{"damage":11,"enemies":"3 Sentries","floor":12,"turns":8},{"damage":6,"enemies":"Lagavulin","floor":14,"turns":7},{"damage":4,"enemies":"The Guardian","floor":16,"turns":8},{"damage":12,"enemies":"Shell Parasite","floor":18,"turns":3},{"damage":24,"enemies":"Spheric Guardian","floor":21,"turns":7},{"damage":35,"enemies":"Gremlin Leader","floor":24,"turns":6}],"seed_played":"1329735715564853834","potions_obtained":[{"floor":1,"key":"GamblersBrew"},{"floor":4,"key":"Dexterity Potion"},{"floor":5,"key":"Energy Potion"},{"floor":16,"key":"Fire Potion"}],"is_trial":false,"path_per_floor":["M","M","?","M","M","R","E","R","T","M","M","E","R","E","R","B",null,"M","?","?","M","$","R","E"],"character_chosen":"THE_SILENT","items_purchased":["Oddly Smooth Stone","Dash","Noxious Fumes","Swift Strike","Thinking Ahead"],"campfire_rested":0,"item_purchase_floors":[22,22,22,22,22],"current_hp_per_floor":[70,70,70,70,66,66,62,62,62,57,57,46,46,42,42,40,70,58,58,58,46,46,46,19],"gold":12,"neow_bonus":"HUNDRED_GOLD","is_prod":false,"is_daily":false,"chose_seed":false,"campfire_upgraded":5,"win_rate":0,"timestamp":1561940759,"path_taken":["M","M","?","M","M","R","E","R","T","?","M","E","R","E","R","BOSS","M","?","?","M","$","R","E"],"build_version":"2019-01-23","purchased_purges":1,"victory":false,"max_hp_per_floor":[70,70,70,70,70,70,70,70,70,70,70,70,70,70,70,70,70,70,70,70,70,70,70,70],"card_choices":[{"not_picked":["Backflip","Blur"],"picked":"Bouncing Flask","floor":1},{"not_picked":["Expertise","Backflip"],"picked":"Blur","floor":2},{"not_picked":["Prepared","Poisoned Stab"],"picked":"Dagger Throw","floor":4},{"not_picked":["Expertise","Deadly Poison"],"picked":"Deflect","floor":5},{"not_picked":["Poisoned Stab","Quick Slash"],"picked":"Noxious Fumes","floor":7},{"not_picked":["Wraith Form v2","Flying Knee"],"picked":"Blur","floor":10},{"not_picked":["Predator","Bane"],"picked":"Leg Sweep","floor":11},{"not_picked":["Underhanded Strike","Deflect"],"picked":"Unload","floor":12},{"not_picked":["Outmaneuver","Reflex"],"picked":"Deflect","floor":14},{"not_picked":["Unload","Bullet Time"],"picked":"Venomology","floor":16},{"not_picked":["Backflip","Quick Slash"],"picked":"Footwork","floor":17},{"not_picked":["Outmaneuver","Storm of Steel"],"picked":"Catalyst","floor":17},{"not_picked":["Infinite Blades","Concentrate"],"picked":"Sucker Punch","floor":17},{"not_picked":["Slice","Riddle With Holes"],"picked":"Prepared","floor":17},{"not_picked":["Deflect","Dagger Throw"],"picked":"Bouncing Flask","floor":17},{"not_picked":["PiercingWail","Reflex"],"picked":"Leg Sweep","floor":18},{"not_picked":["PiercingWail","Dodge and Roll"],"picked":"All Out Attack+1","floor":21}],"player_experience":536410,"relics_obtained":[{"floor":7,"key":"Blue Candle"},{"floor":9,"key":"Bag of Preparation"},{"floor":12,"key":"Blood Vial"},{"floor":14,"key":"Vajra"}],"event_choices":[{"damage_healed":0,"gold_gain":100,"player_choice":"Pray","damage_taken":0,"max_hp_gain":0,"max_hp_loss":0,"event_name":"Golden Shrine","floor":3,"gold_loss":0},{"damage_healed":0,"gold_gain":0,"player_choice":"Became a vampire (Vial)","damage_taken":0,"max_hp_gain":0,"max_hp_loss":0,"event_name":"Vampires","floor":19,"relics_lost":["Blood Vial"],"gold_loss":0,"cards_obtained":["Bite","Bite","Bite","Bite","Bite"]},{"cards_removed":["Defend_G"],"damage_healed":0,"gold_gain":0,"player_choice":"Elegance","damage_taken":0,"max_hp_gain":0,"max_hp_loss":0,"event_name":"Back to Basics","floor":20,"gold_loss":0}],"is_beta":false,"boss_relics":[{"not_picked":["Empty Cage","White Beast Statue"],"picked":"Orrery"}],"items_purged_floors":[22],"is_endless":false,"potions_floor_spawned":[1,4,5,16],"killed_by":"Gremlin Leader","ascension_level":1}