{"gold_per_floor":[19,29,47,64,77,77,97,97,97,97,115,115,130,143,143,143],"floor_reached":16,"playtime":1216,"items_purged":[],"score":98,"play_id":"3f45a7c1-04fe-4284-bb47-bbd52a4241b8","local_time":"20181107214926","is_ascension_mode":false,"campfire_choices":[{"data":"Dash","floor":6,"key":"SMITH"},{"data":"Night Terror","floor":8,"key":"SMITH"},{"data":"Backflip","floor":10,"key":"SMITH"},{"data":"Phantasmal Killer","floor":15,"key":"SMITH"}],"neow_cost":"NO_GOLD","seed_source_timestamp":17420112837251,"circlet_count":0,"master_deck":["Defend_G","Defend_G","Defend_G","Defend_G","Defend_G","Strike_G","Strike_G","Survivor","Neutralize","Escape Plan","Backflip+1","Dash+1","Flying Knee","Backflip","Night Terror+1","Phantasmal Killer+1"],"relics":["Ring of the Snake","Paper Crane"],"potions_floor_usage":[16,16],"damage_taken":[{"damage":0,"enemies":"Cultist","floor":1,"turns":5},{"damage":0,"enemies":"2 Louse","floor":2,"turns":3},{"damage":0,"enemies":"Jaw Worm","floor":3,"turns":5},{"damage":2,"enemies":"Looter","floor":4,"turns":3},{"damage":0,"enemies":"Large Slime","floor":5,"turns":10},{"damage":0,"enemies":"Blue Slaver","floor":7,"turns":4},{"damage":0,"enemies":"2 Fungi Beasts","floor":11,"turns":5},{"damage":0,"enemies":"Red Slaver","floor":13,"turns":4},{"damage":0,"enemies":"Large Slime","floor":14,"turns":7},{"damage":70,"enemies":"Hexaghost","floor":16,"turns":16}],"seed_played":"8961247585497674636","potions_obtained":[{"floor":1,"key":"Block Potion"},{"floor":2,"key":"SkillPotion"},{"floor":5,"key":"Dexterity Potion"}],"is_trial":false,"path_per_floor":["M","M","M","M","M","R","M","R","T","R","M","?","M","M","R","B"],"character_chosen":"THE_SILENT","items_purchased":[],"campfire_rested":0,"item_purchase_floors":[],"current_hp_per_floor":[70,70,70,68,68,68,68,68,68,68,68,68,68,68,68,0],"gold":143,"neow_bonus":"REMOVE_TWO","is_prod":false,"is_daily":false,"chose_seed":false,"campfire_upgraded":4,"win_rate":0,"timestamp":1541645366,"path_taken":["M","?","M","M","M","R","M","R","T","R","M","?","M","M","R","BOSS"],"build_version":"2018-11-06","purchased_purges":0,"victory":false,"max_hp_per_floor":[70,70,70,70,70,70,70,70,70,70,70,70,70,70,70,70],"card_choices":[{"not_picked":["Poisoned Stab","Deflect"],"picked":"Escape Plan","floor":1},{"not_picked":["Endless Agony","Slice"],"picked":"Backflip","floor":2},{"not_picked":["Poisoned Stab","Prepared"],"picked":"Dash","floor":3},{"not_picked":["Endless Agony","Bane"],"picked":"Flying Knee","floor":4},{"not_picked":["Flying Knee","Expertise"],"picked":"Backflip","floor":5},{"not_picked":["Endless Agony","Acrobatics"],"picked":"Night Terror","floor":7},{"not_picked":["Sucker Punch","Underhanded Strike","Deflect"],"picked":"SKIP","floor":11},{"not_picked":["Deflect","Slice","Accuracy"],"picked":"SKIP","floor":13},{"not_picked":["Accuracy","Flechettes","Slice"],"picked":"SKIP","floor":14}],"player_experience":199974,"relics_obtained":[{"floor":9,"key":"Paper Crane"}],"event_choices":[{"damage_healed":0,"gold_gain":0,"cards_transformed":["Strike_G"],"player_choice":"Change","damage_taken":0,"max_hp_gain":0,"max_hp_loss":0,"event_name":"Living Wall","floor":12,"gold_loss":0,"cards_obtained":["Phantasmal Killer"]}],"is_beta":true,"boss_relics":[],"items_purged_floors":[],"is_endless":false,"potions_floor_spawned":[1,2,5,11],"killed_by":"Hexaghost","ascension_level":0}