{"gold_per_floor":[119,194,214,225,17,17,17,34,61,87,105,105,115,130,130,229,229,242,47,47,64,82,82],"floor_reached":23,"playtime":1288,"items_purged":[],"score":215,"play_id":"b4846a69-e6e5-4cdf-9ba9-7c813e0a1e2d","local_time":"20190606172701","is_ascension_mode":true,"campfire_choices":[{"floor":12.0,"key":"RECALL"},{"data":"Neutralize","floor":15.0,"key":"SMITH"}],"neow_cost":"NONE","seed_source_timestamp":0,"circlet_count":0,"master_deck":["Defend_G","Defend_G","Defend_G","Defend_G","Defend_G","Strike_G","Strike_G","Strike_G","Strike_G","Strike_G","Survivor","Neutralize+1","Dagger Spray","Terror","Blur","Heel Hook","Deadly Poison","Backflip","Blade Dance","Storm of Steel","Cloak And Dagger","Slice","Infinite Blades","PiercingWail"],"special_seed":0,"relics":["Ring of the Snake","ClockworkSouvenir","Bronze Scales","Bag of Preparation","Cursed Key","Nloth\u0027s Gift"],"potions_floor_usage":[23],"damage_taken":[{"damage":6.0,"enemies":"Cultist","floor":1.0,"turns":5.0},{"damage":5.0,"enemies":"2 Louse","floor":3.0,"turns":3.0},{"damage":0.0,"enemies":"Jaw Worm","floor":4.0,"turns":4.0},{"damage":13.0,"enemies":"3 Louse","floor":8.0,"turns":3.0},{"damage":34.0,"enemies":"3 Sentries","floor":10.0,"turns":11.0},{"damage":0.0,"enemies":"Blue Slaver","floor":11.0,"turns":4.0},{"damage":0.0,"enemies":"2 Fungi Beasts","floor":13.0,"turns":3.0},{"damage":0.0,"enemies":"Exordium Wildlife","floor":14.0,"turns":4.0},{"damage":5.0,"enemies":"The Guardian","floor":16.0,"turns":11.0},{"damage":24,"enemies":"2 Thieves","floor":18,"turns":5},{"damage":7,"enemies":"Chosen","floor":21,"turns":3},{"damage":36,"enemies":"3 Cultists","floor":22,"turns":7},{"damage":12,"enemies":"Book of Stabbing","floor":23,"turns":5}],"seed_played":"-9033018945564250219","potions_obtained":[{"floor":1.0,"key":"LiquidBronze"},{"floor":4.0,"key":"Swift Potion"},{"floor":11.0,"key":"Strength Potion"},{"floor":13.0,"key":"Explosive Potion"},{"floor":22,"key":"GhostInAJar"}],"is_trial":false,"path_per_floor":["M","?","M","M","$","?","$","M","T","E","M","R","M","M","R","B",null,"M","$","?","M","M","E"],"character_chosen":"THE_SILENT","items_purchased":["ClockworkSouvenir","Oddly Smooth Stone","Slice"],"campfire_rested":0,"item_purchase_floors":[5,19,19],"current_hp_per_floor":[71,60,55,55,55,60,60,47,47,13,13,13,13,13,13,8,77,53,53,53,46,10,0],"gold":82,"neow_bonus":"TEN_PERCENT_HP_BONUS","is_prod":false,"is_daily":false,"chose_seed":false,"campfire_upgraded":1,"win_rate":0,"timestamp":1559856421,"path_taken":["M","?","M","M","$","?","$","M","T","E","M","R","M","M","R","BOSS","M","$","?","M","?","E"],"build_version":"2019-01-23","purchased_purges":0,"victory":false,"max_hp_per_floor":[77,77,77,77,77,77,77,77,77,77,77,77,77,77,77,77,77,77,77,77,77,77,77],"card_choices":[{"not_picked":["Riddle With Holes","All Out Attack"],"picked":"Dagger Spray","floor":1.0},{"not_picked":["Sucker Punch","Riddle With Holes"],"picked":"Terror","floor":3.0},{"not_picked":["Underhanded Strike","Concentrate"],"picked":"PiercingWail","floor":4.0},{"not_picked":["Catalyst","Dagger Throw"],"picked":"Blur","floor":8.0},{"not_picked":["Dagger Spray","Expertise"],"picked":"Heel Hook","floor":10.0},{"not_picked":["Underhanded Strike","Flying Knee"],"picked":"Deadly Poison","floor":11.0},{"not_picked":["Prepared","Quick Slash"],"picked":"Backflip","floor":13.0},{"not_picked":["Cloak And Dagger","Bouncing Flask"],"picked":"Blade Dance","floor":14.0},{"not_picked":["Envenom","Night Terror"],"picked":"Storm of Steel","floor":16.0},{"not_picked":["Outmaneuver","Poisoned Stab"],"picked":"Cloak And Dagger","floor":18},{"not_picked":["Sucker Punch+1","Storm of Steel"],"picked":"Infinite Blades","floor":21},{"not_picked":["Deflect","Prepared"],"picked":"PiercingWail","floor":22}],"player_experience":431483,"relics_obtained":[{"floor":9.0,"key":"Bronze Scales"},{"floor":10.0,"key":"Bag of Preparation"}],"event_choices":[{"damage_healed":0.0,"max_hp_gain":0.0,"max_hp_loss":0.0,"gold_gain":75.0,"event_name":"World of Goop","player_choice":"Gather Gold","floor":2.0,"gold_loss":0.0,"damage_taken":11.0},{"cards_removed":["PiercingWail"],"damage_healed":5.0,"max_hp_gain":0.0,"max_hp_loss":0.0,"gold_gain":0.0,"event_name":"Bonfire Elementals","player_choice":"Offered Common","floor":6.0,"gold_loss":0.0,"damage_taken":0.0},{"cards_removed":["PiercingWail"],"damage_healed":5.0,"max_hp_gain":0.0,"max_hp_loss":0.0,"gold_gain":0.0,"event_name":"Bonfire Elementals","player_choice":"Offered Special","floor":6.0,"gold_loss":0.0,"damage_taken":0.0},{"damage_healed":0,"gold_gain":0,"player_choice":"Traded Relic","damage_taken":0,"relics_obtained":["Nloth\u0027s Gift"],"max_hp_gain":0,"max_hp_loss":0,"event_name":"N\u0027loth","floor":20,"relics_lost":["Oddly Smooth Stone"],"gold_loss":0}],"is_beta":false,"boss_relics":[{"not_picked":["Calling Bell","Astrolabe"],"picked":"Cursed Key"}],"items_purged_floors":[],"is_endless":false,"potions_floor_spawned":[1,4,11,13,22],"killed_by":"Book of Stabbing","ascension_level":2}