{"gold_per_floor":[111,122,272,272,44,64,83,83,108,108],"floor_reached":10,"playtime":318,"items_purged":["Doubt"],"score":110,"play_id":"b5a3b88b-6afe-4912-ab97-80eeab5df73e","local_time":"20190207142409","is_ascension_mode":true,"campfire_choices":[{"data":"Rainbow","floor":8,"key":"SMITH"}],"neow_cost":"NONE","seed_source_timestamp":780227778754710,"circlet_count":0,"master_deck":["AscendersBane","Strike_B","Strike_B","Strike_B","Strike_B","Defend_B","Defend_B","Defend_B","Defend_B","Zap+1","Dualcast","Cold Snap","Ball Lightning","Regret","Heatsinks","Conserve Battery","Stack","Coolheaded","Rainbow+1"],"relics":["Cracked Core","Ancient Tea Set","Orichalcum"],"potions_floor_usage":[],"damage_taken":[{"damage":12,"enemies":"Jaw Worm","floor":1,"turns":4},{"damage":4,"enemies":"2 Louse","floor":2,"turns":3},{"damage":0,"enemies":"Small Slimes","floor":6,"turns":3},{"damage":7,"enemies":"3 Louse","floor":7,"turns":5},{"damage":41,"enemies":"Gremlin Nob","floor":10,"turns":4}],"seed_played":"-4248019576384438460","potions_obtained":[{"floor":2,"key":"SneckoOil"},{"floor":6,"key":"Swift Potion"}],"is_trial":false,"path_per_floor":["M","M","?","?","$","M","M","R","T","E"],"character_chosen":"DEFECT","items_purchased":["Heatsinks","Conserve Battery","Stack"],"campfire_rested":0,"item_purchase_floors":[5,5,5],"current_hp_per_floor":[52,48,48,48,48,48,41,41,41,0],"gold":108,"neow_bonus":"UPGRADE_CARD","is_prod":false,"is_daily":false,"chose_seed":false,"campfire_upgraded":1,"win_rate":0,"timestamp":1549567449,"path_taken":["M","M","?","?","$","M","M","R","T","E"],"build_version":"2019-02-06","purchased_purges":1,"victory":false,"max_hp_per_floor":[71,71,71,71,71,71,71,71,71,71],"card_choices":[{"not_picked":["Beam Cell","Auto Shields"],"picked":"Cold Snap","floor":1},{"not_picked":["Redo","Auto Shields"],"picked":"Ball Lightning","floor":2},{"not_picked":["Tempest","Steam"],"picked":"Coolheaded","floor":6},{"not_picked":["Reprogram","Aggregate"],"picked":"Rainbow","floor":7}],"player_experience":927763,"relics_obtained":[{"floor":9,"key":"Orichalcum"}],"event_choices":[{"damage_healed":0,"gold_gain":150,"player_choice":"AGREE","damage_taken":0,"max_hp_gain":0,"max_hp_loss":0,"event_name":"Liars Game","floor":3,"gold_loss":0,"cards_obtained":["Doubt"]},{"damage_healed":0,"gold_gain":0,"player_choice":"Box","damage_taken":0,"relics_obtained":["Ancient Tea Set"],"max_hp_gain":0,"max_hp_loss":0,"event_name":"Big Fish","floor":4,"gold_loss":0,"cards_obtained":["Regret"]}],"is_beta":true,"boss_relics":[],"items_purged_floors":[5],"is_endless":false,"potions_floor_spawned":[2,6],"killed_by":"Gremlin Nob","ascension_level":18}