{"gold_per_floor":[115,115,127,141,141,174,207,220,294,307,307,307,482,482,482,583,583,593,593,593,593,608,635,635,635,635,647,12,38,68,83,83,187,187,187],"floor_reached":35,"playtime":1939,"items_purged":[],"score":726,"play_id":"1186e681-abe4-4cff-920e-26a75b2c09a9","local_time":"20190129131508","daily_mods":["SealedDeck","Heirloom","Flight"],"is_ascension_mode":false,"campfire_choices":[{"data":"Chaos","floor":15,"key":"SMITH"},{"data":"Buffer","floor":27,"key":"SMITH"},{"data":"Static Discharge","floor":32,"key":"SMITH"}],"neow_cost":"","seed_source_timestamp":0,"circlet_count":0,"master_deck":["Go for the Eyes","Chaos+1","Conserve Battery+1","Coolheaded","Static Discharge+1","Conserve Battery","Cold Snap","Cold Snap+1","Coolheaded","Glacier","Coolheaded","Recycle","Buffer+1","Capacitor+1","Capacitor+1","White Noise","Echo Form+1","Heatsinks+1","Defragment+1","White Noise","Crippling Poison+1","Envenom+1"],"relics":["Cracked Core","Du-Vu Doll","Regal Pillow","Unceasing Top","Anchor","Frozen Egg 2","Omamori","Ice Cream","Orrery","Juzu Bracelet","Smiling Mask","MutagenicStrength","MawBank","Prayer Wheel","PrismaticShard","Darkstone Periapt","Tiny Chest","Black Star"],"potions_floor_usage":[23,29,33],"damage_taken":[{"damage":0,"enemies":"Cultist","floor":1,"turns":5},{"damage":0,"enemies":"Jaw Worm","floor":3,"turns":4},{"damage":0,"enemies":"2 Louse","floor":4,"turns":3},{"damage":0,"enemies":"3 Sentries","floor":6,"turns":15},{"damage":6,"enemies":"Gremlin Nob","floor":7,"turns":7},{"damage":0,"enemies":"Blue Slaver","floor":8,"turns":5},{"damage":0,"enemies":"Large Slime","floor":10,"turns":10},{"damage":0,"enemies":"The Guardian","floor":16,"turns":16},{"damage":2,"enemies":"Shell Parasite","floor":18,"turns":8},{"damage":1,"enemies":"Chosen","floor":22,"turns":9},{"damage":0,"enemies":"Book of Stabbing","floor":23,"turns":8},{"damage":0,"enemies":"Gremlin Leader","floor":29,"turns":8},{"damage":0,"enemies":"Centurion and Healer","floor":31,"turns":9},{"damage":33,"enemies":"Collector","floor":33,"turns":13},{"damage":0,"enemies":"Orb Walker","floor":35,"turns":1}],"seed_played":"6555326412308627948","potions_obtained":[{"floor":1,"key":"EssenceOfSteel"},{"floor":4,"key":"Weak Potion"},{"floor":16,"key":"PowerPotion"},{"floor":18,"key":"Weak Potion"},{"floor":23,"key":"Block Potion"}],"is_trial":true,"path_per_floor":["M","?","M","M","?","E","E","M","T","M","?","T","?","T","R","B",null,"M","?","?","?","M","E","T","?","T","R","$","E","?","M","R","B",null,"M"],"character_chosen":"DEFECT","items_purchased":["Defragment+1","White Noise","Prayer Wheel","PrismaticShard"],"campfire_rested":0,"item_purchase_floors":[28,28,28,28],"current_hp_per_floor":[75,75,75,75,75,75,69,69,69,69,54,54,54,54,54,54,75,73,73,59,90,89,89,89,89,89,89,89,89,89,89,89,56,90,90],"gold":187,"neow_bonus":"","is_prod":false,"is_daily":false,"chose_seed":false,"campfire_upgraded":3,"win_rate":0,"timestamp":1548785708,"path_taken":["M","?","?","M","?","E","E","?","T","M","?","?","?","?","R","BOSS","M","?","?","?","?","E","?","?","T","R","?","E","?","M","R","BOSS","M"],"build_version":"2019-01-23","purchased_purges":0,"victory":false,"max_hp_per_floor":[75,75,75,75,75,75,75,75,75,75,75,75,75,75,75,75,75,75,75,80,90,90,90,90,90,90,90,90,90,90,90,90,90,90,90],"card_choices":[{"not_picked":["Gash","Skim","Ball Lightning"],"picked":"SKIP","floor":1},{"not_picked":["Self Repair","Leap"],"picked":"Coolheaded","floor":3},{"not_picked":["Stack","Streamline","Scrape"],"picked":"SKIP","floor":4},{"not_picked":["Leap","Beam Cell"],"picked":"Recycle","floor":6},{"not_picked":["Cold Snap","Barrage"],"picked":"Buffer","floor":7},{"not_picked":["Conserve Battery","Double Energy","Steam"],"picked":"SKIP","floor":8},{"not_picked":["Ball Lightning","Hologram"],"picked":"Capacitor+1","floor":10},{"not_picked":["Machine Learning+1","Reboot"],"picked":"Echo Form+1","floor":16},{"not_picked":["Ball Lightning","Cold Snap"],"picked":"Capacitor+1","floor":17},{"not_picked":["Lockon","Steam"],"picked":"White Noise","floor":17},{"not_picked":["Steam Power","Tempest"],"picked":"Echo Form+1","floor":18},{"not_picked":["Sweeping Beam","Coolheaded+1","Double Energy"],"picked":"SKIP","floor":22},{"not_picked":["Sweeping Beam+1","Recycle","Streamline"],"picked":"SKIP","floor":23},{"not_picked":["Undo+1","Tempest","Reckless Charge"],"picked":"SKIP","floor":29},{"not_picked":["Poisoned Stab+1","Dodge and Roll"],"picked":"Crippling Poison+1","floor":31},{"not_picked":["Leap+1","Ball Lightning","Acrobatics"],"picked":"SKIP","floor":31},{"not_picked":["Biased Cognition+1","Fiend Fire"],"picked":"Envenom+1","floor":33}],"player_experience":901354,"relics_obtained":[{"floor":6,"key":"Unceasing Top"},{"floor":7,"key":"Anchor"},{"floor":9,"key":"Frozen Egg 2"},{"floor":12,"key":"Omamori"},{"floor":14,"key":"Ice Cream"},{"floor":23,"key":"Juzu Bracelet"},{"floor":24,"key":"Smiling Mask"},{"floor":26,"key":"MawBank"},{"floor":29,"key":"Darkstone Periapt"}],"event_choices":[{"damage_healed":0,"gold_gain":0,"player_choice":"Ignored","damage_taken":0,"max_hp_gain":0,"max_hp_loss":0,"event_name":"NoteForYourself","floor":2,"gold_loss":0},{"damage_healed":0,"gold_gain":0,"player_choice":"Gave Potion","damage_taken":0,"relics_obtained":["Regal Pillow"],"max_hp_gain":0,"max_hp_loss":0,"event_name":"WeMeetAgain","floor":5,"gold_loss":0},{"damage_healed":0,"gold_gain":0,"player_choice":"Entered Light","damage_taken":15,"max_hp_gain":0,"max_hp_loss":0,"event_name":"Shining Light","floor":11,"gold_loss":0,"cards_upgraded":["Cold Snap","Conserve Battery"]},{"damage_healed":0,"gold_gain":175,"player_choice":"AGREE","damage_taken":0,"max_hp_gain":0,"max_hp_loss":0,"event_name":"Liars Game","floor":13,"gold_loss":0,"cards_obtained":["Doubt"]},{"damage_healed":0,"gold_gain":0,"player_choice":"Read","damage_taken":0,"max_hp_gain":0,"max_hp_loss":0,"event_name":"The Library","floor":19,"gold_loss":0,"cards_obtained":["Heatsinks"]},{"damage_healed":0,"gold_gain":0,"player_choice":"Shed Blood","damage_taken":19,"max_hp_gain":5,"max_hp_loss":0,"event_name":"Forgotten Altar","floor":20,"gold_loss":0},{"cards_removed":["Echo Form"],"damage_healed":21,"gold_gain":0,"player_choice":"Offered Rare","damage_taken":0,"max_hp_gain":10,"max_hp_loss":0,"event_name":"Bonfire Elementals","floor":21,"gold_loss":0},{"damage_healed":0,"gold_gain":0,"player_choice":"Inject Mutagens","damage_taken":0,"relics_obtained":["MutagenicStrength"],"max_hp_gain":0,"max_hp_loss":0,"event_name":"Drug Dealer","floor":25,"gold_loss":0},{"damage_healed":0,"gold_gain":0,"player_choice":"Opened","damage_taken":0,"relics_obtained":["Tiny Chest"],"max_hp_gain":0,"max_hp_loss":0,"event_name":"The Mausoleum","floor":30,"gold_loss":0,"cards_obtained":["Writhe"]}],"is_beta":true,"boss_relics":[{"not_picked":["Lizard Tail","Velvet Choker"],"picked":"Orrery"},{"not_picked":["Fusion Hammer","Runic Dome"],"picked":"Black Star"}],"items_purged_floors":[],"is_endless":true,"potions_floor_spawned":[1,4,16,18,23],"killed_by":"Orb Walker","ascension_level":0}