{"gold_per_floor":[118,137,137,157,157,189,189,222,275,285,310,323,323,323,323,442,442,462,476,476,37,37],"floor_reached":22,"playtime":783,"items_purged":["Decay"],"score":235,"play_id":"4f10f0c6-7af6-4c66-b21e-43e4c75fd817","local_time":"20190711202338","is_ascension_mode":true,"campfire_choices":[{"floor":7.0,"key":"REST"},{"floor":15.0,"key":"REST"}],"neow_cost":"NONE","seed_source_timestamp":0,"circlet_count":0,"master_deck":["Strike_B","Strike_B","Strike_B","Strike_B","Defend_B","Defend_B","Defend_B","Defend_B","Zap","Dualcast","Redo","Streamline+1","Defragment","Go for the Eyes","Rainbow","Gash","Rip and Tear","Coolheaded","Injury","Rainbow","Recycle+1","Cold Snap","Scrape","Loop"],"special_seed":0,"relics":["Cracked Core","Mercury Hourglass","Oddly Smooth Stone","Symbiotic Virus","Golden Idol","Black Star","Sundial"],"potions_floor_usage":[],"damage_taken":[{"damage":3.0,"enemies":"Jaw Worm","floor":1.0,"turns":4.0},{"damage":4.0,"enemies":"Small Slimes","floor":2.0,"turns":3.0},{"damage":0.0,"enemies":"2 Louse","floor":4.0,"turns":2.0},{"damage":37.0,"enemies":"Lagavulin","floor":6.0,"turns":6.0},{"damage":25.0,"enemies":"3 Sentries","floor":8.0,"turns":5.0},{"damage":0.0,"enemies":"2 Fungi Beasts","floor":10.0,"turns":3.0},{"damage":15.0,"enemies":"Lagavulin","floor":11.0,"turns":6.0},{"damage":10.0,"enemies":"Lots of Slimes","floor":12.0,"turns":2.0},{"damage":9.0,"enemies":"Slime Boss","floor":16.0,"turns":7.0},{"damage":18.0,"enemies":"Shell Parasite","floor":18.0,"turns":4.0},{"damage":24,"enemies":"Spheric Guardian","floor":19,"turns":4},{"damage":47,"enemies":"Shelled Parasite and Fungi","floor":22,"turns":3}],"seed_played":"-3622203829890993193","potions_obtained":[{"floor":1.0,"key":"SkillPotion"},{"floor":6.0,"key":"Explosive Potion"},{"floor":12.0,"key":"Dexterity Potion"},{"floor":16.0,"key":"Weak Potion"}],"is_trial":false,"path_per_floor":["M","M","?","M","?","E","R","E","T","M","E","M","?","?","R","B",null,"M","M","?","$","M"],"character_chosen":"DEFECT","items_purchased":["Scrape","Sundial","Loop"],"campfire_rested":2,"item_purchase_floors":[21,21,21],"current_hp_per_floor":[79,75,75,75,75,38,62,37,37,37,22,12,12,12,36,27,82,64,40,40,40,0],"gold":37,"neow_bonus":"TEN_PERCENT_HP_BONUS","is_prod":false,"is_daily":false,"chose_seed":false,"campfire_upgraded":0,"win_rate":0,"timestamp":1562891018,"path_taken":["M","M","?","M","?","E","R","E","T","M","E","M","?","?","R","BOSS","M","M","?","$","M"],"build_version":"2019-07-05","purchased_purges":1,"victory":false,"max_hp_per_floor":[82,82,82,82,82,82,82,82,82,82,82,82,82,82,82,82,82,82,82,82,82,82],"card_choices":[{"not_picked":["Steam Power","Steam"],"picked":"Redo","floor":1.0},{"not_picked":["Rebound","Compile Driver"],"picked":"Streamline","floor":2.0},{"not_picked":["Rebound","Gash"],"picked":"Defragment","floor":4.0},{"not_picked":["Sweeping Beam","White Noise"],"picked":"Go for the Eyes","floor":6.0},{"not_picked":["Undo","Coolheaded"],"picked":"Rainbow","floor":8.0},{"not_picked":["Heatsinks","Sweeping Beam"],"picked":"Gash","floor":10.0},{"not_picked":["Streamline","Barrage"],"picked":"Rip and Tear","floor":11.0},{"not_picked":["Force Field","Ball Lightning"],"picked":"Coolheaded","floor":12.0},{"not_picked":["Biased Cognition","Fission"],"picked":"Rainbow","floor":16.0},{"not_picked":["Sweeping Beam","Streamline"],"picked":"Recycle+1","floor":18},{"not_picked":["Heatsinks","Redo+1"],"picked":"Cold Snap","floor":19}],"player_experience":542262,"relics_obtained":[{"floor":6.0,"key":"Mercury Hourglass"},{"floor":8.0,"key":"Oddly Smooth Stone"},{"floor":11.0,"key":"Symbiotic Virus"}],"event_choices":[{"damage_healed":0.0,"max_hp_gain":0.0,"max_hp_loss":0.0,"gold_gain":0.0,"event_name":"Living Wall","player_choice":"Grow","floor":3.0,"gold_loss":0.0,"damage_taken":0.0,"cards_upgraded":["Streamline"]},{"damage_healed":0.0,"max_hp_gain":0.0,"max_hp_loss":0.0,"gold_gain":0.0,"event_name":"Shining Light","player_choice":"Ignored","floor":5.0,"gold_loss":0.0,"damage_taken":0.0},{"damage_healed":0.0,"max_hp_gain":0.0,"max_hp_loss":0.0,"gold_gain":0.0,"event_name":"Golden Idol","player_choice":"Take Wound","floor":13.0,"gold_loss":0.0,"damage_taken":0.0,"relics_obtained":["Golden Idol"],"cards_obtained":["Injury"]},{"damage_healed":0.0,"max_hp_gain":0.0,"max_hp_loss":0.0,"gold_gain":0.0,"event_name":"Scrap Ooze","player_choice":"Fled","floor":14.0,"gold_loss":0.0,"damage_taken":0.0},{"damage_healed":0,"gold_gain":0,"player_choice":"Cursed","damage_taken":0,"max_hp_gain":0,"max_hp_loss":0,"event_name":"Wheel of Change","floor":20,"gold_loss":0,"cards_obtained":["Decay"]}],"is_beta":false,"boss_relics":[{"not_picked":["Ectoplasm","Pandora\u0027s Box"],"picked":"Black Star"}],"items_purged_floors":[21],"is_endless":false,"potions_floor_spawned":[1,6,12,16],"killed_by":"Shelled Parasite and Fungi","ascension_level":3}