{"gold_per_floor":[110,285,76,76,30,30,30,30,83,83,83,83,117,132,132,235,235,252,252,252,252,269,300,300,314,314,160,160,75,75],"floor_reached":30,"playtime":1539,"items_purged":["Doubt"],"score":240,"play_id":"7b0869eb-2ff9-4713-b593-45afdaed45dd","local_time":"20190701231907","is_ascension_mode":false,"campfire_choices":[{"data":"Blade Dance","floor":6,"key":"SMITH"},{"data":"Noxious Fumes","floor":8,"key":"SMITH"},{"data":"Riddle With Holes","floor":10,"key":"SMITH"},{"data":"Iron Wave","floor":12,"key":"SMITH"},{"floor":15,"key":"REST"},{"floor":24,"key":"REST"}],"neow_cost":"NONE","seed_source_timestamp":852997822087256,"circlet_count":0,"master_deck":["Survivor","Neutralize","Terror","Catalyst+1","Riddle With Holes+1","Footwork","Slice","Distraction","Corpse Explosion","Blur","Noxious Fumes+1","Infinite Blades","PiercingWail+1","Slice","Blade Dance+1","Iron Wave+1","Cloak And Dagger","Bouncing Flask","Storm of Steel+1","Bane","RitualDagger","Infinite Blades","Deadly Poison+1","Noxious Fumes+1"],"relics":["Vajra","Ice Cream","Sozu","Snake Skull","Nloth\u0027s Gift","Orichalcum","Bronze Scales","Bag of Marbles","War Paint"],"potions_floor_usage":[30,30],"damage_taken":[{"damage":1,"enemies":"Jaw Worm","floor":1,"turns":3},{"damage":14,"enemies":"3 Sentries","floor":13,"turns":5},{"damage":1,"enemies":"Small Slimes","floor":14,"turns":4},{"damage":6,"enemies":"The Guardian","floor":16,"turns":8},{"damage":8,"enemies":"Spheric Guardian","floor":18,"turns":4},{"damage":5,"enemies":"Shell Parasite","floor":22,"turns":3},{"damage":47,"enemies":"Book of Stabbing","floor":23,"turns":5},{"damage":8,"enemies":"Snecko","floor":25,"turns":3},{"damage":17,"enemies":"Shelled Parasite and Fungi","floor":30,"turns":3}],"seed_played":"2925251781902553400","potions_obtained":[{"floor":13,"key":"Swift Potion"},{"floor":14,"key":"SneckoOil"}],"is_trial":false,"path_per_floor":["M","?","$","?","$","R","?","R","T","R","?","R","E","M","R","B",null,"M","T","?","?","M","E","R","M","T","$","T","?","M"],"character_chosen":"THE_SILENT","items_purchased":["Infinite Blades","PiercingWail","Slice","Blade Dance","Bronze Scales"],"campfire_rested":2,"item_purchase_floors":[3,3,3,5,27],"current_hp_per_floor":[69,69,69,69,69,69,62,62,62,62,62,62,48,47,68,62,70,62,62,56,56,51,4,25,17,17,17,17,17,0],"gold":75,"neow_bonus":"BOSS_RELIC","is_prod":false,"is_daily":false,"chose_seed":false,"campfire_upgraded":4,"win_rate":0,"timestamp":1562041147,"path_taken":["M","?","$","?","$","R","?","R","T","R","?","R","E","M","R","BOSS","M","?","?","?","?","E","R","?","T","$","?","?","?"],"build_version":"2019-07-01","purchased_purges":1,"victory":false,"max_hp_per_floor":[70,70,70,70,70,70,70,70,70,70,70,70,70,70,70,70,70,70,70,70,70,70,70,70,70,70,70,70,70,70],"card_choices":[{"not_picked":["Quick Slash","Dodge and Roll"],"picked":"Noxious Fumes","floor":1},{"not_picked":["Acrobatics","Footwork"],"picked":"Cloak And Dagger","floor":13},{"not_picked":["Deadly Poison","Well Laid Plans"],"picked":"Bouncing Flask","floor":14},{"not_picked":["Bullet Time","Phantasmal Killer"],"picked":"Storm of Steel","floor":16},{"not_picked":["Dagger Spray","Sucker Punch+1"],"picked":"Bane","floor":18},{"not_picked":["Deflect","PiercingWail+1"],"picked":"Infinite Blades","floor":22},{"not_picked":["Bullet Time","Crippling Poison"],"picked":"Deadly Poison+1","floor":23},{"not_picked":["Choke","Bane"],"picked":"Noxious Fumes+1","floor":25}],"player_experience":106268,"relics_obtained":[{"floor":9,"key":"Vajra"},{"floor":13,"key":"Ice Cream"},{"floor":19,"key":"Snake Skull"},{"floor":23,"key":"Orichalcum"},{"floor":28,"key":"Bag of Marbles"}],"event_choices":[{"damage_healed":0,"gold_gain":175,"player_choice":"AGREE","damage_taken":0,"max_hp_gain":0,"max_hp_loss":0,"event_name":"Liars Game","floor":2,"gold_loss":0,"cards_obtained":["Doubt"]},{"damage_healed":0,"gold_gain":0,"player_choice":"Grow","damage_taken":0,"max_hp_gain":0,"max_hp_loss":0,"event_name":"Living Wall","floor":4,"gold_loss":0,"cards_upgraded":["Catalyst"]},{"cards_removed":["Expertise"],"damage_healed":0,"gold_gain":0,"player_choice":"Card Removal","damage_taken":7,"max_hp_gain":0,"max_hp_loss":0,"event_name":"Golden Wing","floor":7,"gold_loss":0},{"cards_removed":["Doppelganger"],"damage_healed":0,"gold_gain":0,"player_choice":"Took Card","damage_taken":0,"max_hp_gain":0,"max_hp_loss":0,"event_name":"NoteForYourself","floor":11,"gold_loss":0,"cards_obtained":["Iron Wave"]},{"damage_healed":0,"gold_gain":0,"player_choice":"Joined the Cult","damage_taken":6,"max_hp_gain":0,"max_hp_loss":0,"event_name":"Nest","floor":20,"gold_loss":0,"cards_obtained":["RitualDagger"]},{"damage_healed":0,"gold_gain":0,"player_choice":"Traded Relic","damage_taken":0,"relics_obtained":["Nloth\u0027s Gift"],"max_hp_gain":0,"max_hp_loss":0,"event_name":"N\u0027loth","floor":21,"relics_lost":["Pandora\u0027s Box"],"gold_loss":0},{"damage_healed":0,"gold_gain":0,"player_choice":"Obtained Relic","damage_taken":0,"relics_obtained":["War Paint"],"max_hp_gain":0,"max_hp_loss":0,"event_name":"Addict","floor":29,"gold_loss":85}],"is_beta":false,"boss_relics":[{"not_picked":["HoveringKite","Calling Bell"],"picked":"Sozu"}],"items_purged_floors":[3],"is_endless":false,"potions_floor_spawned":[13,14,23],"killed_by":"Shelled Parasite and Fungi","ascension_level":0}