{"gold_per_floor":[113,113,133,151,151,151,182,205,205,229,229,268,292,292,292,422,422,435,435,448,448,448,448,158,185,185,244,244,244],"floor_reached":29,"playtime":1253,"items_purged":[],"score":325,"play_id":"71446528-5c0d-4c54-9e83-699291fda429","local_time":"20190628181905","is_ascension_mode":true,"campfire_choices":[{"floor":6.0,"key":"RECALL"},{"data":"Perfected Strike","floor":11,"key":"SMITH"},{"floor":15,"key":"REST"},{"data":"Demon Form","floor":23,"key":"SMITH"}],"neow_cost":"NONE","seed_source_timestamp":0,"circlet_count":0,"master_deck":["Strike_R","Strike_R","Strike_R","Strike_R","Strike_R","Defend_R","Defend_R","Defend_R","Defend_R","Bash+1","Twin Strike","Perfected Strike+1","Ghostly Armor","Injury","Clothesline","Body Slam","Iron Wave","Cleave","Double Tap","Demon Form+1","Clothesline+1","Dual Wield","Carnage","Perfected Strike+1"],"special_seed":0,"relics":["Burning Blood","Lantern","Bloody Idol","Pear","Bottled Lightning","Darkstone Periapt","Busted Crown","Ginger","Blue Candle","Gremlin Horn","Tiny Chest","Potion Belt"],"potions_floor_usage":[8,12,18,20],"damage_taken":[{"damage":0.0,"enemies":"2 Louse","floor":1.0,"turns":3.0},{"damage":9.0,"enemies":"Jaw Worm","floor":3.0,"turns":3.0},{"damage":1.0,"enemies":"Cultist","floor":4.0,"turns":3.0},{"damage":50,"enemies":"3 Sentries","floor":7,"turns":11},{"damage":0,"enemies":"Looter","floor":8,"turns":1},{"damage":0,"enemies":"2 Fungi Beasts","floor":10,"turns":3},{"damage":12,"enemies":"Gremlin Nob","floor":12,"turns":3},{"damage":8,"enemies":"Blue Slaver","floor":13,"turns":3},{"damage":38,"enemies":"Slime Boss","floor":16,"turns":11},{"damage":11,"enemies":"2 Thieves","floor":18,"turns":3},{"damage":0,"enemies":"Spheric Guardian","floor":20,"turns":3},{"damage":43,"enemies":"Book of Stabbing","floor":25,"turns":5},{"damage":52,"enemies":"Slavers","floor":27,"turns":4},{"damage":23,"enemies":"Book of Stabbing","floor":29,"turns":3}],"seed_played":"-4213686134671769230","potions_obtained":[{"floor":7,"key":"AttackPotion"},{"floor":10,"key":"Strength Potion"},{"floor":12,"key":"Fire Potion"},{"floor":13,"key":"Explosive Potion"},{"floor":25,"key":"SteroidPotion"}],"is_trial":false,"path_per_floor":["M","?","M","M","?","R","E","M","T","M","R","E","M","T","R","B",null,"M","$","M","?","?","R","$","E","T","E","T","E"],"character_chosen":"IRONCLAD","items_purchased":["Ginger"],"campfire_rested":1,"item_purchase_floors":[24],"current_hp_per_floor":[80,80,77,80,80,80,46,52,52,58,58,52,50,50,77,45,90,85,85,90,90,90,90,90,58,58,22,22,0],"gold":244,"neow_bonus":"RANDOM_COMMON_RELIC","is_prod":false,"is_daily":false,"chose_seed":false,"campfire_upgraded":2,"win_rate":0,"timestamp":1561760345,"path_taken":["M","?","M","M","?","R","E","M","T","M","R","E","M","?","R","BOSS","M","$","?","?","?","R","$","E","T","E","?","E"],"build_version":"2019-01-23","purchased_purges":0,"victory":false,"max_hp_per_floor":[80,80,80,80,80,80,90,90,90,90,90,90,90,90,90,90,90,90,90,90,90,90,90,90,90,90,90,90,90],"card_choices":[{"not_picked":["Warcry","Rage"],"picked":"Twin Strike","floor":1.0},{"not_picked":["True Grit","Body Slam"],"picked":"Perfected Strike","floor":3.0},{"not_picked":["Pommel Strike","Iron Wave"],"picked":"Ghostly Armor","floor":4.0},{"not_picked":["Body Slam","Power Through"],"picked":"Clothesline","floor":7},{"not_picked":["Sentinel","Hemokinesis"],"picked":"Body Slam","floor":8},{"not_picked":["Cleave","Twin Strike"],"picked":"Iron Wave","floor":10},{"not_picked":["Carnage","Flame Barrier"],"picked":"Cleave","floor":12},{"not_picked":["Pommel Strike","Fire Breathing"],"picked":"Double Tap","floor":13},{"not_picked":["Reaper","Juggernaut"],"picked":"Demon Form","floor":16},{"not_picked":[],"picked":"Clothesline+1","floor":18},{"not_picked":[],"picked":"Dual Wield","floor":20},{"not_picked":[],"picked":"Carnage","floor":25},{"not_picked":[],"picked":"Perfected Strike+1","floor":27}],"player_experience":514065,"relics_obtained":[{"floor":7,"key":"Pear"},{"floor":12,"key":"Bottled Lightning"},{"floor":14,"key":"Darkstone Periapt"},{"floor":25,"key":"Blue Candle"},{"floor":26,"key":"Gremlin Horn"},{"floor":27,"key":"Tiny Chest"},{"floor":28,"key":"Potion Belt"}],"event_choices":[{"damage_healed":0.0,"max_hp_gain":0.0,"max_hp_loss":0.0,"gold_gain":0.0,"event_name":"Living Wall","player_choice":"Grow","floor":2.0,"gold_loss":0.0,"damage_taken":0.0,"cards_upgraded":["Bash"]},{"damage_healed":0.0,"max_hp_gain":0.0,"max_hp_loss":0.0,"gold_gain":0.0,"event_name":"Golden Idol","player_choice":"Take Wound","floor":5.0,"gold_loss":0.0,"damage_taken":0.0,"relics_obtained":["Golden Idol"],"cards_obtained":["Injury"]},{"damage_healed":0,"gold_gain":0,"player_choice":"Gave Idol","damage_taken":0,"relics_obtained":["Bloody Idol"],"max_hp_gain":0,"max_hp_loss":0,"event_name":"Forgotten Altar","floor":21,"relics_lost":["Golden Idol"],"gold_loss":0},{"damage_healed":0,"gold_gain":0,"player_choice":"Ignored","damage_taken":0,"max_hp_gain":0,"max_hp_loss":0,"event_name":"The Mausoleum","floor":22,"gold_loss":0}],"is_beta":false,"boss_relics":[{"not_picked":["Fusion Hammer","Velvet Choker"],"picked":"Busted Crown"}],"items_purged_floors":[],"is_endless":false,"potions_floor_spawned":[7,10,12,13,25],"killed_by":"Book of Stabbing","ascension_level":4}