{"gold_per_floor":[111,124,134,134,134,134,152,152,178,190,200,218,218,218],"floor_reached":14,"playtime":1098,"items_purged":[],"score":117,"play_id":"df7c7af1-410b-4229-9a04-e2e35055d725","local_time":"20190707101024","is_ascension_mode":true,"campfire_choices":[{"data":"Streamline","floor":6.0,"key":"SMITH"},{"data":"Zap","floor":8.0,"key":"SMITH"},{"data":"Defragment","floor":13.0,"key":"SMITH"}],"neow_cost":"NONE","seed_source_timestamp":0,"circlet_count":0,"master_deck":["Strike_B","Strike_B","Strike_B","Strike_B","Defend_B","Defend_B","Defend_B","Defend_B","Zap+1","Dualcast","Redo","Streamline+1","Barrage","Defragment+1","Defragment","Steam"],"special_seed":0,"relics":["Cracked Core","Happy Flower"],"potions_floor_usage":[],"damage_taken":[{"damage":0.0,"enemies":"2 Louse","floor":1.0,"turns":3.0},{"damage":0.0,"enemies":"Small Slimes","floor":2.0,"turns":2.0},{"damage":0.0,"enemies":"Cultist","floor":3.0,"turns":3.0},{"damage":8.0,"enemies":"Blue Slaver","floor":7.0,"turns":3.0},{"damage":21.0,"enemies":"Exordium Thugs","floor":10.0,"turns":5.0},{"damage":7.0,"enemies":"Looter","floor":11.0,"turns":3.0},{"damage":16.0,"enemies":"Blue Slaver","floor":12.0,"turns":3.0},{"damage":0,"enemies":"Exordium Wildlife","floor":14,"turns":1}],"seed_played":"-3460519317744471303","potions_obtained":[{"floor":1.0,"key":"GamblersBrew"},{"floor":2.0,"key":"Dexterity Potion"},{"floor":5.0,"key":"Fruit Juice"},{"floor":7.0,"key":"LiquidBronze"},{"floor":12.0,"key":"PowerPotion"}],"is_trial":false,"path_per_floor":["M","M","M","?","?","R","M","R","T","M","M","M","R","M"],"character_chosen":"DEFECT","items_purchased":[],"campfire_rested":0,"item_purchase_floors":[],"current_hp_per_floor":[82,82,82,87,92,92,84,84,84,63,56,40,40,40],"gold":218,"neow_bonus":"TEN_PERCENT_HP_BONUS","is_prod":false,"is_daily":false,"chose_seed":false,"campfire_upgraded":3,"win_rate":0,"timestamp":1562508624,"path_taken":["M","M","M","?","?","R","M","R","T","?","M","M","R","M"],"build_version":"2019-07-05","purchased_purges":0,"victory":false,"max_hp_per_floor":[82,82,82,87,92,92,92,92,92,92,92,92,92,92],"card_choices":[{"not_picked":["Reprogram","Fusion"],"picked":"Redo","floor":1.0},{"not_picked":["Loop","Coolheaded"],"picked":"Streamline","floor":2.0},{"not_picked":["Chill","Hologram"],"picked":"Barrage","floor":3.0},{"not_picked":["Aggregate","Lockon"],"picked":"Defragment","floor":7.0},{"not_picked":["Multi-Cast","Aggregate"],"picked":"Defragment","floor":10.0},{"not_picked":["Beam Cell","Gash","Compile Driver"],"picked":"SKIP","floor":11.0},{"not_picked":["Undo","Barrage"],"picked":"Steam","floor":12.0}],"player_experience":649579,"relics_obtained":[{"floor":9.0,"key":"Happy Flower"}],"event_choices":[{"damage_healed":0.0,"max_hp_gain":5.0,"max_hp_loss":0.0,"gold_gain":0.0,"event_name":"Big Fish","player_choice":"Donut","floor":4.0,"gold_loss":0.0,"damage_taken":0.0},{"damage_healed":0.0,"max_hp_gain":0.0,"max_hp_loss":0.0,"gold_gain":0.0,"event_name":"Lab","player_choice":"Got Potions","floor":5.0,"gold_loss":0.0,"damage_taken":0.0}],"is_beta":false,"boss_relics":[],"items_purged_floors":[],"is_endless":false,"potions_floor_spawned":[1,2,7,12],"killed_by":"Exordium Wildlife","ascension_level":2}