{"gold_per_floor":[118,83,133,308,37,67,67,96,119,134,134,63,80,97,97,196,196,214,174,187,113,126,126],"floor_reached":23,"playtime":1502,"items_purged":["Doubt"],"score":199,"play_id":"5e98257c-0a5a-4569-8158-f4173b875016","local_time":"20190621225805","is_ascension_mode":false,"campfire_choices":[{"data":"Static Discharge","floor":7.0,"key":"SMITH"},{"floor":15.0,"key":"REST"}],"neow_cost":"PERCENT_DAMAGE","seed_source_timestamp":123196320766874,"circlet_count":0,"master_deck":["Strike_B","Strike_B","Strike_B","Strike_B+1","Defend_B","Defend_B","Defend_B","Zap","Dualcast","Darkness","Static Discharge+1","Leap","Ball Lightning","Loop","Self Repair","Self Repair","Creative AI+1","Stack+1","Barrage+1","Conserve Battery+1","Cold Snap+1","Redo","Storm"],"special_seed":0,"relics":["Cracked Core","Smiling Mask","Blood Vial","Art of War","Regal Pillow","PreservedInsect","Astrolabe"],"potions_floor_usage":[23],"damage_taken":[{"damage":5.0,"enemies":"2 Louse","floor":1.0,"turns":3.0},{"damage":21.0,"enemies":"3 Sentries","floor":6.0,"turns":6.0},{"damage":32.0,"enemies":"Gremlin Nob","floor":8.0,"turns":4.0},{"damage":6.0,"enemies":"Jaw Worm","floor":10.0,"turns":4.0},{"damage":0.0,"enemies":"Small Slimes","floor":13.0,"turns":3.0},{"damage":14.0,"enemies":"Blue Slaver","floor":14.0,"turns":4.0},{"damage":46.0,"enemies":"The Guardian","floor":16.0,"turns":8.0},{"damage":33.0,"enemies":"2 Thieves","floor":18.0,"turns":4.0},{"damage":19,"enemies":"Shell Parasite","floor":20,"turns":4},{"damage":22,"enemies":"Snake Plant","floor":22,"turns":4},{"damage":46,"enemies":"Gremlin Leader","floor":23,"turns":3}],"seed_played":"3439992926415805313","potions_obtained":[{"floor":1.0,"key":"PowerPotion"},{"floor":10.0,"key":"Swift Potion"},{"floor":13.0,"key":"SkillPotion"},{"floor":20,"key":"SteroidPotion"},{"floor":22,"key":"FocusPotion"}],"is_trial":false,"path_per_floor":["M","?","T","?","$","E","R","E","T","M","?","$","M","M","R","B",null,"M","?","M","$","M","E"],"character_chosen":"DEFECT","items_purchased":["Static Discharge","Blood Vial","Loop","Storm"],"campfire_rested":1,"item_purchase_floors":[5,5,12,21],"current_hp_per_floor":[49,67,67,67,67,48,48,18,18,14,14,14,16,11,48,4,75,56,56,53,53,40,0],"gold":126,"neow_bonus":"THREE_RARE_CARDS","is_prod":false,"is_daily":false,"chose_seed":false,"campfire_upgraded":1,"win_rate":0.0,"timestamp":1561175885,"path_taken":["M","?","?","?","?","E","R","E","T","?","?","?","M","M","R","BOSS","M","?","M","$","?","E"],"build_version":"2019-01-23","purchased_purges":1,"victory":false,"max_hp_per_floor":[75,75,75,75,75,75,75,75,75,75,75,75,75,75,75,75,75,75,75,75,75,75,75],"card_choices":[{"not_picked":["Multi-Cast","Buffer"],"picked":"Machine Learning","floor":0.0},{"not_picked":["Reprogram","Sweeping Beam"],"picked":"Darkness","floor":1.0},{"not_picked":["Rebound","Streamline"],"picked":"Leap","floor":6.0},{"not_picked":["Barrage","Hologram"],"picked":"Ball Lightning","floor":8.0},{"not_picked":["Go for the Eyes","Rebound"],"picked":"Turbo","floor":10.0},{"not_picked":["Hologram","Amplify"],"picked":"Self Repair","floor":13.0},{"not_picked":["Go for the Eyes","Chill"],"picked":"Self Repair","floor":14.0},{"not_picked":["Electrodynamics","Thunder Strike"],"picked":"Creative AI","floor":16.0},{"not_picked":["Hello World","Undo"],"picked":"Cold Snap+1","floor":18.0},{"not_picked":["Sweeping Beam+1","Stack+1"],"picked":"Redo","floor":20},{"not_picked":["Skim","Streamline","Stack+1"],"picked":"SKIP","floor":22}],"player_experience":71740,"relics_obtained":[{"floor":3.0,"key":"Smiling Mask"},{"floor":6.0,"key":"Art of War"},{"floor":8.0,"key":"Regal Pillow"},{"floor":9.0,"key":"PreservedInsect"}],"event_choices":[{"damage_healed":18.0,"max_hp_gain":0.0,"max_hp_loss":0.0,"gold_gain":0.0,"event_name":"The Cleric","player_choice":"Healed","floor":2.0,"gold_loss":35.0,"damage_taken":0.0},{"damage_healed":0.0,"max_hp_gain":0.0,"max_hp_loss":0.0,"gold_gain":175.0,"event_name":"Liars Game","player_choice":"AGREE","floor":4.0,"gold_loss":0.0,"damage_taken":0.0,"cards_obtained":["Doubt"]},{"damage_healed":0.0,"max_hp_gain":0.0,"max_hp_loss":0.0,"gold_gain":0.0,"event_name":"Golden Wing","player_choice":"Ignored","floor":11.0,"gold_loss":0.0,"damage_taken":0.0},{"damage_healed":0.0,"max_hp_gain":0.0,"max_hp_loss":0.0,"gold_gain":0.0,"event_name":"Designer","player_choice":"Upgraded Two","floor":19.0,"gold_loss":40.0,"damage_taken":0.0,"cards_upgraded":["Creative AI","Strike_B"]}],"is_beta":false,"boss_relics":[{"not_picked":["Coffee Dripper","Runic Pyramid"],"picked":"Astrolabe"}],"items_purged_floors":[5],"is_endless":false,"potions_floor_spawned":[1,10,13,20,22],"killed_by":"Gremlin Leader","ascension_level":0}