{"gold_per_floor":[116,127,139,64,64,64,83,98,121,121,71,71,71,84,84,208,208,231,251,271,295,65,86,86,86,133,133,158,183,203,203,203,323,323,346,27,48,68,7,7,21,37,63,102,102,0,0,0,0,0],"floor_reached":51,"playtime":4602,"items_purged":["Defend_R","Defend_R"],"score":648,"play_id":"629e962e-0715-48f6-94e6-f3a35cb4cb3c","local_time":"20180722121408","is_ascension_mode":false,"campfire_choices":[{"data":"Shrug It Off","floor":6.0,"key":"SMITH"},{"data":"Inflame","floor":10.0,"key":"SMITH"},{"data":"Body Slam","floor":15.0,"key":"SMITH"},{"data":"Iron Wave","floor":24.0,"key":"SMITH"},{"floor":32.0,"key":"REST"},{"floor":40.0,"key":"REST"},{"floor":45,"key":"REST"},{"data":"Double Tap","floor":47,"key":"SMITH"},{"data":"Barricade","floor":49,"key":"SMITH"}],"neow_cost":"NONE","seed_source_timestamp":0,"circlet_count":0,"master_deck":["Strike_R","Strike_R","Strike_R","Strike_R","Strike_R","Defend_R","Bash","Shrug It Off","Inflame+1","Shrug It Off+1","True Grit","Clash","Sword Boomerang","Body Slam+1","Iron Wave+1","Reaper","Blood for Blood+1","Spot Weakness","Clash","Iron Wave","Iron Wave","Flame Barrier+1","Blind+1","Double Tap+1","Clash+1","Clash","Barricade+1","Shrug It Off+1","Sword Boomerang","Sentinel+1","Twin Strike+1","Armaments","Shockwave","Inflame"],"special_seed":0,"relics":["Burning Blood","Golden Idol","Boot","Velvet Choker","Membership Card","Orichalcum","Lizard Tail","Toolbox","Happy Flower","Red Skull","Red Mask"],"potions_floor_usage":[50,50,50],"damage_taken":[{"damage":5.0,"enemies":"Jaw Worm","floor":1.0,"turns":4.0},{"damage":0.0,"enemies":"Cultist","floor":2.0,"turns":3.0},{"damage":3.0,"enemies":"Small Slimes","floor":3.0,"turns":3.0},{"damage":0.0,"enemies":"2 Fungi Beasts","floor":7.0,"turns":4.0},{"damage":10.0,"enemies":"Exordium Wildlife","floor":8.0,"turns":6.0},{"damage":2.0,"enemies":"Blue Slaver","floor":14.0,"turns":4.0},{"damage":24.0,"enemies":"Slime Boss","floor":16.0,"turns":9.0},{"damage":13.0,"enemies":"3 Byrds","floor":18.0,"turns":4.0},{"damage":10.0,"enemies":"2 Thieves","floor":19.0,"turns":4.0},{"damage":23.0,"enemies":"Snecko","floor":20.0,"turns":5.0},{"damage":20.0,"enemies":"Centurion and Healer","floor":21.0,"turns":6.0},{"damage":22.0,"enemies":"Slaver and Parasite","floor":23.0,"turns":5.0},{"damage":16.0,"enemies":"Snake Plant","floor":28.0,"turns":4.0},{"damage":12.0,"enemies":"Centurion and Healer","floor":29.0,"turns":5.0},{"damage":4.0,"enemies":"Snecko","floor":30.0,"turns":3.0},{"damage":87.0,"enemies":"Collector","floor":33.0,"turns":11.0},{"damage":37.0,"enemies":"Orb Walker","floor":35.0,"turns":6.0},{"damage":0.0,"enemies":"3 Shapes","floor":37.0,"turns":3.0},{"damage":49.0,"enemies":"Sphere and 2 Shapes","floor":38.0,"turns":8.0},{"damage":21.0,"enemies":"3 Darklings","floor":41.0,"turns":5.0},{"damage":22.0,"enemies":"Flame Bruiser 2 Orb","floor":42.0,"turns":6.0},{"damage":22,"enemies":"2 Orb Walkers","floor":44,"turns":5},{"damage":49,"enemies":"Time Eater","floor":50,"turns":9}],"seed_played":"-8700254519941788834","potions_obtained":[{"floor":2.0,"key":"Weak Potion"},{"floor":3.0,"key":"SkillPotion"},{"floor":7.0,"key":"LiquidBronze"},{"floor":8.0,"key":"EssenceOfSteel"},{"floor":18.0,"key":"PowerPotion"},{"floor":21.0,"key":"LiquidBronze"},{"floor":23.0,"key":"Poison Potion"},{"floor":29.0,"key":"EssenceOfSteel"},{"floor":35.0,"key":"Weak Potion"},{"floor":41.0,"key":"Dexterity Potion"},{"floor":44,"key":"Ancient Potion"}],"is_trial":false,"path_per_floor":["M","M","M","$","?","R","M","M","T","R","?","$","?","M","R","B",null,"M","M","M","M","$","M","R","?","T","?","M","M","M","?","R","B",null,"M","$","M","M","$","R","M","M","T","E","R","$","R","?","R","B"],"character_chosen":"IRONCLAD","items_purchased":["Membership Card","Iron Wave","Toolbox","Block Potion","Sword Boomerang","EssenceOfSteel","EssenceOfSteel","PowerPotion"],"campfire_rested":3,"item_purchase_floors":[22,22,36,36,36,39,46,46],"current_hp_per_floor":[80,80,80,80,60,60,66,62,62,62,62,62,62,66,66,48,80,73,74,63,63,63,54,54,54,54,54,51,55,67,67,80,10,80,49,49,55,19,19,43,36,20,20,46,70,70,70,70,70,27],"gold":0,"neow_bonus":"THREE_CARDS","is_prod":false,"is_daily":false,"chose_seed":false,"campfire_upgraded":6,"win_rate":0.0,"timestamp":1532276048,"path_taken":["M","M","M","$","?","R","M","M","T","R","?","$","?","M","R","BOSS","M","M","M","M","$","M","R","?","T","?","M","M","M","?","R","BOSS","M","$","M","M","$","R","M","M","T","E","R","$","R","?","R","BOSS"],"build_version":"2018-07-19v2","purchased_purges":2,"victory":true,"max_hp_per_floor":[80,80,80,80,80,80,80,80,80,80,80,80,80,80,80,80,80,80,80,80,80,80,80,80,80,80,80,80,80,80,80,80,80,80,80,80,80,80,80,80,80,80,80,80,80,80,80,80,80,80],"card_choices":[{"not_picked":["Disarm","Dropkick"],"picked":"Shrug It Off","floor":0.0},{"not_picked":["Warcry","Burning Pact"],"picked":"Inflame","floor":1.0},{"not_picked":["Wild Strike","Havoc"],"picked":"Shrug It Off","floor":2.0},{"not_picked":["Limit Break","Body Slam"],"picked":"True Grit","floor":3.0},{"not_picked":["Heavy Blade","Power Through"],"picked":"Clash","floor":7.0},{"not_picked":["True Grit","Ghostly Armor"],"picked":"Sword Boomerang","floor":8.0},{"not_picked":["Cleave","Havoc"],"picked":"Iron Wave","floor":14.0},{"not_picked":["Immolate","Brutality"],"picked":"Reaper","floor":16.0},{"not_picked":["Havoc","Twin Strike"],"picked":"Blood for Blood+1","floor":18.0},{"not_picked":["Warcry","Armaments"],"picked":"Spot Weakness","floor":19.0},{"not_picked":["Sentinel","Shrug It Off"],"picked":"Clash","floor":20.0},{"not_picked":["Headbutt","Power Through"],"picked":"Iron Wave","floor":21.0},{"not_picked":["Clothesline","Body Slam"],"picked":"Flame Barrier+1","floor":23.0},{"not_picked":["Shrug It Off","Blood for Blood"],"picked":"Double Tap","floor":28.0},{"not_picked":["Cleave","Blood for Blood"],"picked":"Clash+1","floor":29.0},{"not_picked":["Bloodletting","Flex"],"picked":"Clash","floor":30.0},{"not_picked":["Demon Form","Immolate"],"picked":"Barricade","floor":33.0},{"not_picked":["Second Wind","Feel No Pain"],"picked":"Shrug It Off+1","floor":35.0},{"not_picked":["Power Through+1","Body Slam"],"picked":"Sentinel+1","floor":37.0},{"not_picked":["Ghostly Armor+1","Warcry"],"picked":"Twin Strike+1","floor":38.0},{"not_picked":["Blood for Blood","Iron Wave"],"picked":"Armaments","floor":41.0},{"not_picked":["Wild Strike","Sword Boomerang"],"picked":"Shockwave","floor":42.0},{"not_picked":["Burning Pact+1","Sword Boomerang"],"picked":"Inflame","floor":44}],"player_experience":132311,"relics_obtained":[{"floor":9.0,"key":"Boot"},{"floor":26.0,"key":"Orichalcum"},{"floor":43.0,"key":"Happy Flower"},{"floor":44,"key":"Red Skull"}],"event_choices":[{"event_name":"Golden Idol","player_choice":"Take Damage","floor":5.0,"damage_taken":0.0},{"event_name":"The Cleric","player_choice":"Card Removal","floor":11.0,"damage_taken":0.0},{"event_name":"Match and Keep!","player_choice":"1 cards matched","floor":13.0,"damage_taken":0.0},{"event_name":"Match and Keep!","player_choice":"1 cards matched","floor":25.0,"damage_taken":0.0},{"event_name":"The Mausoleum","player_choice":"No","floor":27.0,"damage_taken":0.0},{"event_name":"Upgrade Shrine","player_choice":"Upgraded","floor":31.0,"damage_taken":0.0},{"event_name":"Tomb of Lord Red Mask","player_choice":"Paid","floor":48,"damage_taken":0}],"is_beta":false,"boss_relics":[{"not_picked":["Busted Crown","Snecko Eye"],"picked":"Velvet Choker"},{"not_picked":["Runic Pyramid","Empty Cage"],"picked":"Lizard Tail"}],"items_purged_floors":[4,36],"is_endless":false,"potions_floor_spawned":[2,3,7,8,18,21,23,29,35,41,44],"ascension_level":0}