{"gold_per_floor":[117,117,132,307,307,307,327,338,386,386,398,398,409,426,426,527,577,591,516,106,125,40,40,50,50,50,50,64,64,77,87,87,87],"floor_reached":33,"playtime":4605,"items_purged":["Strike_G"],"score":253,"play_id":"ba39d1ee-968b-4f9d-9304-08a9c1ef39b4","local_time":"20190702184756","is_ascension_mode":true,"campfire_choices":[{"data":"Backstab","floor":6.0,"key":"SMITH"},{"data":"Dash","floor":10.0,"key":"SMITH"},{"data":"Neutralize","floor":12.0,"key":"SMITH"},{"data":"Dagger Spray","floor":15.0,"key":"SMITH"},{"data":"The Bomb","floor":23.0,"key":"SMITH"},{"data":"Glass Knife","floor":25.0,"key":"SMITH"},{"data":"Footwork","floor":29.0,"key":"SMITH"},{"data":"Glass Knife","floor":32.0,"key":"SMITH"}],"neow_cost":"NONE","seed_source_timestamp":0,"circlet_count":0,"master_deck":["Strike_G","Strike_G","Strike_G","Defend_G","Defend_G","Defend_G","Defend_G+1","Defend_G","Survivor","Neutralize+1","Backstab+1","Sucker Punch","Dash+1","Acrobatics","Heel Hook","Dodge and Roll","Dagger Spray+1","Glass Knife+1","Noxious Fumes","Heel Hook","Footwork+1","The Bomb+1","Heel Hook","Sucker Punch","Flying Knee","Discovery","PiercingWail","Flying Knee","Bouncing Flask+1","Glass Knife+1"],"special_seed":0,"relics":["Runic Dome","Happy Flower","Tiny House","Gremlin Horn"],"potions_floor_usage":[33,33],"damage_taken":[{"damage":1.0,"enemies":"Jaw Worm","floor":1.0,"turns":5.0},{"damage":3.0,"enemies":"Small Slimes","floor":3.0,"turns":2.0},{"damage":0.0,"enemies":"Cultist","floor":7.0,"turns":3.0},{"damage":8.0,"enemies":"Gremlin Gang","floor":8.0,"turns":4.0},{"damage":0.0,"enemies":"Blue Slaver","floor":11.0,"turns":2.0},{"damage":0.0,"enemies":"Exordium Thugs","floor":13.0,"turns":3.0},{"damage":4.0,"enemies":"Red Slaver","floor":14.0,"turns":2.0},{"damage":11.0,"enemies":"The Guardian","floor":16.0,"turns":14.0},{"damage":2.0,"enemies":"3 Byrds","floor":18.0,"turns":4.0},{"damage":0.0,"enemies":"Chosen","floor":21.0,"turns":4.0},{"damage":15.0,"enemies":"Snecko","floor":24.0,"turns":5.0},{"damage":0.0,"enemies":"Sentry and Sphere","floor":28.0,"turns":3.0},{"damage":7.0,"enemies":"Centurion and Healer","floor":30.0,"turns":5.0},{"damage":1.0,"enemies":"Snecko","floor":31.0,"turns":4.0},{"damage":79,"enemies":"Collector","floor":33,"turns":7}],"seed_played":"4208873170158797042","potions_obtained":[{"floor":1.0,"key":"Swift Potion"},{"floor":8.0,"key":"EssenceOfSteel"},{"floor":13.0,"key":"GhostInAJar"},{"floor":17.0,"key":"Strength Potion"},{"floor":24.0,"key":"Regen Potion"}],"is_trial":false,"path_per_floor":["M","?","M","?","?","R","M","M","T","R","M","R","M","M","R","B",null,"M","?","$","M","$","R","M","R","T","$","M","R","M","M","R","B"],"character_chosen":"THE_SILENT","items_purchased":["Footwork","The Bomb","Heel Hook","Sucker Punch","Discovery"],"campfire_rested":0,"item_purchase_floors":[20,20,20,20,22],"current_hp_per_floor":[69,69,66,66,66,66,66,58,58,58,58,58,58,54,54,43,75,73,73,73,73,73,73,58,58,58,58,58,58,51,50,50,0],"gold":87,"neow_bonus":"BOSS_RELIC","is_prod":false,"is_daily":false,"chose_seed":false,"campfire_upgraded":8,"win_rate":0,"timestamp":1562107676,"path_taken":["M","?","M","?","?","R","?","?","T","R","M","R","M","M","R","BOSS","M","?","$","M","$","R","M","R","T","?","M","R","M","M","R","BOSS"],"build_version":"2019-07-01","purchased_purges":1,"victory":false,"max_hp_per_floor":[70,70,70,70,70,70,70,70,70,70,70,70,70,70,70,70,75,75,75,75,75,75,75,75,75,75,75,75,75,75,75,75,75],"card_choices":[{"not_picked":["Masterful Stab","Sucker Punch"],"picked":"Backstab","floor":1.0},{"not_picked":["Poisoned Stab","Dagger Throw"],"picked":"Sucker Punch","floor":3.0},{"not_picked":["Reflex","Dagger Spray"],"picked":"Dash","floor":7.0},{"not_picked":["Doppelganger","Poisoned Stab"],"picked":"Acrobatics","floor":8.0},{"not_picked":["Tactician","Cloak And Dagger"],"picked":"Heel Hook","floor":11.0},{"not_picked":["Dagger Spray","Blade Dance"],"picked":"Dodge and Roll","floor":13.0},{"not_picked":["Quick Slash","Bouncing Flask"],"picked":"Dagger Spray","floor":14.0},{"not_picked":["Unload","Malaise"],"picked":"Glass Knife","floor":16.0},{"not_picked":["Predator","Blade Dance"],"picked":"Noxious Fumes","floor":17.0},{"not_picked":["Catalyst","All Out Attack"],"picked":"Heel Hook","floor":18.0},{"not_picked":["Blade Dance+1","Dagger Spray"],"picked":"Flying Knee","floor":21.0},{"not_picked":["Dash","Dagger Spray+1"],"picked":"PiercingWail","floor":24.0},{"not_picked":["Deflect","Escape Plan"],"picked":"Flying Knee","floor":28.0},{"not_picked":["Dagger Spray","Crippling Poison+1"],"picked":"Bouncing Flask+1","floor":30.0},{"not_picked":["Dodge and Roll+1","Bane"],"picked":"Glass Knife","floor":31.0}],"player_experience":549520,"relics_obtained":[{"floor":9.0,"key":"Happy Flower"},{"floor":26.0,"key":"Gremlin Horn"}],"event_choices":[{"damage_healed":0.0,"max_hp_gain":0.0,"max_hp_loss":0.0,"gold_gain":0.0,"event_name":"Golden Idol","player_choice":"Ignored","floor":2.0,"gold_loss":0.0,"damage_taken":0.0},{"damage_healed":0.0,"max_hp_gain":0.0,"max_hp_loss":0.0,"gold_gain":175.0,"event_name":"Liars Game","player_choice":"AGREE","floor":4.0,"gold_loss":0.0,"damage_taken":0.0,"cards_obtained":["Doubt"]},{"cards_removed":["Doubt"],"damage_healed":0.0,"max_hp_gain":0.0,"max_hp_loss":0.0,"gold_gain":0.0,"event_name":"Fountain of Cleansing","player_choice":"Removed Curses","floor":5.0,"gold_loss":0.0,"damage_taken":0.0},{"cards_removed":["Strike_G"],"damage_healed":0.0,"max_hp_gain":0.0,"max_hp_loss":0.0,"gold_gain":0.0,"event_name":"Beggar","player_choice":"Gave Gold","floor":19.0,"gold_loss":75.0,"damage_taken":0.0}],"is_beta":false,"boss_relics":[{"not_picked":["Black Star","Sozu"],"picked":"Tiny House"}],"items_purged_floors":[20],"is_endless":false,"potions_floor_spawned":[1,8,13,16,18,21,24,31],"killed_by":"Collector","ascension_level":1}