{"gold_per_floor":[115,115,132,82,82,123,123,137,137,157,170,170,190,230,230,349,349,367,367,386,46,71,104,123,123,123,123,123,123,0,24,24,152,152,172,0,13,13,13],"floor_reached":40,"playtime":3115,"items_purged":["Strike_R"],"score":675,"play_id":"420e984b-f019-4b99-b75a-504d1e283bfd","local_time":"20190708225528","is_ascension_mode":true,"campfire_choices":[{"data":"Body Slam","floor":7.0,"key":"SMITH"},{"data":"Body Slam","floor":15,"key":"SMITH"},{"data":"Battle Trance","floor":25,"key":"SMITH"},{"data":"Defend_R","floor":27,"key":"SMITH"},{"data":"Defend_R","floor":32,"key":"SMITH"}],"neow_cost":"NONE","seed_source_timestamp":0,"circlet_count":0,"master_deck":["Strike_R+1","Strike_R","Defend_R+1","Defend_R+1","Defend_R","Defend_R","Bash+1","Battle Trance+1","Armaments+1","Body Slam+1","Second Wind+1","Body Slam+1","Flame Barrier+1","Evolve+1","Headbutt","Impervious+1","True Grit+1","Madness+1","Panache+1","Disarm+1","Combust+1","Barricade+1","Juggernaut+1","Combust+1"],"special_seed":0,"relics":["Burning Blood","NeowsBlessing","Toxic Egg 2","Golden Idol","Anchor","Frozen Egg 2","Question Card","Philosopher\u0027s Stone","StoneCalendar","Self Forming Clay","Blue Candle","Fusion Hammer","Red Mask"],"potions_floor_usage":[13,22,23,23,39,39],"damage_taken":[{"damage":0.0,"enemies":"2 Louse","floor":1.0,"turns":1.0},{"damage":0.0,"enemies":"Jaw Worm","floor":3.0,"turns":1.0},{"damage":0.0,"enemies":"3 Sentries","floor":6.0,"turns":2.0},{"damage":0.0,"enemies":"Small Slimes","floor":8.0,"turns":2.0},{"damage":0.0,"enemies":"3 Louse","floor":10.0,"turns":2.0},{"damage":0,"enemies":"Blue Slaver","floor":11,"turns":2},{"damage":0,"enemies":"Exordium Wildlife","floor":13,"turns":3},{"damage":4,"enemies":"Lagavulin","floor":14,"turns":5},{"damage":30,"enemies":"Slime Boss","floor":16,"turns":9},{"damage":9,"enemies":"2 Thieves","floor":18,"turns":3},{"damage":0,"enemies":"Chosen","floor":20,"turns":2},{"damage":0,"enemies":"Centurion and Healer","floor":22,"turns":2},{"damage":24,"enemies":"Slavers","floor":23,"turns":5},{"damage":3,"enemies":"Snake Plant","floor":24,"turns":4},{"damage":6,"enemies":"Snecko","floor":31,"turns":4},{"damage":21,"enemies":"Collector","floor":33,"turns":7},{"damage":21,"enemies":"3 Darklings","floor":35,"turns":4},{"damage":3,"enemies":"3 Shapes","floor":37,"turns":4},{"damage":36,"enemies":"Awakened One","floor":39,"turns":10}],"seed_played":"-4958182512361400983","potions_obtained":[{"floor":3.0,"key":"Energy Potion"},{"floor":10.0,"key":"GamblersBrew"},{"floor":16,"key":"LiquidBronze"},{"floor":18,"key":"AttackPotion"},{"floor":22,"key":"Regen Potion"},{"floor":33,"key":"Ancient Potion"}],"is_trial":false,"path_per_floor":["M","?","M","?","?","E","R","M","T","M","M","?","M","E","R","B",null,"M","?","M","$","M","E","M","R","T","R","?","T","?","M","R","B",null,"M","?","M","?","B",null],"character_chosen":"IRONCLAD","items_purchased":["Madness+1","Panache+1"],"campfire_rested":0,"item_purchase_floors":[21,21],"current_hp_per_floor":[80,62,68,68,68,74,74,74,74,74,74,59,65,67,67,43,74,71,71,74,74,74,65,68,68,68,68,68,68,68,68,68,53,74,59,59,62,62,32],"gold":13,"neow_bonus":"THREE_ENEMY_KILL","is_prod":false,"is_daily":false,"chose_seed":false,"campfire_upgraded":5,"win_rate":0,"timestamp":1562640928,"path_taken":["M","?","M","?","?","E","R","M","T","M","M","?","M","E","R","BOSS","M","?","M","$","M","E","M","R","T","R","?","?","?","?","R","BOSS","M","?","M","?","BOSS"],"build_version":"2019-07-05","purchased_purges":1,"victory":true,"max_hp_per_floor":[80,80,80,80,74,74,74,74,74,74,74,74,74,74,74,74,74,74,74,74,74,74,74,74,74,74,74,74,74,74,74,74,74,74,74,74,74,74,74],"card_choices":[{"not_picked":["Clothesline","Headbutt"],"picked":"Battle Trance","floor":1.0},{"not_picked":["Cleave","Perfected Strike"],"picked":"Armaments+1","floor":3.0},{"not_picked":["Exhume+1","Cleave"],"picked":"Body Slam","floor":6.0},{"not_picked":["Havoc+1","Wild Strike"],"picked":"Second Wind+1","floor":8.0},{"not_picked":["Heavy Blade","Second Wind+1"],"picked":"Body Slam","floor":10.0},{"not_picked":["Pommel Strike","Heavy Blade"],"picked":"Flame Barrier+1","floor":11},{"not_picked":["Pommel Strike","Anger"],"picked":"Evolve+1","floor":13},{"not_picked":["Thunderclap","Armaments+1"],"picked":"Headbutt","floor":14},{"not_picked":["Berserk+1","Brutality+1","Reaper"],"picked":"Impervious+1","floor":16},{"not_picked":["Body Slam","Clothesline","Wild Strike"],"picked":"True Grit+1","floor":18},{"not_picked":["Thunderclap","Clash","Anger","Havoc+1"],"picked":"SKIP","floor":20},{"not_picked":["Clothesline","Fire Breathing+1","Dropkick","Twin Strike"],"picked":"SKIP","floor":22},{"not_picked":["Spot Weakness+1","Pummel","Flex+1"],"picked":"Disarm+1","floor":23},{"not_picked":["Cleave+1","Havoc+1","Bloodletting+1"],"picked":"Combust+1","floor":24},{"not_picked":["Immolate","Sword Boomerang+1","Headbutt","Feel No Pain+1"],"picked":"SKIP","floor":31},{"not_picked":["Immolate","Barricade+1","Fiend Fire"],"picked":"Juggernaut+1","floor":33},{"not_picked":["Sword Boomerang+1","Heavy Blade+1","Thunderclap"],"picked":"Combust+1","floor":35},{"not_picked":["Sword Boomerang","Pommel Strike+1","Battle Trance+1","Searing Blow+1"],"picked":"SKIP","floor":37}],"player_experience":674034,"relics_obtained":[{"floor":6.0,"key":"Anchor"},{"floor":9.0,"key":"Frozen Egg 2"},{"floor":14,"key":"Question Card"},{"floor":23,"key":"StoneCalendar"},{"floor":26,"key":"Self Forming Clay"},{"floor":29,"key":"Blue Candle"}],"event_choices":[{"damage_healed":0.0,"max_hp_gain":0.0,"max_hp_loss":0.0,"gold_gain":0.0,"event_name":"Scrap Ooze","player_choice":"Success","floor":2.0,"gold_loss":0.0,"damage_taken":18.0,"relics_obtained":["Toxic Egg 2"]},{"cards_removed":["Strike_R"],"damage_healed":0.0,"max_hp_gain":0.0,"max_hp_loss":0.0,"gold_gain":0.0,"event_name":"The Cleric","player_choice":"Card Removal","floor":4.0,"gold_loss":50.0,"damage_taken":0.0},{"damage_healed":0.0,"max_hp_gain":0.0,"max_hp_loss":6.0,"gold_gain":0.0,"event_name":"Golden Idol","player_choice":"Lose Max HP","floor":5.0,"gold_loss":0.0,"damage_taken":0.0,"relics_obtained":["Golden Idol"]},{"damage_healed":0,"gold_gain":0,"player_choice":"Entered Light","damage_taken":15,"max_hp_gain":0,"max_hp_loss":0,"event_name":"Shining Light","floor":12,"gold_loss":0,"cards_upgraded":["Strike_R","Bash"]},{"cards_removed":["Strike_R"],"damage_healed":0,"gold_gain":0,"player_choice":"Elegance","damage_taken":0,"max_hp_gain":0,"max_hp_loss":0,"event_name":"Back to Basics","floor":19,"gold_loss":0},{"damage_healed":0,"gold_gain":0,"player_choice":"Read","damage_taken":0,"max_hp_gain":0,"max_hp_loss":0,"event_name":"The Library","floor":28,"gold_loss":0,"cards_obtained":["Barricade"]},{"damage_healed":0,"gold_gain":0,"player_choice":"Paid Fearfully","damage_taken":0,"max_hp_gain":0,"max_hp_loss":0,"event_name":"Masked Bandits","floor":30,"gold_loss":123},{"damage_healed":0,"gold_gain":0,"player_choice":"Paid","damage_taken":0,"relics_obtained":["Red Mask"],"max_hp_gain":0,"max_hp_loss":0,"event_name":"Tomb of Lord Red Mask","floor":36,"gold_loss":172},{"damage_healed":0,"gold_gain":0,"player_choice":"Took Portal","damage_taken":0,"max_hp_gain":0,"max_hp_loss":0,"event_name":"SecretPortal","floor":38,"gold_loss":0}],"is_beta":false,"boss_relics":[{"not_picked":["Eternal Feather","Orrery"],"picked":"Philosopher\u0027s Stone"},{"not_picked":["Lizard Tail","Pandora\u0027s Box"],"picked":"Fusion Hammer"}],"items_purged_floors":[21],"is_endless":false,"potions_floor_spawned":[3,10,16,18,20,22,33],"ascension_level":2}