{"gold_per_floor":[109,109,126,48,48,88,100,131,169,181,193,231,301,313,325,432,444,471,483,495,527,84,115,131,108,131,0,0,0,16,27,27,131,131,150,150,167,187,187],"floor_reached":39,"playtime":2470,"items_purged":[],"score":464,"play_id":"b7209f32-69b5-4ae3-8fb4-1666474ba484","local_time":"20190706164751","is_ascension_mode":true,"campfire_choices":[{"data":"Rampage","floor":7,"key":"SMITH"},{"data":"Shrug It Off","floor":10,"key":"SMITH"},{"data":"Carnage","floor":15,"key":"SMITH"},{"data":"Shrug It Off","floor":29,"key":"SMITH"},{"floor":32,"key":"REST"}],"neow_cost":"NONE","seed_source_timestamp":1177560129787500,"circlet_count":0,"master_deck":["Strike_R","Strike_R","Defend_R","Defend_R","Defend_R","Defend_R","Bash","Carnage+1","Headbutt","Shrug It Off+1","Twin Strike","Rampage+1","Clash","Demon Form","Intimidate","Sever Soul","Finesse+1","Secret Weapon+1","Shrug It Off+1","Second Wind+1","Berserk","Flex","Parasite","Twin Strike+1"],"relics":["Burning Blood","NeowsBlessing","MawBank","Ornamental Fan","Bag of Marbles","Ancient Tea Set","Busted Crown","DollysMirror","Anchor","War Paint","Gremlin Horn","Cursed Key"],"potions_floor_usage":[18,23,33,33,37],"damage_taken":[{"damage":0,"enemies":"Small Slimes","floor":1,"turns":1},{"damage":0,"enemies":"2 Louse","floor":3,"turns":1},{"damage":0,"enemies":"Gremlin Nob","floor":6,"turns":1},{"damage":7,"enemies":"Jaw Worm","floor":8,"turns":3},{"damage":69,"enemies":"Hexaghost","floor":16,"turns":9},{"damage":16,"enemies":"Shell Parasite","floor":18,"turns":3},{"damage":12,"enemies":"Spheric Guardian","floor":21,"turns":4},{"damage":47,"enemies":"Book of Stabbing","floor":23,"turns":5},{"damage":22,"enemies":"Snecko","floor":24,"turns":4},{"damage":0,"enemies":"Centurion and Healer","floor":30,"turns":5},{"damage":0,"enemies":"Cultist and Chosen","floor":31,"turns":4},{"damage":52,"enemies":"Automaton","floor":33,"turns":12},{"damage":23,"enemies":"3 Darklings","floor":35,"turns":5},{"damage":0,"enemies":"3 Shapes","floor":37,"turns":3},{"damage":44,"enemies":"Writhing Mass","floor":38,"turns":9},{"damage":41,"enemies":"Maw","floor":39,"turns":4}],"seed_played":"382806066498577408","potions_obtained":[{"floor":3,"key":"SneckoOil"},{"floor":8,"key":"SpeedPotion"},{"floor":18,"key":"Fruit Juice"},{"floor":20,"key":"EssenceOfSteel"},{"floor":31,"key":"Swift Potion"},{"floor":33,"key":"Dexterity Potion"},{"floor":35,"key":"SkillPotion"}],"is_trial":false,"path_per_floor":["M","?","M","$","?","E","R","M","T","R","$","T","?","?","R","B",null,"M","?","?","M","$","E","M","$","T","?","T","R","M","M","R","B",null,"M","?","M","M","M"],"character_chosen":"IRONCLAD","items_purchased":["Shrug It Off","Twin Strike","DollysMirror","Finesse","Secret Weapon","Shrug It Off"],"campfire_rested":1,"item_purchase_floors":[4,4,22,22,22,25],"current_hp_per_floor":[80,85,85,85,73,79,79,78,78,78,78,78,78,78,78,15,85,80,80,80,74,74,33,17,17,17,17,17,17,23,29,56,10,90,73,73,79,41,0],"gold":187,"neow_bonus":"THREE_ENEMY_KILL","is_prod":false,"is_daily":false,"chose_seed":false,"campfire_upgraded":4,"win_rate":0,"timestamp":1562446071,"path_taken":["M","?","M","$","?","E","R","M","T","R","$","?","?","?","R","BOSS","M","?","?","M","$","E","?","?","T","?","?","R","M","M","R","BOSS","M","?","M","M","M"],"build_version":"2019-07-05","purchased_purges":0,"victory":false,"max_hp_per_floor":[80,85,85,85,85,85,85,85,85,85,85,85,85,85,85,85,85,90,90,90,90,90,90,90,90,90,90,90,90,90,90,90,90,90,90,90,90,90,90],"card_choices":[{"not_picked":["True Grit","Pommel Strike"],"picked":"Carnage","floor":1},{"not_picked":["Entrench","Sword Boomerang"],"picked":"Headbutt","floor":3},{"not_picked":["Searing Blow","Seeing Red"],"picked":"Rampage","floor":6},{"not_picked":["Heavy Blade","Clothesline"],"picked":"Clash","floor":8},{"not_picked":["Immolate","Offering"],"picked":"Demon Form","floor":16},{"not_picked":["Warcry"],"picked":"SKIP","floor":18},{"not_picked":["Twin Strike"],"picked":"SKIP","floor":21},{"not_picked":["Searing Blow"],"picked":"SKIP","floor":23},{"not_picked":["Rupture"],"picked":"SKIP","floor":24},{"not_picked":[],"picked":"Second Wind+1","floor":30},{"not_picked":["Perfected Strike"],"picked":"SKIP","floor":31},{"not_picked":[],"picked":"Berserk","floor":33},{"not_picked":["Havoc"],"picked":"SKIP","floor":35},{"not_picked":[],"picked":"Flex","floor":37},{"not_picked":[],"picked":"Twin Strike+1","floor":38}],"player_experience":634897,"relics_obtained":[{"floor":6,"key":"Ornamental Fan"},{"floor":9,"key":"Bag of Marbles"},{"floor":12,"key":"Ancient Tea Set"},{"floor":23,"key":"Anchor"},{"floor":26,"key":"War Paint"},{"floor":28,"key":"Gremlin Horn"}],"event_choices":[{"damage_healed":0,"gold_gain":0,"player_choice":"Donut","damage_taken":0,"max_hp_gain":5,"max_hp_loss":0,"event_name":"Big Fish","floor":2,"gold_loss":0},{"damage_healed":0,"gold_gain":0,"player_choice":"Success","damage_taken":12,"relics_obtained":["MawBank"],"max_hp_gain":0,"max_hp_loss":0,"event_name":"Scrap Ooze","floor":5,"gold_loss":0},{"damage_healed":0,"gold_gain":58,"player_choice":"Gained Gold","damage_taken":0,"max_hp_gain":0,"max_hp_loss":0,"event_name":"Golden Wing","floor":13,"gold_loss":0},{"cards_removed":["Strike_R"],"damage_healed":0,"gold_gain":0,"player_choice":"Forget","damage_taken":0,"max_hp_gain":0,"max_hp_loss":0,"event_name":"Living Wall","floor":14,"gold_loss":0},{"damage_healed":0,"gold_gain":0,"cards_transformed":["Strike_R","Strike_R"],"player_choice":"Became Test Subject","damage_taken":0,"max_hp_gain":0,"max_hp_loss":0,"event_name":"Drug Dealer","floor":19,"gold_loss":0,"cards_obtained":["Intimidate","Sever Soul"]},{"damage_healed":0,"gold_gain":0,"player_choice":"Got Potions","damage_taken":0,"max_hp_gain":0,"max_hp_loss":0,"event_name":"Lab","floor":20,"gold_loss":0},{"damage_healed":0,"gold_gain":0,"player_choice":"Paid Fearfully","damage_taken":0,"max_hp_gain":0,"max_hp_loss":0,"event_name":"Masked Bandits","floor":27,"gold_loss":131},{"cards_removed":["Rampage"],"damage_healed":0,"gold_gain":0,"player_choice":"Removed Attack","damage_taken":0,"max_hp_gain":0,"max_hp_loss":0,"event_name":"Falling","floor":36,"gold_loss":0}],"is_beta":false,"boss_relics":[{"not_picked":["Black Star","Ectoplasm"],"picked":"Busted Crown"},{"not_picked":["Pandora\u0027s Box","Philosopher\u0027s Stone"],"picked":"Cursed Key"}],"items_purged_floors":[],"is_endless":false,"potions_floor_spawned":[3,8,18,31,33,35],"killed_by":"Maw","ascension_level":2}