{"gold_per_floor":[112,122,197,212,230,259,271,315,402,414,446,478,460],"floor_reached":13,"playtime":624,"items_purged":[],"score":112,"play_id":"467c647b-fa5d-4ccb-9240-8934750f1f35","local_time":"20190715182146","is_ascension_mode":true,"campfire_choices":[{"floor":7.0,"key":"REST"}],"neow_cost":"NONE","seed_source_timestamp":0,"circlet_count":0,"master_deck":["Strike_B","Strike_B","Strike_B","Strike_B","Defend_B","Defend_B","Defend_B","Defend_B","Zap","Dualcast","Chill","Static Discharge","Static Discharge","Consume","Leap","Genetic Algorithm","Conserve Battery","Loop"],"special_seed":0,"relics":["Velvet Choker","MawBank","Dead Branch"],"potions_floor_usage":[13],"damage_taken":[{"damage":6.0,"enemies":"Cultist","floor":1.0,"turns":4.0},{"damage":0.0,"enemies":"2 Louse","floor":2.0,"turns":4.0},{"damage":2.0,"enemies":"Jaw Worm","floor":4.0,"turns":3.0},{"damage":2.0,"enemies":"Large Slime","floor":5.0,"turns":6.0},{"damage":34.0,"enemies":"Gremlin Nob","floor":6.0,"turns":4.0},{"damage":14.0,"enemies":"Lagavulin","floor":8.0,"turns":7.0},{"damage":11.0,"enemies":"3 Louse","floor":11.0,"turns":4.0},{"damage":7.0,"enemies":"2 Fungi Beasts","floor":12.0,"turns":4.0},{"damage":12,"enemies":"Looter","floor":13,"turns":2}],"seed_played":"6719679644787589938","potions_obtained":[{"floor":1.0,"key":"Energy Potion"},{"floor":4.0,"key":"PowerPotion"},{"floor":5.0,"key":"PowerPotion"}],"is_trial":false,"path_per_floor":["M","M","?","M","M","E","R","E","T","?","M","M","M"],"character_chosen":"DEFECT","items_purchased":[],"campfire_rested":1,"item_purchase_floors":[],"current_hp_per_floor":[69,69,58,56,54,20,42,28,28,28,17,10,0],"gold":460,"neow_bonus":"BOSS_RELIC","is_prod":false,"is_daily":false,"chose_seed":false,"campfire_upgraded":0,"win_rate":0,"timestamp":1563229306,"path_taken":["M","M","?","M","M","E","R","E","T","?","M","M","M"],"build_version":"2019-07-05","purchased_purges":0,"victory":false,"max_hp_per_floor":[75,75,75,75,75,75,75,75,75,75,75,75,75],"card_choices":[{"not_picked":["Hello World","Undo"],"picked":"Chill","floor":1.0},{"not_picked":["Hologram","Redo"],"picked":"Static Discharge","floor":2.0},{"not_picked":["Redo","Heatsinks"],"picked":"Static Discharge","floor":4.0},{"not_picked":["Compile Driver","Gash"],"picked":"Consume","floor":5.0},{"not_picked":["Hologram","Aggregate"],"picked":"Leap","floor":6.0},{"not_picked":["Darkness","Rebound"],"picked":"Genetic Algorithm","floor":8.0},{"not_picked":["Consume","FTL"],"picked":"Conserve Battery","floor":11.0},{"not_picked":["Aggregate","Rebound"],"picked":"Loop","floor":12.0}],"player_experience":551012,"relics_obtained":[{"floor":6.0,"key":"MawBank"},{"floor":8.0,"key":"Dead Branch"}],"event_choices":[{"damage_healed":0.0,"max_hp_gain":0.0,"max_hp_loss":0.0,"gold_gain":75.0,"event_name":"World of Goop","player_choice":"Gather Gold","floor":3.0,"gold_loss":0.0,"damage_taken":11.0},{"damage_healed":0.0,"max_hp_gain":0.0,"max_hp_loss":0.0,"gold_gain":0.0,"event_name":"Golden Wing","player_choice":"Ignored","floor":10.0,"gold_loss":0.0,"damage_taken":0.0}],"is_beta":false,"boss_relics":[],"items_purged_floors":[],"is_endless":false,"potions_floor_spawned":[1,4,5],"killed_by":"Looter","ascension_level":3}