{"path_per_floor":["M","M","?","M","M","R","$","R","T","?","$","M","R","M","R","B",null,"M","?","?","M","M","R","M","R","T","M","M","R","M","E","R"],"character_chosen":"IRONCLAD","items_purchased":["Anchor"],"gold_per_floor":[109,121,121,139,159,159,3,3,3,3,3,17,17,29,29,132,132,151,151,151,163,174,174,184,184,184,204,218,218,235,261,261,261],"floor_reached":33,"campfire_rested":2,"playtime":2091,"current_hp_per_floor":[80,80,68,74,71,71,71,71,71,55,55,59,59,57,57,25,80,72,72,72,52,30,36,19,51,51,47,33,65,54,30,38,0],"items_purged":[],"gold":261,"score":261,"play_id":"4c67b8d8-c2e3-4270-a468-f56619f121ef","local_time":"20180508232328","is_prod":false,"is_daily":false,"chose_seed":false,"is_ascension_mode":false,"campfire_upgraded":6,"timestamp":1525836208,"path_taken":["M","M","?","M","M","R","$","R","T","?","?","?","R","M","R","BOSS","M","?","?","M","M","R","M","R","T","M","M","R","?","E","R","BOSS"],"build_version":"2018-05-07","seed_source_timestamp":441495062992598,"purchased_purges":0,"victory":false,"master_deck":["Strike_R+1","Strike_R+1","Strike_R+1","Strike_R+1","Strike_R+1","Defend_R+1","Defend_R+1","Defend_R+1","Defend_R+1","Bash","Clash","Armaments+1","Pommel Strike+1","Pommel Strike+1","Ghostly Armor+1","Dark Embrace","Shrug It Off","Shockwave+1","Combust","Fire Breathing","Disarm","Berserk","Inflame+1","Searing Blow"],"max_hp_per_floor":[80,80,80,80,80,80,80,80,80,80,80,80,80,80,80,80,80,80,80,80,80,80,80,80,80,80,80,80,80,80,80,80,80],"relics":["Burning Blood","Bird Faced Urn","Anchor","Champion Belt","Eternal Feather","Blood Vial","Happy Flower"],"card_choices":[{"not_picked":["Rage","Clothesline"],"picked":"Clash","floor":1},{"not_picked":["Sword Boomerang","Anger"],"picked":"Armaments","floor":2},{"not_picked":["Cleave","Thunderclap"],"picked":"Pommel Strike","floor":4},{"not_picked":["Sword Boomerang","Carnage"],"picked":"Pommel Strike","floor":5},{"not_picked":["Dual Wield","Body Slam"],"picked":"Ghostly Armor","floor":14},{"not_picked":["Bludgeon","Reaper"],"picked":"Dark Embrace","floor":16},{"not_picked":["Clash","Whirlwind"],"picked":"Shrug It Off","floor":18},{"not_picked":["Pommel Strike","Body Slam"],"picked":"Shockwave","floor":21},{"not_picked":["Thunderclap","Body Slam"],"picked":"Combust","floor":22},{"not_picked":["Armaments","Clash"],"picked":"Fire Breathing","floor":24},{"not_picked":["Sword Boomerang","Intimidate"],"picked":"Disarm","floor":27},{"not_picked":["Clash","Shrug It Off"],"picked":"Berserk","floor":28},{"not_picked":["Twin Strike","Clothesline"],"picked":"Inflame","floor":30},{"not_picked":["Clash","Bludgeon"],"picked":"Searing Blow","floor":31}],"player_experience":0,"potions_floor_usage":[16,24,30,33,33,33],"damage_taken":[{"damage":6,"enemies":"Jaw Worm","floor":1,"turns":5},{"damage":2,"enemies":"2 Louse","floor":2,"turns":3},{"damage":0,"enemies":"Small Slimes","floor":4,"turns":3},{"damage":9,"enemies":"2 Fungi Beasts","floor":5,"turns":3},{"damage":2,"enemies":"Blue Slaver","floor":12,"turns":4},{"damage":8,"enemies":"Lots of Slimes","floor":14,"turns":5},{"damage":38,"enemies":"The Guardian","floor":16,"turns":14},{"damage":14,"enemies":"Spheric Guardian","floor":18,"turns":7},{"damage":28,"enemies":"3 Byrds","floor":21,"turns":7},{"damage":30,"enemies":"3 Cultists","floor":22,"turns":8},{"damage":25,"enemies":"Cultist and Chosen","floor":24,"turns":5},{"damage":16,"enemies":"Snecko","floor":27,"turns":6},{"damage":28,"enemies":"Snake Plant","floor":28,"turns":6},{"damage":25,"enemies":"3 Cultists","floor":30,"turns":5},{"damage":40,"enemies":"Book of Stabbing","floor":31,"turns":7},{"damage":62,"enemies":"Champ","floor":33,"turns":10}],"event_choices":[{"event_name":"Scrap Ooze","player_choice":"success","floor":3,"damage_taken":12},{"event_name":"Shining Light","player_choice":"Entered Light","floor":10,"damage_taken":0},{"event_name":"Back to Basics","player_choice":"Simplicity","floor":19,"damage_taken":0},{"event_name":"Drug Dealer","player_choice":"Ignored","floor":20,"damage_taken":0}],"boss_relics":[{"not_picked":["Snecko Eye","Philosopher\u0027s Stone"],"picked":"Eternal Feather"}],"potions_floor_spawned":[4,5,16,21,28,30],"seed_played":"8392579098145870871","killed_by":"Champ","ascension_level":0,"is_trial":false}