{"gold_per_floor":[114,132,146,161,161,161,181,181,181,195,209,271,306,318,318,413,413,430,374,68,43,56,56,0,0,0,0,0,20,20],"floor_reached":30,"playtime":3247,"items_purged":[],"score":282,"play_id":"464130d8-e7b7-4b1e-b942-2e0f7ab5adae","local_time":"20190126164802","is_ascension_mode":false,"campfire_choices":[{"data":"Feed","floor":6.0,"key":"SMITH"},{"data":"Evolve","floor":8.0,"key":"SMITH"},{"floor":15.0,"key":"REST"},{"floor":23,"key":"REST"},{"floor":25,"key":"REST"},{"data":"Second Wind","floor":27,"key":"SMITH"}],"neow_cost":"NONE","seed_source_timestamp":0,"circlet_count":0,"master_deck":["Strike_R","Strike_R","Strike_R","Defend_R","Defend_R","Defend_R","Bash","Feed+1","Clothesline","Sentinel","Flex","Heavy Blade","Evolve+1","Inflame","Flex","Dual Wield","Thunderclap","Barricade","Impervious","Intimidate+1","Uppercut+1","Disarm+1","Sever Soul","Purity","Twin Strike","Second Wind+1"],"special_seed":0,"relics":["Burning Blood","Art of War","Bottled Flame","Ginger","Gremlin Horn","Astrolabe","Lantern","OrangePellets","Calipers"],"potions_floor_usage":[22],"damage_taken":[{"damage":9.0,"enemies":"Jaw Worm","floor":1.0,"turns":6.0},{"damage":4.0,"enemies":"2 Louse","floor":2.0,"turns":3.0},{"damage":1.0,"enemies":"Cultist","floor":3.0,"turns":4.0},{"damage":9.0,"enemies":"Large Slime","floor":4.0,"turns":9.0},{"damage":6.0,"enemies":"2 Fungi Beasts","floor":7.0,"turns":4.0},{"damage":3.0,"enemies":"3 Louse","floor":10.0,"turns":3.0},{"damage":31.0,"enemies":"Large Slime","floor":11.0,"turns":5.0},{"damage":36.0,"enemies":"Lagavulin Event","floor":12.0,"turns":7.0},{"damage":55.0,"enemies":"Lagavulin","floor":13.0,"turns":9.0},{"damage":6.0,"enemies":"2 Fungi Beasts","floor":14.0,"turns":4.0},{"damage":42.0,"enemies":"Slime Boss","floor":16.0,"turns":11.0},{"damage":68,"enemies":"3 Byrds","floor":18,"turns":9},{"damage":16,"enemies":"Shell Parasite","floor":22,"turns":7},{"damage":47,"enemies":"Cultist and Chosen","floor":29,"turns":10},{"damage":84,"enemies":"Gremlin Leader","floor":30,"turns":11}],"seed_played":"3421846035917855773","potions_obtained":[{"floor":1.0,"key":"Regen Potion"},{"floor":4.0,"key":"Fruit Juice"},{"floor":11.0,"key":"Poison Potion"},{"floor":12.0,"key":"SmokeBomb"},{"floor":13.0,"key":"Poison Potion"},{"floor":18,"key":"SteroidPotion"}],"is_trial":false,"path_per_floor":["M","M","M","M","?","R","M","R","T","M","M","?","E","M","R","B",null,"M","?","$","$","M","R","?","R","T","R","$","M","E"],"character_chosen":"IRONCLAD","items_purchased":["OrangePellets","Purity","Twin Strike"],"campfire_rested":3,"item_purchase_floors":[20,20,21],"current_hp_per_floor":[80,85,89,89,82,82,91,91,91,98,77,47,13,17,50,18,117,59,59,59,59,49,85,85,121,121,121,121,80,0],"gold":20,"neow_bonus":"ONE_RANDOM_RARE_CARD","is_prod":false,"is_daily":false,"chose_seed":false,"campfire_upgraded":3,"win_rate":0,"timestamp":1548539282,"path_taken":["M","M","M","M","?","R","M","R","T","M","M","?","E","M","R","BOSS","M","?","?","$","M","R","?","R","T","R","$","M","E"],"build_version":"2019-01-23","purchased_purges":0,"victory":false,"max_hp_per_floor":[83,86,89,92,92,92,101,101,101,105,109,109,109,113,113,117,117,121,121,121,121,121,121,121,121,121,121,121,121,121],"card_choices":[{"not_picked":["Fire Breathing","Warcry"],"picked":"Clothesline","floor":1.0},{"not_picked":["Pommel Strike","Armaments"],"picked":"Sentinel","floor":2.0},{"not_picked":["Fire Breathing","Clash"],"picked":"Flex","floor":3.0},{"not_picked":["Whirlwind","Hemokinesis"],"picked":"Heavy Blade","floor":4.0},{"not_picked":["Perfected Strike","Metallicize"],"picked":"Evolve","floor":7.0},{"not_picked":["Shrug It Off","Headbutt"],"picked":"Inflame","floor":10.0},{"not_picked":["Brutality","Headbutt"],"picked":"Flex","floor":11.0},{"not_picked":["Combust","Rampage"],"picked":"Dual Wield","floor":12.0},{"not_picked":["Body Slam","Wild Strike"],"picked":"Thunderclap","floor":13.0},{"not_picked":["Perfected Strike","Metallicize"],"picked":"Barricade","floor":14.0},{"not_picked":["Juggernaut","Double Tap"],"picked":"Impervious","floor":16.0},{"not_picked":["Clothesline","Thunderclap"],"picked":"Sever Soul","floor":18},{"not_picked":["Thunderclap","Wild Strike+1"],"picked":"Second Wind","floor":22},{"not_picked":["Sword Boomerang","Metallicize","Twin Strike"],"picked":"SKIP","floor":29}],"player_experience":163002,"relics_obtained":[{"floor":9.0,"key":"Bottled Flame"},{"floor":12.0,"key":"Ginger"},{"floor":13.0,"key":"Gremlin Horn"},{"floor":26,"key":"Calipers"}],"event_choices":[{"damage_healed":0.0,"max_hp_gain":0.0,"max_hp_loss":0.0,"gold_gain":0.0,"event_name":"Scrap Ooze","player_choice":"Success","floor":5.0,"gold_loss":0.0,"damage_taken":7.0,"relics_obtained":["Art of War"]},{"damage_healed":0.0,"max_hp_gain":0.0,"max_hp_loss":0.0,"gold_gain":30.0,"event_name":"Dead Adventurer","player_choice":"Searched \u00272\u0027 times","floor":12.0,"gold_loss":0.0,"damage_taken":0.0},{"damage_healed":0,"gold_gain":0,"player_choice":"Paid Gold","damage_taken":0,"relics_obtained":["Lantern"],"max_hp_gain":0,"max_hp_loss":0,"event_name":"WeMeetAgain","floor":19,"gold_loss":56},{"damage_healed":0,"gold_gain":0,"player_choice":"Paid Fearfully","damage_taken":0,"max_hp_gain":0,"max_hp_loss":0,"event_name":"Masked Bandits","floor":24,"gold_loss":56}],"is_beta":false,"boss_relics":[{"not_picked":["Eternal Feather","Pandora\u0027s Box"],"picked":"Astrolabe"}],"items_purged_floors":[],"is_endless":false,"potions_floor_spawned":[1,4,11,12,13,18],"killed_by":"Gremlin Leader","ascension_level":0}