{"path_per_floor":["M","$","?","M","?","R","?","R","T","R","M","M","$","E","R","B",null,"M","M","?","M","M"],"character_chosen":"THE_SILENT","items_purchased":["Infinite Blades"],"gold_per_floor":[112,72,72,89,89,89,89,89,89,89,109,128,128,155,155,253,253,243,261,261,275,294,294],"floor_reached":23,"campfire_rested":0,"playtime":2259,"current_hp_per_floor":[77,77,77,75,80,80,64,64,64,64,64,54,54,52,52,29,96,79,89,70,62,36,0],"items_purged":[],"gold":294,"score":251,"play_id":"4d61a79c-1cd4-4a3e-a1e2-942a87a8c430","local_time":"20180507232731","is_prod":false,"is_daily":false,"chose_seed":false,"is_ascension_mode":true,"campfire_upgraded":4,"timestamp":1525750051,"path_taken":["M","$","?","M","?","R","?","R","T","R","?","M","$","E","R","BOSS","M","?","?","?","M","E"],"build_version":"2018-05-03","seed_source_timestamp":355172437793413,"purchased_purges":1,"victory":false,"master_deck":["Defend_G","Defend_G","Defend_G","Defend_G","Defend_G","Strike_G","Strike_G","Strike_G+1","Strike_G","Strike_G","Survivor","Neutralize+1","Dodge and Roll+1","Infinite Blades+1","Backflip+1","All Out Attack","Outmaneuver","Footwork+1","Venomology","Normality","Clumsy","Clumsy","Accuracy","Prepared","Dodge and Roll"],"max_hp_per_floor":[77,77,77,77,82,82,82,82,82,82,82,82,82,82,82,82,96,96,96,101,101,101,101],"relics":["Ring of the Snake","Strawberry","Paper Crane","Bag of Marbles","Calling Bell","Lantern","Question Card","Mango"],"card_choices":[{"not_picked":["Dagger Throw","Eviscerate"],"picked":"Dodge and Roll","floor":1},{"not_picked":["Dodge and Roll","PiercingWail"],"picked":"Backflip","floor":4},{"not_picked":["Prepared","Slice"],"picked":"All Out Attack","floor":11},{"not_picked":["Bane","Dagger Spray"],"picked":"Outmaneuver","floor":12},{"not_picked":["Caltrops","Blur"],"picked":"Footwork","floor":14},{"not_picked":["Adrenaline","Phantasmal Killer"],"picked":"Venomology","floor":16},{"not_picked":["Heel Hook","Dagger Throw","Deadly Poison"],"picked":"Accuracy","floor":18},{"not_picked":["Corpse Explosion","Dagger Throw","Deflect"],"picked":"Prepared","floor":19},{"not_picked":["Slice","Deflect","Dash"],"picked":"Dodge and Roll","floor":21}],"player_experience":203225,"potions_floor_usage":[19,21,22,22,23,23,23],"damage_taken":[{"damage":0,"enemies":"Cultist","floor":1,"turns":4},{"damage":2,"enemies":"Jaw Worm","floor":4,"turns":5},{"damage":0,"enemies":"2 Louse","floor":11,"turns":2},{"damage":10,"enemies":"Exordium Wildlife","floor":12,"turns":4},{"damage":2,"enemies":"Lagavulin","floor":14,"turns":9},{"damage":23,"enemies":"Slime Boss","floor":16,"turns":18},{"damage":17,"enemies":"2 Thieves","floor":18,"turns":4},{"damage":5,"enemies":"3 Byrds","floor":19,"turns":8},{"damage":8,"enemies":"Snecko","floor":21,"turns":6},{"damage":41,"enemies":"Cultist and Chosen","floor":22,"turns":13},{"damage":40,"enemies":"Gremlin Leader","floor":23,"turns":11}],"event_choices":[{"event_name":"The Cleric","player_choice":"Leave","floor":3,"damage_taken":0},{"event_name":"Big Fish","player_choice":"Donut","floor":5,"damage_taken":0},{"event_name":"Shining Light","player_choice":"Entered Light","floor":7,"damage_taken":0},{"event_name":"Forgotten Altar","player_choice":"Shed Blood","floor":20,"damage_taken":0}],"boss_relics":[{"not_picked":["Runic Pyramid","Astrolabe"],"picked":"Calling Bell"}],"potions_floor_spawned":[11,14,18,19],"seed_played":"-3403456049474314641","killed_by":"Gremlin Leader","ascension_level":1,"is_trial":false}