{"gold_per_floor":[217,230,250,250,261,261,293,368,395,424,442,442,477,492,492,589,589,605,620,70,70,84,84,115,115,115,130,160,160,36,55,55,55],"floor_reached":33,"playtime":3005,"items_purged":[],"score":297,"play_id":"c61cc5b0-8d8b-48d6-96d0-5eeb383219d2","local_time":"20190516205249","is_ascension_mode":false,"campfire_choices":[{"floor":6,"key":"RECALL"},{"floor":12,"key":"REST"},{"floor":15,"key":"REST"},{"floor":23,"key":"REST"},{"floor":25,"key":"REST"},{"data":"Envenom","floor":32,"key":"SMITH"}],"neow_cost":"NONE","seed_source_timestamp":176157506496144,"circlet_count":0,"master_deck":["Defend_G","Defend_G","Defend_G","Defend_G","Defend_G","Strike_G","Strike_G","Strike_G","Strike_G","Strike_G","Survivor","Neutralize","Dagger Spray","Outmaneuver","Envenom+1","Backstab","Poisoned Stab","Bane","Bane","Backstab","Crippling Poison","Die Die Die","Bane+1","Deadly Poison","Quick Slash+1","Masterful Stab","Blade Dance","Dodge and Roll+1","PiercingWail","Noxious Fumes","Slice","Sucker Punch+1"],"relics":["Ring of the Snake","Omamori","Odd Mushroom","Bronze Scales","Eternal Feather","Orichalcum","Happy Flower","Sling","Snake Skull","Pantograph","Lantern"],"potions_floor_usage":[7,7,13,16,22,24,31,33],"damage_taken":[{"damage":2,"enemies":"Jaw Worm","floor":1,"turns":4},{"damage":0,"enemies":"Small Slimes","floor":2,"turns":3},{"damage":0,"enemies":"2 Louse","floor":3,"turns":2},{"damage":4,"enemies":"Exordium Wildlife","floor":5,"turns":4},{"damage":14,"enemies":"Lagavulin","floor":7,"turns":7},{"damage":22,"enemies":"The Mushroom Lair","floor":10,"turns":5},{"damage":1,"enemies":"3 Louse","floor":11,"turns":4},{"damage":28,"enemies":"3 Sentries","floor":13,"turns":6},{"damage":0,"enemies":"2 Fungi Beasts","floor":14,"turns":2},{"damage":6,"enemies":"Hexaghost","floor":16,"turns":8},{"damage":20,"enemies":"Spheric Guardian","floor":18,"turns":4},{"damage":9,"enemies":"2 Thieves","floor":19,"turns":4},{"damage":26,"enemies":"Colosseum Slavers","floor":21,"turns":5},{"damage":0,"enemies":"Cultist and Chosen","floor":22,"turns":5},{"damage":19,"enemies":"Gremlin Leader","floor":24,"turns":5},{"damage":15,"enemies":"Snake Plant","floor":27,"turns":3},{"damage":18,"enemies":"Book of Stabbing","floor":28,"turns":4},{"damage":0,"enemies":"Shelled Parasite and Fungi","floor":31,"turns":3},{"damage":75,"enemies":"Collector","floor":33,"turns":6}],"seed_played":"3708294117633651659","potions_obtained":[{"floor":3,"key":"Block Potion"},{"floor":5,"key":"Weak Potion"},{"floor":11,"key":"GamblersBrew"},{"floor":14,"key":"SteroidPotion"},{"floor":22,"key":"SkillPotion"},{"floor":27,"key":"FearPotion"},{"floor":31,"key":"SkillPotion"}],"is_trial":false,"path_per_floor":["M","M","M","?","M","R","E","?","T","?","M","R","E","M","R","B",null,"M","M","$","?","M","R","E","R","T","M","E","?","$","M","R","B"],"character_chosen":"THE_SILENT","items_purchased":["Orichalcum","Happy Flower","Sling","Poison Potion","Noxious Fumes","Slice"],"campfire_rested":4,"item_purchase_floors":[20,20,20,20,30,30],"current_hp_per_floor":[68,68,68,68,64,64,50,39,39,17,16,37,9,9,30,24,70,50,41,41,15,15,51,32,68,68,53,35,35,35,35,53,0],"gold":55,"neow_bonus":"HUNDRED_GOLD","is_prod":false,"is_daily":false,"chose_seed":false,"campfire_upgraded":1,"win_rate":0,"timestamp":1558054369,"path_taken":["M","M","M","?","M","R","E","?","T","?","M","R","E","M","R","BOSS","M","M","$","?","M","R","E","R","T","M","E","?","$","M","R","BOSS"],"build_version":"2019-01-23","purchased_purges":0,"victory":false,"max_hp_per_floor":[70,70,70,70,70,70,70,70,70,70,70,70,70,70,70,70,70,70,70,70,70,70,70,70,70,70,70,70,70,70,70,70,70],"card_choices":[{"not_picked":["Acrobatics","Deadly Poison"],"picked":"Dagger Spray","floor":1},{"not_picked":["Masterful Stab","Deflect"],"picked":"Outmaneuver","floor":2},{"not_picked":["Reflex","Expertise"],"picked":"Envenom","floor":3},{"not_picked":["Deadly Poison","Bane"],"picked":"Backstab","floor":5},{"not_picked":["Deadly Poison","Accuracy"],"picked":"Poisoned Stab","floor":7},{"not_picked":["Cloak And Dagger","Bouncing Flask"],"picked":"Bane","floor":10},{"not_picked":["Dagger Spray","Slice"],"picked":"Bane","floor":11},{"not_picked":["Escape Plan","Noxious Fumes"],"picked":"Backstab","floor":13},{"not_picked":["Sucker Punch","Night Terror"],"picked":"Crippling Poison","floor":14},{"not_picked":["Night Terror","A Thousand Cuts"],"picked":"Die Die Die","floor":16},{"not_picked":["Setup","Deflect"],"picked":"Bane+1","floor":18},{"not_picked":["Heel Hook","Poisoned Stab"],"picked":"Deadly Poison","floor":19},{"not_picked":["Distraction","Infinite Blades"],"picked":"Quick Slash+1","floor":22},{"not_picked":["Sucker Punch+1","Underhanded Strike"],"picked":"Masterful Stab","floor":24},{"not_picked":["Backflip","Masterful Stab"],"picked":"Blade Dance","floor":27},{"not_picked":["Slice+1","Envenom"],"picked":"Dodge and Roll+1","floor":28},{"not_picked":["Footwork+1","Infinite Blades"],"picked":"Sucker Punch+1","floor":31}],"player_experience":344018,"relics_obtained":[{"floor":7,"key":"Omamori"},{"floor":10,"key":"Odd Mushroom"},{"floor":13,"key":"Bronze Scales"},{"floor":24,"key":"Snake Skull"},{"floor":26,"key":"Pantograph"},{"floor":28,"key":"Lantern"}],"event_choices":[{"damage_healed":0,"gold_gain":0,"player_choice":"Leave","damage_taken":0,"max_hp_gain":0,"max_hp_loss":0,"event_name":"The Cleric","floor":4,"gold_loss":0},{"damage_healed":0,"gold_gain":75,"player_choice":"Gather Gold","damage_taken":11,"max_hp_gain":0,"max_hp_loss":0,"event_name":"World of Goop","floor":8,"gold_loss":0},{"damage_healed":0,"gold_gain":0,"player_choice":"Fought Mushrooms","damage_taken":0,"max_hp_gain":0,"max_hp_loss":0,"event_name":"Mushrooms","floor":10,"gold_loss":0},{"damage_healed":0,"gold_gain":0,"player_choice":"Fight","damage_taken":0,"max_hp_gain":0,"max_hp_loss":0,"event_name":"Colosseum","floor":21,"gold_loss":0},{"damage_healed":0,"gold_gain":0,"player_choice":"Fled From Nobs","damage_taken":0,"max_hp_gain":0,"max_hp_loss":0,"event_name":"Colosseum","floor":21,"gold_loss":0},{"damage_healed":0,"gold_gain":0,"player_choice":"Read","damage_taken":0,"max_hp_gain":0,"max_hp_loss":0,"event_name":"The Library","floor":29,"gold_loss":0,"cards_obtained":["PiercingWail"]}],"is_beta":false,"boss_relics":[{"not_picked":["Calling Bell","Coffee Dripper"],"picked":"Eternal Feather"}],"items_purged_floors":[],"is_endless":false,"potions_floor_spawned":[3,5,11,14,21,22,27,31],"killed_by":"Collector","ascension_level":0}