{"gold_per_floor":[112,130,130,142,161,161,190,213,263,263,276,288,288,304,304,401,401,415,428,58,76,89,89,89],"floor_reached":24,"playtime":1384,"items_purged":[],"score":222,"play_id":"6f53e60e-4637-4bfb-a4ad-f580f18d2a03","local_time":"20190719213542","is_ascension_mode":true,"campfire_choices":[{"data":"Zap","floor":6,"key":"SMITH"},{"data":"Redo","floor":10,"key":"SMITH"},{"floor":13,"key":"REST"},{"data":"Storm","floor":15,"key":"SMITH"},{"data":"Conserve Battery","floor":23,"key":"SMITH"}],"neow_cost":"NONE","seed_source_timestamp":676269643982500,"circlet_count":0,"master_deck":["Strike_B+1","Strike_B","Strike_B","Strike_B","Defend_B","Defend_B","Defend_B","Defend_B","Zap+1","Dualcast","FTL","Static Discharge+1","Turbo","Redo+1","Coolheaded","Storm+1","Reinforced Body","Core Surge","Static Discharge+1","Static Discharge","Go for the Eyes+1","Conserve Battery+1"],"relics":["Cracked Core","NeowsBlessing","Boot","Happy Flower","Eternal Feather","DataDisk","Lee\u0027s Waffle"],"potions_floor_usage":[11,16,22,24],"damage_taken":[{"damage":0,"enemies":"Cultist","floor":1,"turns":1},{"damage":0,"enemies":"Jaw Worm","floor":2,"turns":1},{"damage":0,"enemies":"Small Slimes","floor":4,"turns":1},{"damage":9,"enemies":"Exordium Thugs","floor":5,"turns":4},{"damage":21,"enemies":"3 Sentries","floor":7,"turns":5},{"damage":14,"enemies":"Lots of Slimes","floor":11,"turns":2},{"damage":4,"enemies":"Looter","floor":12,"turns":2},{"damage":5,"enemies":"Large Slime","floor":14,"turns":4},{"damage":21,"enemies":"The Guardian","floor":16,"turns":9},{"damage":23,"enemies":"Spheric Guardian","floor":18,"turns":3},{"damage":23,"enemies":"3 Byrds","floor":19,"turns":3},{"damage":25,"enemies":"Cultist and Chosen","floor":21,"turns":4},{"damage":15,"enemies":"Chosen and Byrds","floor":22,"turns":2},{"damage":29,"enemies":"Slavers","floor":24,"turns":2}],"seed_played":"-5108288013494355180","potions_obtained":[{"floor":1,"key":"SkillPotion"},{"floor":4,"key":"Swift Potion"},{"floor":11,"key":"Block Potion"},{"floor":16,"key":"PowerPotion"},{"floor":18,"key":"AttackPotion"}],"is_trial":false,"path_per_floor":["M","M","?","M","M","R","E","T","T","R","M","M","R","M","R","B",null,"M","M","$","M","M","R","E"],"character_chosen":"DEFECT","items_purchased":["DataDisk","Lee\u0027s Waffle","Static Discharge"],"campfire_rested":1,"item_purchase_floors":[20,20,20],"current_hp_per_floor":[75,75,60,60,51,51,30,30,30,30,16,12,34,29,29,8,75,52,29,82,57,42,54,25],"gold":89,"neow_bonus":"THREE_ENEMY_KILL","is_prod":false,"is_daily":false,"chose_seed":false,"campfire_upgraded":4,"win_rate":0,"timestamp":1563586542,"path_taken":["M","M","?","M","M","R","E","?","T","R","M","?","R","M","R","BOSS","M","?","$","M","M","R","E"],"build_version":"2019-07-17","purchased_purges":0,"victory":false,"max_hp_per_floor":[75,75,75,75,75,75,75,75,75,75,75,75,75,75,75,75,75,75,75,82,82,82,82,82],"card_choices":[{"not_picked":["Hello World","Genetic Algorithm"],"picked":"FTL","floor":1},{"not_picked":["Heatsinks","Barrage"],"picked":"Static Discharge","floor":2},{"not_picked":["Rebound","Double Energy"],"picked":"Turbo","floor":4},{"not_picked":["Genetic Algorithm","Beam Cell"],"picked":"Redo","floor":5},{"not_picked":["Sunder","Meteor Strike","Compile Driver"],"picked":"SKIP","floor":7},{"not_picked":["Recycle","Beam Cell"],"picked":"Coolheaded","floor":11},{"not_picked":["Cold Snap","Beam Cell"],"picked":"Storm","floor":12},{"not_picked":["Stack","Redo"],"picked":"Reinforced Body","floor":14},{"not_picked":["Rainbow","Meteor Strike"],"picked":"Core Surge","floor":16},{"not_picked":["Doom and Gloom+1","Ball Lightning+1"],"picked":"Static Discharge+1","floor":18},{"not_picked":["Redo","Blizzard+1","Ball Lightning"],"picked":"SKIP","floor":19},{"not_picked":["Chaos","Beam Cell"],"picked":"Go for the Eyes+1","floor":21},{"not_picked":["Reprogram+1","Ball Lightning"],"picked":"Conserve Battery","floor":22}],"player_experience":777226,"relics_obtained":[{"floor":7,"key":"Boot"},{"floor":8,"key":"Happy Flower"}],"event_choices":[{"damage_healed":0,"gold_gain":0,"player_choice":"Entered Light","damage_taken":15,"max_hp_gain":0,"max_hp_loss":0,"event_name":"Shining Light","floor":3,"gold_loss":0,"cards_upgraded":["Strike_B","Static Discharge"]}],"is_beta":false,"boss_relics":[{"not_picked":["Empty Cage","FrozenCore"],"picked":"Eternal Feather"}],"items_purged_floors":[],"is_endless":false,"potions_floor_spawned":[1,4,11,16,18,19],"killed_by":"Slavers","ascension_level":2}