{"gold_per_floor":[113,132,282,294,18,18,45,75,122,122,142,142,160,235,235,307,307,319,319,337,337,317,317],"floor_reached":23,"playtime":736,"items_purged":["Doubt"],"score":378,"play_id":"6f2f8dad-ca41-47ae-ae19-e21eac1ee940","local_time":"20190401144322","is_ascension_mode":true,"campfire_choices":[{"data":"Defragment","floor":6.0,"key":"SMITH"},{"data":"Amplify","floor":10.0,"key":"SMITH"},{"data":"Self Repair","floor":12.0,"key":"SMITH"},{"data":"Recycle","floor":15.0,"key":"SMITH"}],"neow_cost":"NONE","seed_source_timestamp":0,"circlet_count":0,"master_deck":["AscendersBane","Strike_B","Strike_B","Strike_B","Strike_B","Defend_B","Defend_B","Defend_B","Defend_B","Zap","Dualcast","Amplify+1","Defragment+1","Conserve Battery","Cold Snap","White Noise","Self Repair+1","Go for the Eyes","Go for the Eyes","Recycle+1","Redo","Buffer","Chaos+1","Genetic Algorithm","Self Repair"],"special_seed":0,"relics":["Cracked Core","Juzu Bracelet","Bronze Scales","Nuclear Battery"],"potions_floor_usage":[23,23],"damage_taken":[{"damage":2.0,"enemies":"2 Louse","floor":1.0,"turns":2.0},{"damage":4.0,"enemies":"Jaw Worm","floor":2.0,"turns":4.0},{"damage":10.0,"enemies":"Small Slimes","floor":4.0,"turns":3.0},{"damage":29.0,"enemies":"3 Sentries","floor":7.0,"turns":8.0},{"damage":16.0,"enemies":"Exordium Wildlife","floor":11.0,"turns":4.0},{"damage":11.0,"enemies":"Red Slaver","floor":13.0,"turns":4.0},{"damage":22.0,"enemies":"Hexaghost","floor":16.0,"turns":11.0},{"damage":29.0,"enemies":"2 Thieves","floor":18.0,"turns":5.0},{"damage":0.0,"enemies":"Spheric Guardian","floor":20.0,"turns":5.0},{"damage":33,"enemies":"Gremlin Leader","floor":23,"turns":2}],"seed_played":"-3228566354853891068","potions_obtained":[{"floor":2.0,"key":"Strength Potion"},{"floor":4.0,"key":"Swift Potion"},{"floor":18.0,"key":"LiquidBronze"},{"floor":22.0,"key":"AttackPotion"}],"is_trial":false,"path_per_floor":["M","M","?","M","$","R","E","?","T","R","M","R","M","?","R","B",null,"M","?","M","?","?","E"],"character_chosen":"DEFECT","items_purchased":["White Noise","Self Repair","Go for the Eyes"],"campfire_rested":0,"item_purchase_floors":[5,5,5],"current_hp_per_floor":[62,58,58,48,48,48,33,33,33,33,31,31,40,29,29,17,58,39,19,29,29,29,0],"gold":317,"neow_bonus":"ONE_RANDOM_RARE_CARD","is_prod":false,"is_daily":false,"chose_seed":false,"campfire_upgraded":4,"win_rate":0,"timestamp":1554144202,"path_taken":["M","M","?","M","$","R","E","?","T","R","M","R","M","?","R","BOSS","M","?","M","?","?","E"],"build_version":"2019-03-15","purchased_purges":1,"victory":false,"max_hp_per_floor":[71,71,71,71,71,71,71,71,71,71,71,71,71,71,71,71,71,71,76,76,76,76,76],"card_choices":[{"not_picked":["Conserve Battery","Gash"],"picked":"Defragment","floor":1.0},{"not_picked":["Streamline","Leap"],"picked":"Conserve Battery","floor":2.0},{"not_picked":["Turbo","Stack"],"picked":"Cold Snap","floor":4.0},{"not_picked":["Redo","Double Energy"],"picked":"Go for the Eyes","floor":7.0},{"not_picked":["Redo","Streamline"],"picked":"Recycle","floor":11.0},{"not_picked":["Rebound","Streamline"],"picked":"Redo","floor":13.0},{"not_picked":["Hyperbeam","Thunder Strike"],"picked":"Buffer","floor":16.0},{"not_picked":["Compile Driver","Coolheaded"],"picked":"Chaos+1","floor":18.0},{"not_picked":["Beam Cell","Streamline"],"picked":"Genetic Algorithm","floor":20.0}],"player_experience":1050650,"relics_obtained":[{"floor":7.0,"key":"Juzu Bracelet"},{"floor":9.0,"key":"Bronze Scales"}],"event_choices":[{"damage_healed":0.0,"max_hp_gain":0.0,"max_hp_loss":0.0,"gold_gain":150.0,"event_name":"Liars Game","player_choice":"AGREE","floor":3.0,"gold_loss":0.0,"damage_taken":0.0,"cards_obtained":["Doubt"]},{"damage_healed":0.0,"max_hp_gain":0.0,"max_hp_loss":0.0,"gold_gain":30.0,"event_name":"Dead Adventurer","player_choice":"Searched \u00271\u0027 times","floor":8.0,"gold_loss":0.0,"damage_taken":0.0},{"damage_healed":0.0,"max_hp_gain":0.0,"max_hp_loss":0.0,"gold_gain":75.0,"event_name":"World of Goop","player_choice":"Gather Gold","floor":14.0,"gold_loss":0.0,"damage_taken":11.0},{"damage_healed":0.0,"max_hp_gain":5.0,"max_hp_loss":0.0,"gold_gain":0.0,"event_name":"Forgotten Altar","player_choice":"Shed Blood","floor":19.0,"gold_loss":0.0,"damage_taken":25.0},{"damage_healed":0.0,"max_hp_gain":0.0,"max_hp_loss":0.0,"gold_gain":0.0,"event_name":"The Library","player_choice":"Read","floor":21.0,"gold_loss":0.0,"damage_taken":0.0,"cards_obtained":["Self Repair"]},{"damage_healed":0.0,"max_hp_gain":0.0,"max_hp_loss":0.0,"gold_gain":0.0,"event_name":"The Woman in Blue","player_choice":"Bought 1 Potion","floor":22.0,"gold_loss":0.0,"damage_taken":0.0}],"is_beta":true,"boss_relics":[{"not_picked":["Pandora\u0027s Box","Lizard Tail"],"picked":"Nuclear Battery"}],"items_purged_floors":[5],"is_endless":false,"potions_floor_spawned":[2,4,18],"killed_by":"Gremlin Leader","ascension_level":20}