{"gold_per_floor":[113,10,80,98,110,143,143,39,39,53,53,64,81,81,81,182,182,192,192,204,216,139,171,185,185,185,185,197,197,197],"floor_reached":30,"playtime":3511,"items_purged":[],"score":277,"play_id":"1fce4c24-96d5-4d93-95df-3bd178eb5e7e","local_time":"20180703213344","is_ascension_mode":false,"campfire_choices":[{"floor":7,"key":"REST"},{"data":"Swift Strike","floor":15,"key":"SMITH"},{"floor":25,"key":"REST"}],"neow_cost":"","seed_source_timestamp":0,"circlet_count":0,"master_deck":["Strike_R","Strike_R","Strike_R","Strike_R+1","Strike_R","Defend_R","Defend_R","Defend_R","Defend_R","Bash","Disarm","Swift Strike+1","Anger","Heavy Blade","Twin Strike+1","Bandage Up+1","Cleave","Iron Wave","Headbutt","Feed","Anger+1","Clash","Reckless Charge+1","J.A.X.","Bludgeon","Wild Strike+1","Burning Pact+1"],"special_seed":0,"relics":["Burning Blood","Toolbox","Sundial","Whetstone","Question Card","Nloth\u0027s Gift"],"potions_floor_usage":[16,16,23,23,30,30],"damage_taken":[{"damage":8,"enemies":"Cultist","floor":1,"turns":6},{"damage":0,"enemies":"Small Slimes","floor":4,"turns":3},{"damage":0,"enemies":"2 Louse","floor":5,"turns":2},{"damage":51,"enemies":"Gremlin Nob","floor":6,"turns":5},{"damage":0,"enemies":"Exordium Wildlife","floor":10,"turns":2},{"damage":9,"enemies":"3 Louse","floor":12,"turns":3},{"damage":12,"enemies":"Blue Slaver","floor":13,"turns":3},{"damage":65,"enemies":"The Guardian","floor":16,"turns":11},{"damage":8,"enemies":"3 Byrds","floor":18,"turns":6},{"damage":22,"enemies":"Shell Parasite","floor":20,"turns":6},{"damage":28,"enemies":"Snake Plant","floor":21,"turns":5},{"damage":30,"enemies":"Gremlin Leader","floor":23,"turns":6},{"damage":22,"enemies":"Centurion and Healer","floor":24,"turns":6},{"damage":57,"enemies":"Snecko","floor":28,"turns":6},{"damage":3,"enemies":"Sentry and Sphere","floor":30,"turns":3}],"seed_played":"2352947956690533066","potions_obtained":[{"floor":1,"key":"GamblersBrew"},{"floor":4,"key":"Strength Potion"},{"floor":10,"key":"GamblersBrew"},{"floor":13,"key":"Dexterity Potion"},{"floor":18,"key":"Dexterity Potion"},{"floor":20,"key":"GamblersBrew"},{"floor":28,"key":"EntropicBrew"}],"is_trial":false,"path_per_floor":["M","$","T","M","M","E","R","$","T","M","?","M","M","?","R","B",null,"M","$","M","M","?","E","M","R","T","?","M","?"],"character_chosen":"IRONCLAD","items_purchased":["Swift Strike","Bandage Up"],"campfire_rested":2,"item_purchase_floors":[2,8],"current_hp_per_floor":[86,86,86,88,88,43,69,69,69,75,75,78,78,83,83,30,93,93,93,83,67,67,49,39,66,66,66,21,3,0],"gold":197,"neow_bonus":"","is_prod":false,"is_daily":false,"chose_seed":false,"campfire_upgraded":1,"win_rate":0.0,"timestamp":1530668024,"path_taken":["M","$","?","M","M","E","R","$","T","M","?","M","?","?","R","BOSS","M","$","M","M","?","E","M","R","T","?","M","?","?"],"build_version":"2018-06-28","purchased_purges":0,"victory":false,"max_hp_per_floor":[88,88,88,88,88,88,88,88,88,88,88,88,88,93,93,93,93,93,93,93,93,93,93,93,93,93,93,93,98,98],"card_choices":[{"not_picked":["Feel No Pain","Power Through"],"picked":"Disarm","floor":1},{"not_picked":["Armaments","Pummel"],"picked":"Anger","floor":4},{"not_picked":["Flame Barrier","True Grit"],"picked":"Heavy Blade","floor":5},{"not_picked":["Thunderclap","Pommel Strike"],"picked":"Twin Strike","floor":6},{"not_picked":["Thunderclap","Entrench"],"picked":"Cleave","floor":10},{"not_picked":["Thunderclap","Clothesline"],"picked":"Iron Wave","floor":12},{"not_picked":["Rage","Limit Break"],"picked":"Headbutt","floor":13},{"not_picked":["Juggernaut","Limit Break"],"picked":"Feed","floor":16},{"not_picked":["Heavy Blade","Evolve"],"picked":"Anger+1","floor":18},{"not_picked":["Fire Breathing","Burning Pact"],"picked":"Clash","floor":20},{"not_picked":["Feel No Pain","Carnage+1"],"picked":"Reckless Charge+1","floor":21},{"not_picked":["Iron Wave","Rampage"],"picked":"Bludgeon","floor":23},{"not_picked":["Sword Boomerang","Feel No Pain","Anger+1"],"picked":"Wild Strike+1","floor":24},{"not_picked":["Heavy Blade","Sword Boomerang","Wild Strike"],"picked":"Burning Pact+1","floor":28}],"player_experience":90058,"relics_obtained":[{"floor":3,"key":"Toolbox"},{"floor":6,"key":"Sundial"},{"floor":9,"key":"Whetstone"},{"floor":23,"key":"Question Card"}],"event_choices":[{"event_name":"Upgrade Shrine","player_choice":"Upgraded","floor":11,"damage_taken":0},{"event_name":"Big Fish","player_choice":"Donut","floor":14,"damage_taken":0},{"event_name":"Drug Dealer","player_choice":"Got JAXXED","floor":22,"damage_taken":0},{"event_name":"N\u0027loth","player_choice":"Traded a Fusion Hammer","floor":27,"damage_taken":0},{"event_name":"Forgotten Altar","player_choice":"Shed Blood","floor":29,"damage_taken":0}],"boss_relics":[{"not_picked":["Mark of Pain","Runic Cube"],"picked":"Fusion Hammer"}],"items_purged_floors":[],"is_endless":false,"potions_floor_spawned":[1,4,10,13,18,20,28],"killed_by":"Sentry and Sphere","ascension_level":0}