{"gold_per_floor":[112,132,132,75,89,89,106,117,142,107,127,127,127,40,40,40],"floor_reached":16,"playtime":663,"items_purged":[],"score":170,"play_id":"70a52b75-6e13-4a43-811d-bdbd2a3b099b","local_time":"20190213155811","is_ascension_mode":true,"campfire_choices":[{"data":"Armaments","floor":6,"key":"SMITH"},{"data":"True Grit","floor":12,"key":"SMITH"},{"data":"Feel No Pain","floor":15,"key":"SMITH"}],"neow_cost":"NONE","seed_source_timestamp":1303935016858696,"circlet_count":0,"master_deck":["AscendersBane","Strike_R","Strike_R","Strike_R","Strike_R","Defend_R","Defend_R","Defend_R","Defend_R","Bash","True Grit+1","Iron Wave","Armaments+1","Intimidate","Body Slam","Brutality","Sentinel","Injury","Feel No Pain+1"],"relics":["Burning Blood","Bag of Preparation","Happy Flower","Golden Idol"],"potions_floor_usage":[16,16],"damage_taken":[{"damage":10,"enemies":"Small Slimes","floor":1,"turns":6},{"damage":10,"enemies":"Cultist","floor":2,"turns":5},{"damage":0,"enemies":"Jaw Worm","floor":5,"turns":6},{"damage":18,"enemies":"Large Slime","floor":7,"turns":11},{"damage":0,"enemies":"Looter","floor":8,"turns":4},{"damage":7,"enemies":"2 Fungi Beasts","floor":11,"turns":4},{"damage":79,"enemies":"Hexaghost","floor":16,"turns":16}],"seed_played":"-7312296338730924212","potions_obtained":[{"floor":2,"key":"AttackPotion"},{"floor":5,"key":"Weak Potion"},{"floor":7,"key":"Poison Potion"}],"is_trial":false,"path_per_floor":["M","M","?","$","M","R","M","M","T","?","M","R","?","$","R","B"],"character_chosen":"IRONCLAD","items_purchased":["Armaments","Feel No Pain"],"campfire_rested":0,"item_purchase_floors":[4,14],"current_hp_per_floor":[64,60,60,60,66,66,54,60,60,75,74,74,74,74,74,0],"gold":40,"neow_bonus":"RANDOM_COMMON_RELIC","is_prod":false,"is_daily":false,"chose_seed":false,"campfire_upgraded":3,"win_rate":0,"timestamp":1550091491,"path_taken":["M","M","?","?","M","R","M","M","T","?","M","R","?","?","R","BOSS"],"build_version":"2019-02-06","purchased_purges":0,"victory":false,"max_hp_per_floor":[75,75,75,75,75,75,75,75,75,75,75,75,75,75,75,75],"card_choices":[{"not_picked":["Hemokinesis","Clothesline"],"picked":"True Grit","floor":1},{"not_picked":["Pommel Strike","Sword Boomerang"],"picked":"Iron Wave","floor":2},{"not_picked":["Twin Strike","Cleave"],"picked":"Intimidate","floor":5},{"not_picked":["Havoc","Heavy Blade"],"picked":"Body Slam","floor":7},{"not_picked":["Sword Boomerang","Flex"],"picked":"Brutality","floor":8},{"not_picked":["Headbutt","Carnage"],"picked":"Sentinel","floor":11}],"player_experience":953278,"relics_obtained":[{"floor":9,"key":"Happy Flower"}],"event_choices":[{"cards_removed":["Strike_R"],"damage_healed":0,"gold_gain":0,"player_choice":"Purged","damage_taken":0,"max_hp_gain":0,"max_hp_loss":0,"event_name":"Purifier","floor":3,"gold_loss":0},{"damage_healed":18,"gold_gain":0,"player_choice":"Healed","damage_taken":0,"max_hp_gain":0,"max_hp_loss":0,"event_name":"The Cleric","floor":10,"gold_loss":35},{"damage_healed":0,"gold_gain":0,"player_choice":"Take Wound","damage_taken":0,"relics_obtained":["Golden Idol"],"max_hp_gain":0,"max_hp_loss":0,"event_name":"Golden Idol","floor":13,"gold_loss":0,"cards_obtained":["Injury"]}],"is_beta":true,"boss_relics":[],"items_purged_floors":[],"is_endless":false,"potions_floor_spawned":[2,5,7],"killed_by":"Hexaghost","ascension_level":17}