{"gold_per_floor":[16,32,50,65,85,110,110,137,137,169,179,30,48,60,60,157,157,175,194,212,56,74,74,107,107,133,133,56,56,74,84,84,188,188,202,202,48,126,144,144,179,179,206,206,216,236,236,247,247,247,247,247,21,47,47],"floor_reached":55,"playtime":3718,"items_purged":["Decay"],"score":840,"play_id":"03884fbe-37f5-4a09-bb4e-d77822d21257","local_time":"20190603225558","is_ascension_mode":true,"campfire_choices":[{"floor":7.0,"key":"RECALL"},{"floor":15.0,"key":"REST"},{"floor":23.0,"key":"REST"},{"floor":25.0,"key":"DIG"},{"floor":27.0,"key":"DIG"},{"floor":29.0,"key":"DIG"},{"floor":32.0,"key":"REST"},{"floor":40.0,"key":"REST"},{"floor":42,"key":"DIG"},{"floor":44,"key":"REST"},{"floor":47,"key":"DIG"},{"floor":49,"key":"REST"},{"floor":52,"key":"DIG"}],"neow_cost":"NO_GOLD","seed_source_timestamp":0,"circlet_count":0,"master_deck":["Strike_R","Strike_R","Strike_R","Strike_R","Strike_R","Defend_R","Defend_R","Defend_R","Defend_R","Bash","Pommel Strike","Infernal Blade","Armaments","Battle Trance+1","Infernal Blade","Whirlwind","Inflame","Clothesline","Infernal Blade","Uppercut","Clash","Double Tap","Spot Weakness+1","Seeing Red+1","Flex","Metallicize","Armaments","Ghostly Armor","Anger","Disarm+1","Juggernaut","Flex+1","Metallicize+1","Anger+1","Anger+1","Limit Break","Iron Wave+1"],"special_seed":0,"relics":["Burning Blood","Pen Nib","Meat on the Bone","Potion Belt","Red Skull","Black Star","Bronze Scales","Shovel","Boot","Question Card","Regal Pillow","Oddly Smooth Stone","Strawberry","White Beast Statue","Happy Flower","Singing Bowl","Bottled Flame","Bag of Marbles","Dream Catcher","War Paint","Anchor","Gremlin Horn","Art of War","Ornamental Fan"],"potions_floor_usage":[41,41,41,41,45,46,48,50,54,55,55,55],"damage_taken":[{"damage":1.0,"enemies":"Cultist","floor":1.0,"turns":4.0},{"damage":2.0,"enemies":"2 Louse","floor":2.0,"turns":4.0},{"damage":3.0,"enemies":"Small Slimes","floor":3.0,"turns":3.0},{"damage":6.0,"enemies":"Blue Slaver","floor":4.0,"turns":4.0},{"damage":0.0,"enemies":"2 Fungi Beasts","floor":5.0,"turns":3.0},{"damage":21.0,"enemies":"3 Sentries","floor":6.0,"turns":9.0},{"damage":26.0,"enemies":"Lagavulin","floor":8.0,"turns":4.0},{"damage":22.0,"enemies":"3 Sentries","floor":10.0,"turns":6.0},{"damage":13.0,"enemies":"Large Slime","floor":11.0,"turns":3.0},{"damage":7.0,"enemies":"3 Louse","floor":13.0,"turns":2.0},{"damage":9.0,"enemies":"Exordium Wildlife","floor":14.0,"turns":3.0},{"damage":63.0,"enemies":"Slime Boss","floor":16.0,"turns":10.0},{"damage":49.0,"enemies":"3 Byrds","floor":18.0,"turns":7.0},{"damage":30.0,"enemies":"2 Thieves","floor":19.0,"turns":3.0},{"damage":34.0,"enemies":"3 Cultists","floor":20.0,"turns":5.0},{"damage":35.0,"enemies":"Centurion and Healer","floor":22.0,"turns":5.0},{"damage":0.0,"enemies":"Slavers","floor":24.0,"turns":1.0},{"damage":11.0,"enemies":"Snecko","floor":30.0,"turns":4.0},{"damage":41.0,"enemies":"Snake Plant","floor":31.0,"turns":4.0},{"damage":61.0,"enemies":"Champ","floor":33.0,"turns":13.0},{"damage":79.0,"enemies":"3 Darklings","floor":35.0,"turns":5.0},{"damage":2.0,"enemies":"Orb Walker","floor":39.0,"turns":2.0},{"damage":61,"enemies":"Reptomancer","floor":41,"turns":6},{"damage":22,"enemies":"4 Shapes","floor":45,"turns":6},{"damage":17,"enemies":"Sphere and 2 Shapes","floor":46,"turns":3},{"damage":0,"enemies":"3 Darklings","floor":48,"turns":1},{"damage":84,"enemies":"Time Eater","floor":50,"turns":12},{"damage":62,"enemies":"Shield and Spear","floor":54,"turns":7},{"damage":67,"enemies":"The Heart","floor":55,"turns":3}],"seed_played":"324567124371984674","potions_obtained":[{"floor":2.0,"key":"Fire Potion"},{"floor":3.0,"key":"FearPotion"},{"floor":4.0,"key":"Energy Potion"},{"floor":10.0,"key":"Poison Potion"},{"floor":13.0,"key":"BloodPotion"},{"floor":14.0,"key":"GamblersBrew"},{"floor":18.0,"key":"Fire Potion"},{"floor":22.0,"key":"SteroidPotion"},{"floor":24.0,"key":"EssenceOfSteel"},{"floor":30.0,"key":"Regen Potion"},{"floor":35.0,"key":"EntropicBrew"},{"floor":39.0,"key":"Swift Potion"},{"floor":41,"key":"Strength Potion"},{"floor":45,"key":"Fire Potion"},{"floor":46,"key":"Strength Potion"},{"floor":48,"key":"PowerPotion"},{"floor":54,"key":"SneckoOil"}],"is_trial":false,"path_per_floor":["M","M","M","M","M","E","R","E","T","E","M","$","M","M","R","B",null,"M","M","M","$","M","R","E","R","T","R","$","R","M","M","R","B",null,"M","?","$","T","M","R","E","R","T","R","M","M","R","M","R","B",null,"R","$","E","B"],"character_chosen":"IRONCLAD","items_purchased":["Red Skull","Bronze Scales","Ghostly Armor","Happy Flower","Energy Potion","SteroidPotion","FearPotion"],"campfire_rested":6,"item_purchase_floors":[12,21,28,37,53,53,53],"current_hp_per_floor":[96,96,96,96,96,81,81,61,61,57,62,62,61,58,86,50,96,65,53,37,37,20,48,66,66,66,66,66,73,68,54,99,56,103,42,42,42,42,60,105,62,62,62,105,89,80,80,86,107,41,107,107,107,65,0],"gold":47,"neow_bonus":"TWENTY_PERCENT_HP_BONUS","is_prod":false,"is_daily":false,"chose_seed":false,"campfire_upgraded":0,"win_rate":0,"timestamp":1559616958,"path_taken":["M","M","M","M","M","E","R","E","T","E","M","?","M","M","R","BOSS","M","M","?","?","?","R","E","R","T","R","$","R","M","M","R","BOSS","M","?","$","?","?","R","E","R","T","R","?","M","R","M","R","BOSS","R","$","E","BOSS"],"build_version":"2019-01-23","purchased_purges":1,"victory":false,"max_hp_per_floor":[96,96,96,96,96,96,96,96,96,96,96,96,96,96,96,96,96,96,96,96,96,96,96,96,96,96,96,96,103,103,103,103,103,103,103,103,103,103,105,105,105,105,105,105,105,107,107,107,107,107,107,107,107,109,109],"card_choices":[{"not_picked":["True Grit","Combust"],"picked":"Pommel Strike","floor":1.0},{"not_picked":["Second Wind","Warcry"],"picked":"Infernal Blade","floor":2.0},{"not_picked":["Entrench","Exhume"],"picked":"Armaments","floor":3.0},{"not_picked":["Pommel Strike","Body Slam"],"picked":"Battle Trance","floor":4.0},{"not_picked":["Sentinel","Metallicize"],"picked":"Infernal Blade","floor":5.0},{"not_picked":["Battle Trance","Pummel"],"picked":"Whirlwind","floor":6.0},{"not_picked":["Dual Wield","Flex"],"picked":"Inflame","floor":8.0},{"not_picked":["Heavy Blade","Clothesline","Armaments"],"picked":"SKIP","floor":10.0},{"not_picked":["Heavy Blade","Armaments"],"picked":"Clothesline","floor":10.0},{"not_picked":["Bloodletting","Ghostly Armor"],"picked":"Infernal Blade","floor":11.0},{"not_picked":["Second Wind","Shrug It Off"],"picked":"Uppercut","floor":13.0},{"not_picked":["Rage","True Grit"],"picked":"Clash","floor":14.0},{"not_picked":["Offering","Feed"],"picked":"Double Tap","floor":16.0},{"not_picked":["Twin Strike","Dual Wield"],"picked":"Spot Weakness+1","floor":18.0},{"not_picked":["Shrug It Off","Sword Boomerang"],"picked":"Seeing Red+1","floor":19.0},{"not_picked":["Warcry","Iron Wave"],"picked":"Flex","floor":20.0},{"not_picked":["Twin Strike","Reckless Charge+1"],"picked":"Metallicize","floor":22.0},{"not_picked":["Reckless Charge+1","Sword Boomerang+1"],"picked":"Armaments","floor":24.0},{"not_picked":["Havoc","Fiend Fire","Body Slam"],"picked":"Anger","floor":30.0},{"not_picked":["Power Through","Sever Soul","Evolve+1"],"picked":"Disarm","floor":31.0},{"not_picked":["Dark Embrace","Double Tap","Berserk"],"picked":"Juggernaut","floor":33.0},{"not_picked":["Thunderclap+1","Whirlwind+1","Carnage+1"],"picked":"Flex+1","floor":35.0},{"not_picked":["True Grit","Flex","Reckless Charge+1","Clothesline+1"],"picked":"Singing Bowl","floor":39.0},{"not_picked":["Sever Soul","Uppercut","Sentinel+1"],"picked":"Metallicize+1","floor":41},{"not_picked":["Twin Strike","Havoc+1","Spot Weakness"],"picked":"Anger+1","floor":44},{"not_picked":["Second Wind+1","Body Slam+1","True Grit+1"],"picked":"Anger+1","floor":45},{"not_picked":["Headbutt","Sword Boomerang","Rage","Wild Strike+1"],"picked":"Singing Bowl","floor":46},{"not_picked":["Cleave","Uppercut+1","Flame Barrier"],"picked":"Limit Break","floor":48},{"not_picked":["Thunderclap+1","Clothesline+1","Body Slam+1"],"picked":"Iron Wave+1","floor":49},{"not_picked":["Flame Barrier","Entrench","Uppercut","Body Slam+1"],"picked":"Singing Bowl","floor":54}],"player_experience":420302,"relics_obtained":[{"floor":6.0,"key":"Pen Nib"},{"floor":8.0,"key":"Meat on the Bone"},{"floor":10.0,"key":"Potion Belt"},{"floor":24.0,"key":"Shovel"},{"floor":24.0,"key":"Boot"},{"floor":25.0,"key":"Question Card"},{"floor":26.0,"key":"Regal Pillow"},{"floor":27.0,"key":"Oddly Smooth Stone"},{"floor":29.0,"key":"Strawberry"},{"floor":38.0,"key":"Singing Bowl"},{"floor":41,"key":"Bottled Flame"},{"floor":41,"key":"Bag of Marbles"},{"floor":42,"key":"Dream Catcher"},{"floor":43,"key":"War Paint"},{"floor":47,"key":"Anchor"},{"floor":52,"key":"Gremlin Horn"},{"floor":54,"key":"Art of War"},{"floor":54,"key":"Ornamental Fan"}],"event_choices":[{"damage_healed":0.0,"max_hp_gain":0.0,"max_hp_loss":0.0,"gold_gain":0.0,"event_name":"Wheel of Change","player_choice":"Cursed","floor":36.0,"gold_loss":0.0,"damage_taken":0.0,"cards_obtained":["Decay"]}],"is_beta":false,"boss_relics":[{"not_picked":["Sozu","Velvet Choker"],"picked":"Black Star"},{"not_picked":["Mark of Pain","Runic Pyramid"],"picked":"White Beast Statue"}],"items_purged_floors":[53],"is_endless":false,"potions_floor_spawned":[2,3,4,6,10,13,14,18,22,24,30,35,39,41,45,46,48,54],"killed_by":"The Heart","ascension_level":2}