{"gold_per_floor":[116,134,134,147,157,157,157,157,157,157,182,195,38,51,51,122,122,134,145,161,161,161,161],"floor_reached":23,"playtime":762,"items_purged":[],"score":396,"play_id":"eff8b07c-d5bf-460d-915e-d2487b17ea0f","local_time":"20190113200138","is_ascension_mode":true,"campfire_choices":[{"data":"Heavy Blade","floor":6.0,"key":"SMITH"},{"data":"Spot Weakness","floor":8.0,"key":"SMITH"},{"data":"Heavy Blade","floor":10.0,"key":"SMITH"},{"data":"Demon Form","floor":15.0,"key":"SMITH"}],"neow_cost":"NONE","seed_source_timestamp":261372849746516,"circlet_count":0,"master_deck":["AscendersBane","Strike_R","Strike_R","Strike_R","Strike_R","Defend_R","Defend_R","Defend_R","Defend_R","Bash","Iron Wave","Heavy Blade+1","Spot Weakness+1","Thunderclap","Heavy Blade+1","Demon Form+1","Metallicize","Seeing Red","Demon Form","Metallicize+1","Shrug It Off","Ghostly","Ghostly","Ghostly","Ghostly","Ghostly"],"special_seed":0,"relics":["Burning Blood","Bottled Lightning","Bird Faced Urn","Vajra","Sozu"],"potions_floor_usage":[],"damage_taken":[{"damage":6.0,"enemies":"Cultist","floor":1.0,"turns":4.0},{"damage":3.0,"enemies":"Small Slimes","floor":2.0,"turns":3.0},{"damage":9.0,"enemies":"2 Louse","floor":4.0,"turns":3.0},{"damage":29.0,"enemies":"Gremlin Gang","floor":5.0,"turns":5.0},{"damage":11.0,"enemies":"Gremlin Nob","floor":11.0,"turns":3.0},{"damage":11.0,"enemies":"Exordium Thugs","floor":12.0,"turns":3.0},{"damage":2.0,"enemies":"Large Slime","floor":14.0,"turns":4.0},{"damage":40.0,"enemies":"The Guardian","floor":16.0,"turns":8.0},{"damage":24.0,"enemies":"Spheric Guardian","floor":18.0,"turns":4.0},{"damage":18.0,"enemies":"2 Thieves","floor":19.0,"turns":4.0},{"damage":19.0,"enemies":"Centurion and Healer","floor":20.0,"turns":8.0},{"damage":31,"enemies":"Slavers","floor":23,"turns":3}],"seed_played":"2052009818774272208","potions_obtained":[{"floor":2.0,"key":"Block Potion"},{"floor":3.0,"key":"EssenceOfSteel"},{"floor":5.0,"key":"Strength Potion"},{"floor":12.0,"key":"SkillPotion"}],"is_trial":false,"path_per_floor":["M","M","?","M","M","R","?","R","T","R","E","M","$","M","R","B",null,"M","M","M","?","?","E"],"character_chosen":"IRONCLAD","items_purchased":["Vajra"],"campfire_rested":0,"item_purchase_floors":[13],"current_hp_per_floor":[68,71,71,68,45,45,45,45,45,45,40,35,35,39,39,9,59,45,33,28,28,28,0],"gold":161,"neow_bonus":"THREE_CARDS","is_prod":false,"is_daily":false,"chose_seed":false,"campfire_upgraded":4,"win_rate":0,"timestamp":1547427698,"path_taken":["M","?","?","?","M","R","?","R","T","R","E","?","$","M","R","BOSS","M","M","M","?","?","E"],"build_version":"2019-01-10","purchased_purges":0,"victory":false,"max_hp_per_floor":[75,75,75,75,75,75,75,75,75,75,75,75,75,75,75,75,75,75,75,75,37,37,37],"card_choices":[{"not_picked":["Blood for Blood","Bloodletting"],"picked":"Iron Wave","floor":0.0},{"not_picked":["Headbutt","Searing Blow"],"picked":"Heavy Blade","floor":1.0},{"not_picked":["Shrug It Off","Shockwave"],"picked":"Spot Weakness","floor":2.0},{"not_picked":["Clothesline","Clash"],"picked":"Thunderclap","floor":4.0},{"not_picked":["Entrench","Power Through"],"picked":"Heavy Blade","floor":5.0},{"not_picked":["Rampage","Headbutt"],"picked":"Demon Form","floor":11.0},{"not_picked":["Armaments","Anger"],"picked":"Metallicize","floor":12.0},{"not_picked":["Anger","Twin Strike"],"picked":"Seeing Red","floor":14.0},{"not_picked":["Juggernaut","Bludgeon"],"picked":"Demon Form","floor":16.0},{"not_picked":["Carnage","Shrug It Off"],"picked":"Metallicize+1","floor":18.0},{"not_picked":["Clothesline","Iron Wave"],"picked":"Shrug It Off","floor":19.0},{"not_picked":["Warcry","Cleave","Headbutt"],"picked":"SKIP","floor":20.0}],"player_experience":808021,"relics_obtained":[{"floor":9.0,"key":"Bottled Lightning"},{"floor":11.0,"key":"Bird Faced Urn"}],"event_choices":[{"damage_healed":0.0,"max_hp_gain":0.0,"max_hp_loss":0.0,"gold_gain":0.0,"event_name":"Lab","player_choice":"Got Potions","floor":3.0,"gold_loss":0.0,"damage_taken":0.0},{"cards_removed":["Strike_R"],"damage_healed":0.0,"max_hp_gain":0.0,"max_hp_loss":0.0,"gold_gain":0.0,"event_name":"Bonfire Elementals","player_choice":"Offered Basic","floor":7.0,"gold_loss":0.0,"damage_taken":0.0},{"damage_healed":0.0,"max_hp_gain":0.0,"max_hp_loss":38.0,"gold_gain":0.0,"event_name":"Ghosts","player_choice":"Became a Ghost","floor":21.0,"gold_loss":0.0,"damage_taken":0.0,"cards_obtained":["Ghostly","Ghostly","Ghostly","Ghostly","Ghostly"]},{"damage_healed":0.0,"max_hp_gain":0.0,"max_hp_loss":0.0,"gold_gain":0.0,"event_name":"The Woman in Blue","player_choice":"Bought 0 Potions","floor":22.0,"gold_loss":0.0,"damage_taken":0.0}],"is_beta":true,"boss_relics":[{"not_picked":["Cursed Key","Empty Cage"],"picked":"Sozu"}],"items_purged_floors":[],"is_endless":false,"potions_floor_spawned":[2,5,12,18],"killed_by":"Slavers","ascension_level":14}