{"gold_per_floor":[115,131,148,165,175,204,204,214,214,214],"floor_reached":10,"playtime":890,"items_purged":[],"score":72,"play_id":"52a2cc71-91e4-4eb7-ab03-1737d97e9a83","local_time":"20190302172010","is_ascension_mode":false,"campfire_choices":[],"neow_cost":"NONE","seed_source_timestamp":1291048288094579,"circlet_count":0,"master_deck":["Defend_G","Defend_G","Defend_G","Defend_G","Strike_G","Strike_G","Strike_G","Strike_G","Survivor","Neutralize","Deflect","Dodge and Roll","Infinite Blades","Quick Slash","Storm of Steel","Infinite Blades","Slice","Setup"],"relics":["Ring of the Snake","Smiling Mask","Ancient Tea Set"],"potions_floor_usage":[8],"damage_taken":[{"damage":0,"enemies":"Jaw Worm","floor":1,"turns":4},{"damage":0,"enemies":"Cultist","floor":2,"turns":5},{"damage":0,"enemies":"2 Louse","floor":3,"turns":3},{"damage":12,"enemies":"Exordium Wildlife","floor":4,"turns":5},{"damage":13,"enemies":"Large Slime","floor":5,"turns":9},{"damage":28,"enemies":"3 Sentries","floor":6,"turns":10},{"damage":9,"enemies":"Exordium Thugs","floor":8,"turns":6},{"damage":8,"enemies":"Gremlin Gang","floor":10,"turns":1}],"seed_played":"-2751994449470434900","potions_obtained":[{"floor":6,"key":"Block Potion"},{"floor":8,"key":"Weak Potion"}],"is_trial":false,"path_per_floor":["M","M","M","M","M","E","?","M","T","M"],"character_chosen":"THE_SILENT","items_purchased":[],"campfire_rested":0,"item_purchase_floors":[],"current_hp_per_floor":[70,70,70,58,45,17,17,8,8,0],"gold":214,"neow_bonus":"TRANSFORM_CARD","is_prod":false,"is_daily":false,"chose_seed":false,"campfire_upgraded":0,"win_rate":0,"timestamp":1551565210,"path_taken":["M","M","M","M","M","E","?","?","T","M"],"build_version":"2019-01-23","purchased_purges":0,"victory":false,"max_hp_per_floor":[70,70,70,70,70,70,70,70,70,70],"card_choices":[{"not_picked":["Underhanded Strike","Poisoned Stab"],"picked":"Dodge and Roll","floor":1},{"not_picked":["Caltrops","Outmaneuver"],"picked":"Infinite Blades","floor":2},{"not_picked":["PiercingWail","Dodge and Roll"],"picked":"Quick Slash","floor":3},{"not_picked":["Cloak And Dagger","Heel Hook"],"picked":"Storm of Steel","floor":4},{"not_picked":["Dodge and Roll","Deadly Poison"],"picked":"Infinite Blades","floor":5},{"not_picked":["Bouncing Flask","Catalyst"],"picked":"Slice","floor":6},{"not_picked":["Bouncing Flask","Catalyst"],"picked":"Setup","floor":8}],"player_experience":265352,"relics_obtained":[{"floor":6,"key":"Smiling Mask"},{"floor":9,"key":"Ancient Tea Set"}],"event_choices":[{"cards_removed":["Strike_G"],"damage_healed":0,"gold_gain":0,"player_choice":"Card Removal","damage_taken":0,"max_hp_gain":0,"max_hp_loss":0,"event_name":"Wheel of Change","floor":7,"gold_loss":0}],"is_beta":false,"boss_relics":[],"items_purged_floors":[],"is_endless":false,"potions_floor_spawned":[6,8],"killed_by":"Gremlin Gang","ascension_level":0}