{"gold_per_floor":[119,119,139,214,54,54,89,100,100,162,176,209,209,223,223,326,326,339,83,182,182,18,51,51,79,133,133],"floor_reached":27,"playtime":3104,"items_purged":["Strike_G","Strike_G"],"score":280,"play_id":"dfa83007-3052-424e-924a-626ec16efda9","local_time":"20190716123944","is_ascension_mode":true,"campfire_choices":[{"data":"Neutralize","floor":6,"key":"SMITH"},{"floor":13,"key":"REST"},{"floor":15,"key":"REST"},{"floor":24,"key":"REST"}],"neow_cost":"NONE","seed_source_timestamp":66897829783327,"circlet_count":0,"master_deck":["Strike_G+1","Strike_G","Strike_G","Defend_G","Defend_G","Defend_G+1","Defend_G","Defend_G","Survivor","Neutralize+1","Dodge and Roll+1","Caltrops","Well Laid Plans","Quick Slash","Crippling Poison","Terror","Storm of Steel","Sucker Punch+1","Die Die Die","Accuracy","Envenom","Blade Dance","Acrobatics","PiercingWail+1"],"relics":["Ring of the Serpent","Mummified Hand","The Courier","Tiny Chest","Peace Pipe","Whetstone","War Paint","Sundial","Toxic Egg 2","PreservedInsect"],"potions_floor_usage":[7,10,10,12,16,16,23,25,27],"damage_taken":[{"damage":1,"enemies":"Small Slimes","floor":1,"turns":3},{"damage":0,"enemies":"Jaw Worm","floor":3,"turns":6},{"damage":9,"enemies":"3 Sentries","floor":7,"turns":8},{"damage":0,"enemies":"2 Louse","floor":8,"turns":2},{"damage":17,"enemies":"Gremlin Nob","floor":10,"turns":4},{"damage":0,"enemies":"Blue Slaver","floor":11,"turns":5},{"damage":17,"enemies":"3 Sentries","floor":12,"turns":6},{"damage":2,"enemies":"Exordium Wildlife","floor":14,"turns":4},{"damage":49,"enemies":"Slime Boss","floor":16,"turns":15},{"damage":11,"enemies":"Chosen","floor":18,"turns":6},{"damage":7,"enemies":"Book of Stabbing","floor":23,"turns":7},{"damage":49,"enemies":"Gremlin Leader","floor":25,"turns":7},{"damage":27,"enemies":"Slavers","floor":27,"turns":4}],"seed_played":"6416162836467994616","potions_obtained":[{"floor":0,"key":"Swift Potion"},{"floor":0,"key":"Fire Potion"},{"floor":0,"key":"PowerPotion"},{"floor":7,"key":"Strength Potion"},{"floor":11,"key":"AttackPotion"},{"floor":14,"key":"Swift Potion"},{"floor":23,"key":"Regen Potion"},{"floor":25,"key":"LiquidBronze"}],"is_trial":false,"path_per_floor":["M","?","M","?","$","R","E","M","T","E","M","E","R","M","R","B",null,"M","$","?","?","$","E","R","E","T","E"],"character_chosen":"THE_SILENT","items_purchased":["Well Laid Plans","Quick Slash","Blade Dance","Whetstone","Acrobatics","War Paint","PowerPotion"],"campfire_rested":3,"item_purchase_floors":[5,5,19,19,19,22,22],"current_hp_per_floor":[69,69,69,58,58,58,49,49,49,32,32,15,36,34,55,6,70,59,59,59,46,46,39,61,26,26,0],"gold":133,"neow_bonus":"THREE_SMALL_POTIONS","is_prod":false,"is_daily":false,"chose_seed":false,"campfire_upgraded":1,"win_rate":0,"timestamp":1563298784,"path_taken":["M","?","M","?","$","R","E","M","T","E","M","E","R","M","R","BOSS","M","$","?","?","?","E","R","E","T","E"],"build_version":"2019-07-05","purchased_purges":2,"victory":false,"max_hp_per_floor":[70,70,70,70,70,70,70,70,70,70,70,70,70,70,70,70,70,70,70,70,75,75,75,75,75,75,75],"card_choices":[{"not_picked":["Underhanded Strike","Outmaneuver"],"picked":"Dodge and Roll","floor":1},{"not_picked":["Slice","Prepared"],"picked":"Caltrops","floor":3},{"not_picked":["All Out Attack","Quick Slash"],"picked":"Crippling Poison","floor":7},{"not_picked":["Backflip","Finisher"],"picked":"Terror","floor":8},{"not_picked":["Deadly Poison","Backflip"],"picked":"Storm of Steel","floor":10},{"not_picked":["Outmaneuver","Acrobatics"],"picked":"Sucker Punch","floor":11},{"not_picked":["Dagger Spray","Bane"],"picked":"Die Die Die","floor":12},{"not_picked":["Well Laid Plans","Flechettes"],"picked":"Accuracy","floor":14},{"not_picked":["After Image","Wraith Form v2"],"picked":"Envenom","floor":16},{"not_picked":["Riddle With Holes","Crippling Poison","Choke"],"picked":"SKIP","floor":18},{"not_picked":["Dodge and Roll","Bane","Crippling Poison"],"picked":"SKIP","floor":23},{"not_picked":["Dagger Throw+1","Distraction"],"picked":"PiercingWail","floor":25}],"player_experience":184066,"relics_obtained":[{"floor":7,"key":"Mummified Hand"},{"floor":9,"key":"The Courier"},{"floor":10,"key":"Tiny Chest"},{"floor":12,"key":"Peace Pipe"},{"floor":23,"key":"Sundial"},{"floor":25,"key":"Toxic Egg 2"},{"floor":26,"key":"PreservedInsect"}],"event_choices":[{"damage_healed":0,"gold_gain":0,"player_choice":"Fled","damage_taken":0,"max_hp_gain":0,"max_hp_loss":0,"event_name":"Scrap Ooze","floor":2,"gold_loss":0},{"damage_healed":0,"gold_gain":75,"player_choice":"Gather Gold","damage_taken":11,"max_hp_gain":0,"max_hp_loss":0,"event_name":"World of Goop","floor":4,"gold_loss":0},{"damage_healed":0,"gold_gain":99,"player_choice":"Stole From Cult","damage_taken":0,"max_hp_gain":0,"max_hp_loss":0,"event_name":"Nest","floor":20,"gold_loss":0},{"damage_healed":0,"gold_gain":0,"player_choice":"Shed Blood","damage_taken":18,"max_hp_gain":5,"max_hp_loss":0,"event_name":"Forgotten Altar","floor":21,"gold_loss":0}],"is_beta":false,"boss_relics":[{"not_picked":["Astrolabe","Runic Pyramid"],"picked":"Ring of the Serpent"}],"items_purged_floors":[5,19],"is_endless":false,"potions_floor_spawned":[7,11,14,23,25],"killed_by":"Slavers","ascension_level":1}