{"gold_per_floor":[109,184,199,41,51,79,79,108,108,108,138,153,179,194,194,295,295,307,321,321,321,339,365,383,411,434,344,370,370,403,42,42,141,141,154,169,183,25,44,69,69,100,123,123,135,154,154,182,182,182,182,182,57,89,89],"floor_reached":56,"playtime":3003,"items_purged":["Strike_R","Strike_R"],"score":1439,"play_id":"3d1ea356-6251-444c-963a-b6fd703db1d4","local_time":"20190710201233","is_ascension_mode":true,"campfire_choices":[{"data":"Whirlwind","floor":7,"key":"SMITH"},{"data":"Jack Of All Trades","floor":10,"key":"SMITH"},{"data":"Bash","floor":15,"key":"SMITH"},{"floor":29,"key":"REST"},{"floor":32,"key":"RECALL"},{"floor":41,"key":"REST"},{"floor":44,"key":"REST"},{"floor":49,"key":"REST"},{"floor":52,"key":"REST"}],"neow_cost":"NONE","seed_source_timestamp":1289719222751400,"circlet_count":0,"master_deck":["Strike_R","Defend_R","Defend_R","Defend_R","Defend_R","Bash+1","Whirlwind+1","Anger","Jack Of All Trades+1","Anger","Shockwave","Intimidate","Combust+1","Impervious","Berserk+1","Twin Strike+1","RitualDagger+1","Shockwave","Disarm","True Grit+1","Reaper","Demon Form+1","True Grit+1","Berserk+1","Spot Weakness+1","Heavy Blade+1","Parasite","Seeing Red+1","Inflame+1","Trip","Pommel Strike+1","Bludgeon","Battle Trance+1","Heavy Blade+1","Rupture+1","Bloodletting","Sword Boomerang","Disarm"],"relics":["Burning Blood","Frozen Egg 2","Champion Belt","Pen Nib","Bag of Marbles","Fusion Hammer","Ancient Tea Set","Mango","Boot","Happy Flower","Dodecahedron","Mummified Hand","White Beast Statue","Red Skull","Art of War","Anchor","Orichalcum","Centennial Puzzle","Bronze Scales"],"potions_floor_usage":[3,6,23,23,23,33,37,39,42,46,48,48,48,55,55,55],"damage_taken":[{"damage":5,"enemies":"Cultist","floor":1,"turns":4},{"damage":1,"enemies":"Jaw Worm","floor":3,"turns":3},{"damage":2,"enemies":"Small Slimes","floor":5,"turns":3},{"damage":28,"enemies":"Gremlin Nob","floor":6,"turns":4},{"damage":26,"enemies":"Lagavulin","floor":8,"turns":6},{"damage":0,"enemies":"2 Fungi Beasts","floor":12,"turns":1},{"damage":21,"enemies":"3 Sentries","floor":13,"turns":6},{"damage":0,"enemies":"Looter","floor":14,"turns":2},{"damage":2,"enemies":"Slime Boss","floor":16,"turns":7},{"damage":0,"enemies":"3 Byrds","floor":18,"turns":2},{"damage":22,"enemies":"Spheric Guardian","floor":19,"turns":4},{"damage":21,"enemies":"Centurion and Healer","floor":22,"turns":3},{"damage":18,"enemies":"Book of Stabbing","floor":23,"turns":4},{"damage":12,"enemies":"Shelled Parasite and Fungi","floor":24,"turns":3},{"damage":24,"enemies":"Slavers","floor":25,"turns":5},{"damage":22,"enemies":"Book of Stabbing","floor":28,"turns":6},{"damage":19,"enemies":"Slavers","floor":30,"turns":4},{"damage":29,"enemies":"Automaton","floor":33,"turns":7},{"damage":5,"enemies":"Orb Walker","floor":35,"turns":3},{"damage":3,"enemies":"3 Shapes","floor":36,"turns":3},{"damage":8,"enemies":"Writhing Mass","floor":37,"turns":4},{"damage":19,"enemies":"Spire Growth","floor":39,"turns":4},{"damage":63,"enemies":"Reptomancer","floor":40,"turns":6},{"damage":46,"enemies":"Nemesis","floor":42,"turns":5},{"damage":7,"enemies":"3 Darklings","floor":45,"turns":3},{"damage":24,"enemies":"Maw","floor":46,"turns":6},{"damage":15,"enemies":"Reptomancer","floor":48,"turns":6},{"damage":50,"enemies":"Donu and Deca","floor":50,"turns":5},{"damage":30,"enemies":"Shield and Spear","floor":54,"turns":5},{"damage":90,"enemies":"The Heart","floor":55,"turns":8}],"seed_played":"2597956470231751897","potions_obtained":[{"floor":1,"key":"AttackPotion"},{"floor":5,"key":"AttackPotion"},{"floor":8,"key":"BloodPotion"},{"floor":14,"key":"FearPotion"},{"floor":19,"key":"Fire Potion"},{"floor":22,"key":"Fire Potion"},{"floor":23,"key":"Weak Potion"},{"floor":33,"key":"PowerPotion"},{"floor":35,"key":"FairyPotion"},{"floor":36,"key":"AttackPotion"},{"floor":37,"key":"FairyPotion"},{"floor":39,"key":"Poison Potion"},{"floor":40,"key":"SpeedPotion"},{"floor":42,"key":"BloodPotion"},{"floor":45,"key":"BloodPotion"},{"floor":46,"key":"EntropicBrew"},{"floor":48,"key":"Fire Potion"},{"floor":54,"key":"Dexterity Potion"}],"is_trial":false,"path_per_floor":["M","?","M","$","M","E","R","E","T","R","?","M","E","M","R","B",null,"M","M","?","?","M","E","M","E","T","?","E","R","E","$","R","B",null,"M","M","M","$","M","E","R","E","T","R","M","M","T","E","R","B",null,"R","$","E","B",null],"character_chosen":"IRONCLAD","items_purchased":["Jack Of All Trades","Mummified Hand","Inflame+1","Trip","Bloodletting","Sword Boomerang"],"campfire_rested":5,"item_purchase_floors":[4,31,38,38,53,53],"current_hp_per_floor":[80,69,74,74,78,56,56,36,36,36,36,42,27,33,33,37,80,80,64,58,58,43,51,45,41,41,41,31,59,60,60,60,55,94,94,94,94,94,81,24,52,12,12,40,59,41,41,86,94,87,94,94,94,70,14],"gold":89,"neow_bonus":"REMOVE_CARD","is_prod":false,"is_daily":false,"chose_seed":false,"campfire_upgraded":3,"win_rate":0,"timestamp":1562803953,"path_taken":["M","?","M","$","M","E","R","E","T","R","?","M","E","M","R","BOSS","M","M","?","?","M","E","M","E","T","?","E","R","E","$","R","BOSS","M","M","M","$","M","E","R","E","T","R","M","M","?","E","R","BOSS","R","$","E","BOSS"],"build_version":"2019-07-05","purchased_purges":2,"victory":true,"max_hp_per_floor":[80,80,80,80,80,80,80,80,80,80,80,80,80,80,80,80,80,80,80,80,80,80,80,80,94,94,94,94,94,94,94,94,94,94,94,94,94,94,94,94,94,94,94,94,94,94,94,94,94,94,94,94,94,94,94],"card_choices":[{"not_picked":["Fire Breathing","Pommel Strike"],"picked":"Whirlwind","floor":1},{"not_picked":["Warcry","Ghostly Armor"],"picked":"Anger","floor":3},{"not_picked":["Sword Boomerang","Shrug It Off"],"picked":"Anger","floor":5},{"not_picked":["Heavy Blade","Armaments"],"picked":"Shockwave","floor":6},{"not_picked":["Havoc","Flex","Dual Wield"],"picked":"SKIP","floor":8},{"not_picked":["Hemokinesis","Clothesline"],"picked":"Intimidate","floor":12},{"not_picked":["Sword Boomerang","Clothesline"],"picked":"Combust+1","floor":13},{"not_picked":["Feel No Pain+1","Flame Barrier"],"picked":"Impervious","floor":14},{"not_picked":["Immolate","Limit Break"],"picked":"Berserk+1","floor":16},{"not_picked":["Perfected Strike","Evolve+1","Reckless Charge"],"picked":"SKIP","floor":18},{"not_picked":["Flex","Armaments"],"picked":"Twin Strike+1","floor":19},{"not_picked":["Rupture+1","Thunderclap"],"picked":"Shockwave","floor":22},{"not_picked":["Cleave","Twin Strike"],"picked":"Disarm","floor":23},{"not_picked":["Body Slam","Evolve+1"],"picked":"True Grit+1","floor":24},{"not_picked":["Rage","Battle Trance"],"picked":"Reaper","floor":25},{"not_picked":["Whirlwind+1","Clothesline"],"picked":"Demon Form+1","floor":28},{"not_picked":["Reaper","Heavy Blade"],"picked":"True Grit+1","floor":30},{"not_picked":["Fiend Fire","Offering"],"picked":"Berserk+1","floor":33},{"not_picked":["Havoc+1","Twin Strike"],"picked":"Spot Weakness+1","floor":35},{"not_picked":["Shrug It Off+1","Perfected Strike+1"],"picked":"Heavy Blade+1","floor":36},{"not_picked":["Thunderclap+1","Sword Boomerang"],"picked":"Seeing Red+1","floor":37},{"not_picked":["Shrug It Off","Hemokinesis"],"picked":"Pommel Strike+1","floor":39},{"not_picked":["Havoc","Inflame+1"],"picked":"Bludgeon","floor":40},{"not_picked":["Rampage","Hemokinesis+1"],"picked":"Battle Trance+1","floor":42},{"not_picked":["Hemokinesis","Perfected Strike","Twin Strike"],"picked":"SKIP","floor":45},{"not_picked":["Evolve+1","Headbutt+1"],"picked":"Heavy Blade+1","floor":46},{"not_picked":["Body Slam","Perfected Strike"],"picked":"Rupture+1","floor":48},{"not_picked":["Second Wind+1","Carnage"],"picked":"Disarm","floor":54}],"player_experience":617304,"relics_obtained":[{"floor":6,"key":"Frozen Egg 2"},{"floor":8,"key":"Champion Belt"},{"floor":13,"key":"Bag of Marbles"},{"floor":23,"key":"Ancient Tea Set"},{"floor":25,"key":"Mango"},{"floor":26,"key":"Boot"},{"floor":28,"key":"Happy Flower"},{"floor":30,"key":"Dodecahedron"},{"floor":40,"key":"Red Skull"},{"floor":42,"key":"Art of War"},{"floor":43,"key":"Anchor"},{"floor":47,"key":"Orichalcum"},{"floor":48,"key":"Centennial Puzzle"},{"floor":54,"key":"Bronze Scales"}],"event_choices":[{"damage_healed":0,"gold_gain":75,"player_choice":"Gather Gold","damage_taken":11,"max_hp_gain":0,"max_hp_loss":0,"event_name":"World of Goop","floor":2,"gold_loss":0},{"damage_healed":0,"gold_gain":30,"player_choice":"Searched \u00272\u0027 times","damage_taken":0,"relics_obtained":["Pen Nib"],"max_hp_gain":0,"max_hp_loss":0,"event_name":"Dead Adventurer","floor":11,"gold_loss":0},{"damage_healed":0,"gold_gain":0,"player_choice":"Joined the Cult","damage_taken":6,"max_hp_gain":0,"max_hp_loss":0,"event_name":"Nest","floor":20,"gold_loss":0,"cards_obtained":["RitualDagger"]},{"damage_healed":0,"gold_gain":0,"player_choice":"Ignored","damage_taken":0,"max_hp_gain":0,"max_hp_loss":0,"event_name":"Vampires","floor":21,"gold_loss":0},{"cards_removed":["Strike_R"],"damage_healed":0,"gold_gain":0,"player_choice":"Upgrade and Remove","damage_taken":0,"max_hp_gain":0,"max_hp_loss":0,"event_name":"Designer","floor":27,"gold_loss":90,"cards_upgraded":["RitualDagger"]}],"is_beta":false,"boss_relics":[{"not_picked":["Cursed Key","Busted Crown"],"picked":"Fusion Hammer"},{"not_picked":["Runic Dome","Eternal Feather"],"picked":"White Beast Statue"}],"items_purged_floors":[4,31],"is_endless":false,"potions_floor_spawned":[1,5,8,14,19,22,23,33,35,36,37,39,40,42,45,46,48,54],"ascension_level":1}