{"gold_per_floor":[14,28,28,40,52,52,64,64,88,64,64,139,139,139,139,217,217,237,76,1,1,11,11,24,24,24,34,50,50,104,115,115,194,194,208,208,222,16,16,16,34,34,34,0,14,26,26,26],"floor_reached":48,"playtime":2246,"items_purged":["Strike_R"],"score":897,"play_id":"df7ed399-4d72-4f17-90a7-d6b311b40c0b","local_time":"20190304113253","is_ascension_mode":true,"campfire_choices":[{"data":"Armaments","floor":6.0,"key":"SMITH"},{"data":"Spot Weakness","floor":8.0,"key":"SMITH"},{"data":"Body Slam","floor":15.0,"key":"SMITH"},{"floor":23.0,"key":"REST"},{"data":"Barricade","floor":25.0,"key":"SMITH"},{"floor":29.0,"key":"REST"},{"floor":32.0,"key":"REST"},{"data":"Feel No Pain","floor":40.0,"key":"SMITH"},{"data":"Berserk","floor":42.0,"key":"SMITH"}],"neow_cost":"NO_GOLD","seed_source_timestamp":0,"circlet_count":0,"master_deck":["AscendersBane","Defend_R","Defend_R","Defend_R","Defend_R","Berserk+1","Cleave","Iron Wave","Armaments+1","Spot Weakness+1","Shrug It Off","Body Slam+1","Barricade+1","Feel No Pain","Shrug It Off","Dual Wield","Body Slam","Clothesline","Pommel Strike+1","Impervious","Impervious","Seeing Red","Warcry","Juggernaut+1","Feel No Pain+1","Shrug It Off","Parasite"],"special_seed":0,"relics":["Burning Blood","Oddly Smooth Stone","Happy Flower","Orrery","MutagenicStrength","Unceasing Top","Strawberry","Busted Crown","Paper Frog","Red Mask"],"potions_floor_usage":[45],"damage_taken":[{"damage":10.0,"enemies":"Small Slimes","floor":1.0,"turns":5.0},{"damage":0.0,"enemies":"Cultist","floor":2.0,"turns":2.0},{"damage":0.0,"enemies":"2 Louse","floor":4.0,"turns":3.0},{"damage":27.0,"enemies":"Large Slime","floor":5.0,"turns":7.0},{"damage":20.0,"enemies":"Exordium Wildlife","floor":7.0,"turns":6.0},{"damage":1.0,"enemies":"The Guardian","floor":16.0,"turns":7.0},{"damage":28.0,"enemies":"Chosen","floor":18.0,"turns":7.0},{"damage":24.0,"enemies":"3 Byrds","floor":22.0,"turns":5.0},{"damage":9.0,"enemies":"Snecko","floor":24.0,"turns":6.0},{"damage":12.0,"enemies":"Centurion and Healer","floor":27.0,"turns":7.0},{"damage":9.0,"enemies":"Chosen and Byrds","floor":28.0,"turns":11.0},{"damage":37.0,"enemies":"3 Cultists","floor":31.0,"turns":7.0},{"damage":2.0,"enemies":"Champ","floor":33.0,"turns":11.0},{"damage":35.0,"enemies":"Orb Walker","floor":35.0,"turns":5.0},{"damage":11.0,"enemies":"3 Shapes","floor":37.0,"turns":6.0},{"damage":6.0,"enemies":"Writhing Mass","floor":41.0,"turns":6.0},{"damage":56,"enemies":"3 Darklings","floor":45,"turns":6},{"damage":1,"enemies":"4 Shapes","floor":46,"turns":6},{"damage":22,"enemies":"Sphere and 2 Shapes","floor":48,"turns":4}],"seed_played":"8624691072600110099","potions_obtained":[{"floor":1.0,"key":"Energy Potion"},{"floor":2.0,"key":"Regen Potion"},{"floor":7.0,"key":"Strength Potion"},{"floor":16.0,"key":"SkillPotion"},{"floor":18.0,"key":"PowerPotion"},{"floor":24.0,"key":"FairyPotion"},{"floor":33.0,"key":"BloodPotion"},{"floor":35.0,"key":"Block Potion"},{"floor":41.0,"key":"Dexterity Potion"},{"floor":46,"key":"GamblersBrew"}],"is_trial":false,"path_per_floor":["M","M","?","M","M","R","M","R","T","$","?","?","$","$","R","B",null,"M","$","?","?","M","R","M","R","T","M","M","R","T","M","R","B",null,"M","?","M","$","?","R","M","R","T","?","M","M","$","M"],"character_chosen":"IRONCLAD","items_purchased":["Body Slam","Impervious","Feel No Pain","Shrug It Off"],"campfire_rested":3,"item_purchase_floors":[10,19,38,38],"current_hp_per_floor":[64,70,70,75,54,54,55,55,55,55,55,44,44,44,44,49,69,47,47,47,47,29,51,48,48,48,42,39,61,68,37,61,65,78,57,57,52,52,52,52,52,52,52,52,14,19,19,0],"gold":26,"neow_bonus":"TRANSFORM_TWO_CARDS","is_prod":false,"is_daily":false,"chose_seed":false,"campfire_upgraded":6,"win_rate":0,"timestamp":1551717173,"path_taken":["M","M","?","?","M","R","M","R","T","$","?","?","?","$","R","BOSS","M","$","?","?","M","R","M","R","T","M","M","R","?","?","R","BOSS","M","?","M","?","?","R","M","R","T","?","M","?","$","?"],"build_version":"2019-02-06","purchased_purges":1,"victory":false,"max_hp_per_floor":[75,75,75,75,75,75,75,75,75,75,75,75,75,75,75,75,75,75,75,75,75,75,75,75,75,75,75,75,75,82,82,82,82,82,82,82,82,82,82,82,82,82,82,82,82,82,82,82],"card_choices":[{"not_picked":["Burning Pact","Clash"],"picked":"Iron Wave","floor":1.0},{"not_picked":["Body Slam","Perfected Strike"],"picked":"Armaments","floor":2.0},{"not_picked":["Anger","Headbutt","Bloodletting"],"picked":"SKIP","floor":4.0},{"not_picked":["Heavy Blade","Thunderclap"],"picked":"Shrug It Off","floor":5.0},{"not_picked":["Searing Blow","Perfected Strike","Sever Soul"],"picked":"SKIP","floor":7.0},{"not_picked":["Berserk","Brutality"],"picked":"Barricade","floor":16.0},{"not_picked":["Cleave","Evolve"],"picked":"Feel No Pain","floor":17.0},{"not_picked":["Body Slam","Clash"],"picked":"Shrug It Off","floor":17.0},{"not_picked":["Infernal Blade","Evolve"],"picked":"Dual Wield","floor":17.0},{"not_picked":["Clash","Burning Pact"],"picked":"Body Slam","floor":17.0},{"not_picked":["Pummel","Clash"],"picked":"Clothesline","floor":17.0},{"not_picked":["Rage","Seeing Red"],"picked":"Pommel Strike+1","floor":18.0},{"not_picked":["Cleave","Feel No Pain"],"picked":"Impervious","floor":22.0},{"not_picked":["Body Slam","Uppercut"],"picked":"Seeing Red","floor":24.0},{"not_picked":["Thunderclap","Reckless Charge","Whirlwind"],"picked":"SKIP","floor":27.0},{"not_picked":["Havoc","Wild Strike"],"picked":"Warcry","floor":28.0},{"not_picked":["Burning Pact","Pommel Strike","Anger"],"picked":"SKIP","floor":31.0},{"not_picked":["Berserk","Feed"],"picked":"Juggernaut","floor":33.0},{"not_picked":["Twin Strike"],"picked":"SKIP","floor":35.0},{"not_picked":["Pommel Strike+1"],"picked":"SKIP","floor":37.0},{"not_picked":["Rupture+1"],"picked":"SKIP","floor":41.0},{"not_picked":["Sword Boomerang"],"picked":"SKIP","floor":45},{"not_picked":["Inflame"],"picked":"SKIP","floor":46}],"player_experience":1024083,"relics_obtained":[{"floor":9.0,"key":"Oddly Smooth Stone"},{"floor":26.0,"key":"Unceasing Top"},{"floor":30.0,"key":"Strawberry"},{"floor":43.0,"key":"Paper Frog"}],"event_choices":[{"damage_healed":0.0,"max_hp_gain":0.0,"max_hp_loss":0.0,"gold_gain":0.0,"cards_transformed":["Strike_R"],"event_name":"Transmorgrifier","player_choice":"Transformed","floor":3.0,"gold_loss":0.0,"damage_taken":0.0,"cards_obtained":["Spot Weakness"]},{"damage_healed":0.0,"max_hp_gain":0.0,"max_hp_loss":0.0,"gold_gain":0.0,"event_name":"Dead Adventurer","player_choice":"Searched \u00272\u0027 times","floor":11.0,"gold_loss":0.0,"damage_taken":0.0,"relics_obtained":["Happy Flower"]},{"damage_healed":0.0,"max_hp_gain":0.0,"max_hp_loss":0.0,"gold_gain":75.0,"event_name":"World of Goop","player_choice":"Gather Gold","floor":12.0,"gold_loss":0.0,"damage_taken":11.0},{"cards_removed":["Strike_R"],"damage_healed":0.0,"max_hp_gain":0.0,"max_hp_loss":0.0,"gold_gain":0.0,"event_name":"Beggar","player_choice":"Gave Gold","floor":20.0,"gold_loss":75.0,"damage_taken":0.0},{"damage_healed":0.0,"max_hp_gain":0.0,"max_hp_loss":0.0,"gold_gain":0.0,"event_name":"Drug Dealer","player_choice":"Inject Mutagens","floor":21.0,"gold_loss":0.0,"damage_taken":0.0,"relics_obtained":["MutagenicStrength"]},{"damage_healed":0.0,"max_hp_gain":0.0,"max_hp_loss":0.0,"gold_gain":0.0,"event_name":"Upgrade Shrine","player_choice":"Upgraded","floor":36.0,"gold_loss":0.0,"damage_taken":0.0,"cards_upgraded":["Juggernaut"]},{"cards_removed":["Bash"],"damage_healed":0.0,"max_hp_gain":0.0,"max_hp_loss":0.0,"gold_gain":0.0,"event_name":"Falling","player_choice":"Removed Attack","floor":39.0,"gold_loss":0.0,"damage_taken":0.0},{"damage_healed":0.0,"max_hp_gain":0.0,"max_hp_loss":0.0,"gold_gain":0.0,"event_name":"Tomb of Lord Red Mask","player_choice":"Paid","floor":44.0,"gold_loss":34.0,"damage_taken":0.0,"relics_obtained":["Red Mask"]}],"is_beta":true,"boss_relics":[{"not_picked":["Sozu","Velvet Choker"],"picked":"Orrery"},{"not_picked":["Pandora\u0027s Box","Coffee Dripper"],"picked":"Busted Crown"}],"items_purged_floors":[38],"is_endless":false,"potions_floor_spawned":[1,2,7,16,18,24,28,33,35,41,46],"killed_by":"Sphere and 2 Shapes","ascension_level":19}