{"path_per_floor":["M","?","$","M","?","E","R","?","T","R","?","R","E","M","R","B",null,"M","?","?","?","$","R","M","M","T","$","?","R","?","M","R","B",null,"M","M","M","?","M","R","?","R","T","?","?","?","R","$","R","B"],"character_chosen":"DEFECT","items_purchased":["Defragment","Toolbox","EntropicBrew"],"gold_per_floor":[114,114,78,98,98,126,126,91,91,91,91,91,122,139,139,241,241,255,255,255,255,14,14,25,45,117,19,19,19,19,19,19,120,120,136,155,175,175,187,187,187,187,187,187,187,187,187,187,187,187],"floor_reached":51,"campfire_rested":1,"playtime":4586,"current_hp_per_floor":[68,68,68,66,66,52,52,68,68,68,68,68,59,59,59,57,68,35,35,35,35,35,41,41,20,20,20,20,48,48,48,56,36,68,43,33,28,28,26,36,53,63,63,63,63,63,68,68,68,23],"items_purged":[],"gold":187,"score":681,"play_id":"0e44f8b6-b27d-422b-8040-5e1614c9c5ab","local_time":"20180511212736","is_prod":false,"is_daily":false,"chose_seed":false,"is_ascension_mode":true,"campfire_upgraded":10,"timestamp":1526088456,"path_taken":["M","?","$","M","?","E","R","?","T","R","?","R","E","M","R","BOSS","M","?","?","?","$","R","?","M","T","$","?","R","?","M","R","BOSS","M","M","M","?","M","R","?","R","T","?","?","?","R","$","R","BOSS"],"build_version":"2018-05-10","seed_source_timestamp":92645946168483,"purchased_purges":1,"victory":true,"master_deck":["Strike_B+1","Strike_B+1","Strike_B+1","Defend_B+1","Defend_B+1","Defend_B+1","Defend_B+1","Zap","Dualcast","Reinforced Body+1","Go for the Eyes+1","Defragment+1","Loop","Coolheaded+1","BootSequence","Machine Learning","Heatsinks+1","Aggregate+1","Hologram+1","Deep Breath+1","Meteor Strike+1","Stack+1","Leap+1","Go for the Eyes+1","FTL+1","Sadistic Nature"],"max_hp_per_floor":[68,68,68,68,68,68,68,68,68,68,68,68,68,68,68,68,68,68,68,68,68,68,68,68,68,68,68,68,68,68,68,68,68,68,68,68,68,68,68,68,68,68,68,68,68,68,68,68,68,68],"relics":["Cracked Core","Torii","Shuriken","Bottled Tornado","Pen Nib","Matryoshka","Eternal Feather","Spirit Poop","Toolbox","Letter Opener","Kunai","Nuclear Battery","Blood Vial","Whetstone"],"card_choices":[{"not_picked":["Axe Kick","Leap"],"picked":"Reinforced Body","floor":1},{"not_picked":["Steam","Rebound"],"picked":"Loop","floor":4},{"not_picked":["Capacitor","Doom and Gloom"],"picked":"Coolheaded","floor":6},{"not_picked":["Rebound","Multi-Cast"],"picked":"BootSequence","floor":13},{"not_picked":["Steam Power","Aggregate"],"picked":"Self Repair","floor":14},{"not_picked":["Reboot","Echo Form"],"picked":"Machine Learning","floor":16},{"not_picked":["Self Repair","Ball Lightning"],"picked":"Heatsinks","floor":18},{"not_picked":["Rebound","Glacier"],"picked":"Aggregate","floor":24},{"not_picked":["Beam Cell","Cold Snap"],"picked":"Hologram","floor":25},{"not_picked":["Rainbow","Fission"],"picked":"Meteor Strike","floor":33},{"not_picked":["Rebound","Lockon"],"picked":"Stack","floor":35},{"not_picked":["Turbo","Steam"],"picked":"Leap","floor":36},{"not_picked":["Capacitor","Chill"],"picked":"Go for the Eyes","floor":37},{"not_picked":["Leap","Beam Cell"],"picked":"FTL","floor":39},{"not_picked":["Jack Of All Trades","Apotheosis"],"picked":"Sadistic Nature","floor":46}],"player_experience":75557,"potions_floor_usage":[6,13,16,31,31,33,33,50,50],"damage_taken":[{"damage":0,"enemies":"Small Slimes","floor":1,"turns":3},{"damage":2,"enemies":"Cultist","floor":4,"turns":4},{"damage":14,"enemies":"Gremlin Nob","floor":6,"turns":4},{"damage":9,"enemies":"3 Sentries","floor":13,"turns":6},{"damage":0,"enemies":"Jaw Worm","floor":14,"turns":4},{"damage":9,"enemies":"Slime Boss","floor":16,"turns":22},{"damage":40,"enemies":"2 Thieves","floor":18,"turns":5},{"damage":7,"enemies":"Spheric Guardian","floor":24,"turns":6},{"damage":28,"enemies":"Cultist and Chosen","floor":25,"turns":9},{"damage":0,"enemies":"Centurion and Healer","floor":31,"turns":1},{"damage":27,"enemies":"Collector","floor":33,"turns":19},{"damage":32,"enemies":"3 Darklings","floor":35,"turns":8},{"damage":21,"enemies":"Flame Bruiser 1 Orb","floor":36,"turns":7},{"damage":12,"enemies":"3 Darklings","floor":37,"turns":10},{"damage":2,"enemies":"4 Shapes","floor":39,"turns":8},{"damage":45,"enemies":"Time Eater","floor":50,"turns":20}],"event_choices":[{"event_name":"Transmorgrifier","player_choice":"Transform","floor":2,"damage_taken":0},{"event_name":"Living Wall","player_choice":"Grow","floor":5,"damage_taken":0},{"event_name":"The Cleric","player_choice":"Healed","floor":8,"damage_taken":0},{"event_name":"Accursed Blacksmith","player_choice":"Rummage","floor":11,"damage_taken":0},{"event_name":"Vampires","player_choice":"Ignored","floor":19,"damage_taken":0},{"event_name":"Bonfire Elementals","player_choice":"CURSE","floor":20,"damage_taken":0},{"event_name":"Back to Basics","player_choice":"Simplicity","floor":21,"damage_taken":0},{"event_name":"Match and Keep!","player_choice":"1 cards matched","floor":28,"damage_taken":0},{"event_name":"Ghosts","player_choice":"Ignored","floor":30,"damage_taken":0},{"event_name":"Purifier","player_choice":"One Purge","floor":38,"damage_taken":0},{"event_name":"Winding Halls","player_choice":"Writhe","floor":41,"damage_taken":0},{"event_name":"Fountain of Cleansing","player_choice":"Removed Curse","floor":44,"damage_taken":0},{"event_name":"Tomb of Lord Red Mask","player_choice":"Ignored","floor":45,"damage_taken":0},{"event_name":"SensoryStone","player_choice":"Memory 1","floor":46,"damage_taken":0}],"boss_relics":[{"not_picked":["Philosopher\u0027s Stone","Runic Dome"],"picked":"Eternal Feather"},{"not_picked":["Tiny House","Cursed Key"],"picked":"Nuclear Battery"}],"potions_floor_spawned":[1,4,13,33,36,39],"seed_played":"-7956931705484809673","ascension_level":2,"is_trial":false}