{"gold_per_floor":[114,129,129,146,146,146,163,163,187,147,147,163,179,179,179,277,277,295,311,328,328,9,9,24,44,44,72,72,97,97,155,155,259,259,275,285,16,27,46,46,57,69,117,131,131,131,185,40,40,40],"floor_reached":51,"playtime":4499,"items_purged":["Accuracy"],"score":751,"play_id":"da46408a-3320-4507-bb56-0080a7ddb767","local_time":"20190203134628","is_ascension_mode":false,"campfire_choices":[{"floor":8,"key":"DIG"},{"floor":11,"key":"DIG"},{"floor":15,"key":"DIG"},{"floor":23,"key":"DIG"},{"floor":28,"key":"DIG"},{"floor":30,"key":"REST"},{"floor":32,"key":"DIG"},{"floor":40,"key":"DIG"},{"floor":46,"key":"DIG"},{"floor":49,"key":"DIG"}],"neow_cost":"NONE","seed_source_timestamp":2135463379983893,"circlet_count":0,"master_deck":["Survivor","Neutralize","Flechettes","Quick Slash","Envenom","Expertise","Caltrops+1","Dash","Unload","Slice","Corpse Explosion+1","Poisoned Stab+1","Dagger Spray","Poisoned Stab","Deflect+1","Backflip+1","Terror+1","Adrenaline+1","Noxious Fumes","Deflect+1","Poisoned Stab+1","Choke+1","Bullet Time+1","Slice+1","Dagger Spray+1","After Image","Catalyst+1","Dagger Spray+1","Catalyst+1","After Image","Parasite","Deadly Poison+1","Calculated Gamble+1","Deadly Poison+1","Caltrops+1","Poisoned Stab+1"],"relics":["Pandora\u0027s Box","Shovel","Toxic Egg 2","Potion Belt","Strawberry","Oddly Smooth Stone","Anchor","Nloth\u0027s Gift","Mercury Hourglass","Molten Egg 2","Pantograph","Letter Opener","Tough Bandages","Dodecahedron","Tiny Chest","Singing Bowl","Runic Pyramid","Sling","Torii","Orichalcum","Bottled Flame","Nunchaku","PreservedInsect","Bag of Marbles"],"potions_floor_usage":[16,16,19,19,27,29,29,29,31,33,35,39,41,41,41,41,50],"damage_taken":[{"damage":6,"enemies":"Jaw Worm","floor":1,"turns":3},{"damage":0,"enemies":"2 Louse","floor":2,"turns":2},{"damage":0,"enemies":"Cultist","floor":4,"turns":2},{"damage":10,"enemies":"Looter","floor":7,"turns":3},{"damage":5,"enemies":"Lots of Slimes","floor":12,"turns":2},{"damage":0,"enemies":"Exordium Thugs","floor":13,"turns":3},{"damage":15,"enemies":"The Guardian","floor":16,"turns":8},{"damage":0,"enemies":"Chosen","floor":18,"turns":3},{"damage":0,"enemies":"2 Thieves","floor":19,"turns":2},{"damage":0,"enemies":"Snake Plant","floor":20,"turns":2},{"damage":15,"enemies":"Snecko","floor":24,"turns":5},{"damage":16,"enemies":"Cultist and Chosen","floor":25,"turns":5},{"damage":24,"enemies":"Slavers","floor":27,"turns":3},{"damage":0,"enemies":"Gremlin Leader","floor":29,"turns":4},{"damage":21,"enemies":"Book of Stabbing","floor":31,"turns":4},{"damage":34,"enemies":"Automaton","floor":33,"turns":7},{"damage":0,"enemies":"3 Darklings","floor":35,"turns":2},{"damage":0,"enemies":"Orb Walker","floor":36,"turns":3},{"damage":0,"enemies":"Jaw Worm Horde","floor":38,"turns":2},{"damage":0,"enemies":"Writhing Mass","floor":39,"turns":3},{"damage":0,"enemies":"Transient","floor":41,"turns":5},{"damage":11,"enemies":"Spire Growth","floor":42,"turns":5},{"damage":0,"enemies":"Maw","floor":44,"turns":5},{"damage":7,"enemies":"2 Orb Walkers","floor":47,"turns":2},{"damage":52,"enemies":"Time Eater","floor":50,"turns":6}],"seed_played":"7049438509623013408","potions_obtained":[{"floor":1,"key":"GamblersBrew"},{"floor":7,"key":"FearPotion"},{"floor":10,"key":"EssenceOfSteel"},{"floor":10,"key":"Explosive Potion"},{"floor":10,"key":"EntropicBrew"},{"floor":13,"key":"Regen Potion"},{"floor":18,"key":"FearPotion"},{"floor":25,"key":"Energy Potion"},{"floor":29,"key":"Fire Potion"},{"floor":35,"key":"Weak Potion"},{"floor":36,"key":"EssenceOfSteel"},{"floor":39,"key":"Weak Potion"},{"floor":42,"key":"Poison Potion"}],"is_trial":false,"path_per_floor":["M","M","?","M","T","?","M","R","T","?","R","M","M","?","R","B",null,"M","M","M","?","$","R","M","M","T","E","R","E","R","E","R","B",null,"M","M","$","M","M","R","M","M","T","M","?","R","?","$","R","B",null],"character_chosen":"THE_SILENT","items_purchased":["Mercury Hourglass","Sling","Catalyst+1","PreservedInsect"],"campfire_rested":1,"item_purchase_floors":[22,37,37,48],"current_hp_per_floor":[64,64,50,50,50,43,33,33,40,40,40,35,35,35,35,35,77,77,77,77,77,77,77,62,46,46,22,22,22,45,24,24,15,77,77,77,77,77,77,77,77,66,66,66,66,66,59,59,59,25],"gold":40,"neow_bonus":"BOSS_RELIC","is_prod":false,"is_daily":false,"chose_seed":false,"campfire_upgraded":0,"win_rate":0.0,"timestamp":1549219588,"path_taken":["M","M","?","M","?","?","?","R","T","?","R","M","?","?","R","BOSS","M","?","M","?","$","R","?","M","T","E","R","E","R","E","R","BOSS","M","M","$","M","M","R","M","M","T","M","?","R","?","$","R","BOSS"],"build_version":"2019-01-23","purchased_purges":1,"victory":true,"max_hp_per_floor":[70,70,70,70,70,70,70,70,77,77,77,77,77,77,77,77,77,77,77,77,77,77,77,77,77,77,77,77,77,77,77,77,77,77,77,77,77,77,77,77,77,77,77,77,77,77,77,77,77,77],"card_choices":[{"not_picked":["Finisher","Dodge and Roll"],"picked":"Poisoned Stab","floor":1},{"not_picked":["Quick Slash","Infinite Blades"],"picked":"Dagger Spray","floor":2},{"not_picked":["Noxious Fumes","Bouncing Flask"],"picked":"Poisoned Stab","floor":4},{"not_picked":["Quick Slash","Poisoned Stab"],"picked":"Deflect+1","floor":7},{"not_picked":["Noxious Fumes","Dagger Throw"],"picked":"Backflip+1","floor":12},{"not_picked":["Footwork","Endless Agony"],"picked":"Terror+1","floor":13},{"not_picked":["Wraith Form v2","Burst+1"],"picked":"Adrenaline+1","floor":16},{"not_picked":["Blade Dance+1","Cloak And Dagger+1"],"picked":"Bane","floor":18},{"not_picked":["Flying Knee","Infinite Blades"],"picked":"Noxious Fumes","floor":19},{"not_picked":["Underhanded Strike","Quick Slash+1"],"picked":"Deflect+1","floor":20},{"not_picked":["Reflex+1","Cloak And Dagger+1"],"picked":"Poisoned Stab+1","floor":24},{"not_picked":["Predator+1","Tools of the Trade"],"picked":"Choke+1","floor":25},{"not_picked":["Deflect+1","Acrobatics+1"],"picked":"Bullet Time+1","floor":27},{"not_picked":["Tools of the Trade","Underhanded Strike+1"],"picked":"Slice+1","floor":29},{"not_picked":["Outmaneuver+1","Deflect+1"],"picked":"Dagger Spray+1","floor":31},{"not_picked":["Tools of the Trade","Corpse Explosion+1"],"picked":"After Image","floor":33},{"not_picked":["Well Laid Plans+1","Poisoned Stab+1"],"picked":"Catalyst+1","floor":35},{"not_picked":["Poisoned Stab+1","Flying Knee+1"],"picked":"Dagger Spray+1","floor":36},{"not_picked":["Blade Dance+1","Endless Agony+1"],"picked":"After Image","floor":38},{"not_picked":["Heel Hook+1","Noxious Fumes+1"],"picked":"Deadly Poison+1","floor":39},{"not_picked":["Leg Sweep+1","Prepared+1"],"picked":"Calculated Gamble+1","floor":41},{"not_picked":["PiercingWail+1","Cloak And Dagger+1"],"picked":"Deadly Poison+1","floor":42},{"not_picked":["Escape Plan+1","Terror+1"],"picked":"Caltrops+1","floor":44},{"not_picked":["Blade Dance+1","Underhanded Strike+1"],"picked":"Poisoned Stab+1","floor":47}],"player_experience":172510,"relics_obtained":[{"floor":5,"key":"Shovel"},{"floor":8,"key":"Potion Belt"},{"floor":9,"key":"Strawberry"},{"floor":11,"key":"Oddly Smooth Stone"},{"floor":15,"key":"Anchor"},{"floor":23,"key":"Molten Egg 2"},{"floor":26,"key":"Pantograph"},{"floor":27,"key":"Letter Opener"},{"floor":28,"key":"Tough Bandages"},{"floor":29,"key":"Dodecahedron"},{"floor":31,"key":"Tiny Chest"},{"floor":32,"key":"Singing Bowl"},{"floor":40,"key":"Torii"},{"floor":43,"key":"Orichalcum"},{"floor":46,"key":"Bottled Flame"},{"floor":47,"key":"Nunchaku"},{"floor":49,"key":"Bag of Marbles"}],"event_choices":[{"damage_healed":0,"gold_gain":0,"player_choice":"Entered Light","damage_taken":14,"max_hp_gain":0,"max_hp_loss":0,"event_name":"Shining Light","floor":3,"gold_loss":0,"cards_upgraded":["Poisoned Stab","Corpse Explosion"]},{"damage_healed":0,"gold_gain":0,"player_choice":"Success","damage_taken":7,"relics_obtained":["Toxic Egg 2"],"max_hp_gain":0,"max_hp_loss":0,"event_name":"Scrap Ooze","floor":6,"gold_loss":0},{"damage_healed":0,"gold_gain":0,"player_choice":"Bought 3 Potions","damage_taken":0,"max_hp_gain":0,"max_hp_loss":0,"event_name":"The Woman in Blue","floor":10,"gold_loss":0},{"damage_healed":0,"gold_gain":0,"player_choice":"Upgraded","damage_taken":0,"max_hp_gain":0,"max_hp_loss":0,"event_name":"Upgrade Shrine","floor":14,"gold_loss":0,"cards_upgraded":["Caltrops"]},{"damage_healed":0,"gold_gain":0,"player_choice":"Traded Relic","damage_taken":0,"relics_obtained":["Nloth\u0027s Gift"],"max_hp_gain":0,"max_hp_loss":0,"event_name":"N\u0027loth","floor":21,"relics_lost":["Coffee Dripper"],"gold_loss":0},{"cards_removed":["Bane"],"damage_healed":0,"gold_gain":0,"player_choice":"Removed Attack","damage_taken":0,"max_hp_gain":0,"max_hp_loss":0,"event_name":"Falling","floor":45,"gold_loss":0},{"damage_healed":0,"gold_gain":0,"player_choice":"Fight","damage_taken":0,"max_hp_gain":0,"max_hp_loss":0,"event_name":"Mysterious Sphere","floor":47,"gold_loss":0}],"is_beta":false,"boss_relics":[{"not_picked":["Snecko Eye","Runic Dome"],"picked":"Coffee Dripper"},{"not_picked":["Astrolabe","HoveringKite"],"picked":"Runic Pyramid"}],"items_purged_floors":[22],"is_endless":false,"potions_floor_spawned":[1,7,13,18,25,29,35,36,39,42],"ascension_level":0}