{"gold_per_floor":[109,127,143,153,163,194,194,40,91,64,82,93,112,124,124,224,224,213,213,232,94,107,107,107,107,107,15,48,48],"floor_reached":29,"playtime":4328,"items_purged":["Strike_B"],"score":251,"play_id":"951c0f52-d083-4d9e-baf9-38b32e8da69a","local_time":"20190622233214","is_ascension_mode":false,"campfire_choices":[{"data":"Defragment","floor":15,"key":"SMITH"},{"data":"Barrage","floor":23,"key":"SMITH"},{"data":"Conserve Battery","floor":25,"key":"SMITH"}],"neow_cost":"NONE","seed_source_timestamp":511200317116000,"circlet_count":0,"master_deck":["Strike_B","Strike_B","Strike_B","Defend_B","Defend_B","Defend_B","Defend_B","Zap","Dualcast","Coolheaded","Leap","Coolheaded","Redo","Self Repair","Creative AI","Capacitor","Conserve Battery+1","Steam","Defragment+1","Beam Cell","Rebound","Seek","Steam+1","Iron Wave","Streamline","Amplify","Barrage+1","Discovery","Conserve Battery"],"relics":["Cracked Core","Question Card","Anchor","Nuclear Battery","Matryoshka","The Courier"],"potions_floor_usage":[10,14,22,28],"damage_taken":[{"damage":2,"enemies":"2 Louse","floor":1,"turns":3},{"damage":0,"enemies":"Cultist","floor":2,"turns":4},{"damage":0,"enemies":"Small Slimes","floor":3,"turns":4},{"damage":0,"enemies":"Red Slaver","floor":4,"turns":5},{"damage":3,"enemies":"3 Louse","floor":5,"turns":5},{"damage":9,"enemies":"Lagavulin","floor":6,"turns":9},{"damage":0,"enemies":"Exordium Thugs","floor":10,"turns":5},{"damage":6,"enemies":"Large Slime","floor":11,"turns":9},{"damage":5,"enemies":"2 Fungi Beasts","floor":12,"turns":5},{"damage":8,"enemies":"Exordium Wildlife","floor":13,"turns":7},{"damage":3,"enemies":"Large Slime","floor":14,"turns":9},{"damage":48,"enemies":"Hexaghost","floor":16,"turns":10},{"damage":7,"enemies":"2 Thieves","floor":18,"turns":5},{"damage":2,"enemies":"Shell Parasite","floor":20,"turns":9},{"damage":50,"enemies":"Cultist and Chosen","floor":22,"turns":8},{"damage":18,"enemies":"Slavers","floor":28,"turns":7},{"damage":51,"enemies":"3 Cultists","floor":29,"turns":5}],"seed_played":"402759862399893301","potions_obtained":[{"floor":2,"key":"FocusPotion"},{"floor":3,"key":"Swift Potion"},{"floor":4,"key":"FocusPotion"},{"floor":6,"key":"Regen Potion"},{"floor":11,"key":"GamblersBrew"},{"floor":14,"key":"Fire Potion"},{"floor":22,"key":"FocusPotion"},{"floor":28,"key":"FocusPotion"}],"is_trial":false,"path_per_floor":["M","M","M","M","M","E","?","$","T","M","M","M","M","M","R","B",null,"M","?","M","$","M","R","$","R","T","$","E","M"],"character_chosen":"DEFECT","items_purchased":["Capacitor","Amplify","Discovery"],"campfire_rested":0,"item_purchase_floors":[8,21,27],"current_hp_per_floor":[73,73,73,73,70,68,68,68,68,75,75,75,74,75,75,34,75,75,75,75,75,41,41,41,41,41,41,37,0],"gold":48,"neow_bonus":"THREE_CARDS","is_prod":false,"is_daily":false,"chose_seed":false,"campfire_upgraded":3,"win_rate":0.0,"timestamp":1561260734,"path_taken":["M","M","M","M","M","E","?","$","T","M","M","M","?","M","R","BOSS","M","?","?","$","M","R","$","R","T","$","E","M"],"build_version":"2019-01-23","purchased_purges":1,"victory":false,"max_hp_per_floor":[75,75,75,75,75,75,75,75,75,75,75,75,75,75,75,75,75,75,75,75,75,75,75,75,75,75,75,75,75],"card_choices":[{"not_picked":["Doom and Gloom","Rebound"],"picked":"Coolheaded","floor":0},{"not_picked":["Beam Cell","Darkness"],"picked":"Leap","floor":1},{"not_picked":["Force Field","Fusion"],"picked":"Coolheaded","floor":2},{"not_picked":["Beam Cell","Leap"],"picked":"Redo","floor":3},{"not_picked":["Darkness","Ball Lightning"],"picked":"Steam","floor":4},{"not_picked":["Coolheaded","Skim"],"picked":"Self Repair","floor":5},{"not_picked":["Cold Snap","Steam"],"picked":"Creative AI","floor":6},{"not_picked":["Reinforced Body","Skim","Undo"],"picked":"Conserve Battery","floor":10},{"not_picked":["Coolheaded","Meteor Strike","Leap"],"picked":"Steam","floor":11},{"not_picked":["Beam Cell","Ball Lightning","Melter"],"picked":"Defragment","floor":12},{"not_picked":["Consume","Turbo","Hello World"],"picked":"Beam Cell","floor":13},{"not_picked":["Stack","Ball Lightning","Buffer"],"picked":"Rebound","floor":14},{"not_picked":["Creative AI","Reboot","All For One"],"picked":"Seek","floor":16},{"not_picked":["Go for the Eyes+1","Coolheaded","Ball Lightning"],"picked":"Steam+1","floor":18},{"not_picked":["Go for the Eyes","Turbo+1","Scrape"],"picked":"Streamline","floor":20},{"not_picked":["Cold Snap","Sweeping Beam","Rebound+1"],"picked":"Barrage","floor":22},{"not_picked":["Multi-Cast","Go for the Eyes","Streamline+1"],"picked":"Conserve Battery","floor":28}],"player_experience":453155,"relics_obtained":[{"floor":6,"key":"Question Card"},{"floor":9,"key":"Anchor"},{"floor":26,"key":"Matryoshka"},{"floor":28,"key":"The Courier"}],"event_choices":[{"damage_healed":0,"gold_gain":0,"player_choice":"Bought 0 Potions","damage_taken":0,"max_hp_gain":0,"max_hp_loss":0,"event_name":"The Woman in Blue","floor":7,"gold_loss":0},{"cards_removed":["Steam"],"damage_healed":0,"gold_gain":0,"player_choice":"Took Card","damage_taken":0,"max_hp_gain":0,"max_hp_loss":0,"event_name":"NoteForYourself","floor":19,"gold_loss":0,"cards_obtained":["Iron Wave"]}],"is_beta":false,"boss_relics":[{"not_picked":["Snecko Eye","Black Star"],"picked":"Nuclear Battery"}],"items_purged_floors":[8],"is_endless":false,"potions_floor_spawned":[2,3,4,6,11,14,22,28],"killed_by":"3 Cultists","ascension_level":0}