{"gold_per_floor":[210,222,238,257,257,257,276,287,287,304,304,304,161,171,171,274,274,292,151,151,76,89,89,89,89,89,4,24,43,57,69,69,173,223,233,244,96,96],"floor_reached":38,"playtime":4600,"items_purged":["Pain"],"score":372,"play_id":"02b60e31-ad96-4ea0-ae0e-e9e79334b31e","local_time":"20180915220757","is_ascension_mode":false,"campfire_choices":[{"data":"Metallicize","floor":6,"key":"SMITH"},{"data":"Fire Breathing","floor":12,"key":"SMITH"},{"floor":15,"key":"REST"},{"data":"Barricade","floor":24,"key":"SMITH"},{"floor":32,"key":"REST"}],"neow_cost":"NONE","seed_source_timestamp":388122509657586,"circlet_count":0,"master_deck":["Strike_R","Strike_R","Strike_R","Strike_R","Strike_R","Defend_R","Defend_R","Defend_R","Defend_R","Bash","Metallicize+1","Flex","Perfected Strike+1","Iron Wave","Fire Breathing+1","Fire Breathing","Pommel Strike","Barricade+1","Metallicize","Flame Barrier","Metallicize+1","Rage","Reckless Charge","Cleave","Demon Form","Flex","Perfected Strike"],"relics":["Burning Blood","Pantograph","WarpedTongs","CultistMask","Question Card","Self Forming Clay","Tiny House","Red Skull"],"potions_floor_usage":[14,16,22,31,31,31,33],"damage_taken":[{"damage":1,"enemies":"Cultist","floor":1,"turns":4},{"damage":5,"enemies":"2 Louse","floor":2,"turns":3},{"damage":10,"enemies":"Jaw Worm","floor":3,"turns":4},{"damage":18,"enemies":"2 Fungi Beasts","floor":4,"turns":6},{"damage":16,"enemies":"Lots of Slimes","floor":7,"turns":7},{"damage":8,"enemies":"3 Louse","floor":8,"turns":3},{"damage":7,"enemies":"Large Slime","floor":10,"turns":6},{"damage":19,"enemies":"Gremlin Gang","floor":14,"turns":4},{"damage":48,"enemies":"The Guardian","floor":16,"turns":12},{"damage":10,"enemies":"Chosen","floor":18,"turns":8},{"damage":21,"enemies":"2 Thieves","floor":21,"turns":5},{"damage":29,"enemies":"Snake Plant","floor":22,"turns":6},{"damage":18,"enemies":"Shelled Parasite and Fungi","floor":28,"turns":11},{"damage":12,"enemies":"Sentry and Sphere","floor":29,"turns":13},{"damage":23,"enemies":"Chosen and Byrds","floor":30,"turns":12},{"damage":17,"enemies":"3 Cultists","floor":31,"turns":7},{"damage":11,"enemies":"Champ","floor":33,"turns":21},{"damage":21,"enemies":"3 Shapes","floor":35,"turns":6},{"damage":49,"enemies":"3 Darklings","floor":36,"turns":7},{"damage":32,"enemies":"Reptomancer","floor":38,"turns":2}],"seed_played":"129525207593872426","potions_obtained":[{"floor":1,"key":"Block Potion"},{"floor":2,"key":"Dexterity Potion"},{"floor":8,"key":"Poison Potion"},{"floor":16,"key":"BloodPotion"},{"floor":28,"key":"Explosive Potion"},{"floor":29,"key":"Explosive Potion"},{"floor":30,"key":"BloodPotion"},{"floor":31,"key":"SteroidPotion"},{"floor":34,"key":"SpeedPotion"}],"is_trial":false,"path_per_floor":["M","M","M","M","?","R","M","M","T","M","?","R","$","M","R","B",null,"M","$","?","M","M","?","R","?","T","?","M","M","M","M","R","B",null,"M","M","$"],"character_chosen":"IRONCLAD","items_purchased":["Fire Breathing","Metallicize","Flame Barrier","Red Skull"],"campfire_rested":2,"item_purchase_floors":[13,19,19,37],"current_hp_per_floor":[80,80,76,64,64,64,54,52,52,51,51,51,51,38,62,38,80,76,76,76,61,46,46,46,46,46,46,34,28,11,8,32,52,85,70,27,27,0],"gold":96,"neow_bonus":"HUNDRED_GOLD","is_prod":false,"is_daily":false,"chose_seed":false,"campfire_upgraded":3,"win_rate":0.0,"timestamp":1537067277,"path_taken":["M","M","M","M","?","R","M","M","T","M","?","R","$","M","R","BOSS","M","$","?","M","?","?","R","?","T","?","M","M","M","M","R","BOSS","M","M","?","M"],"build_version":"2018-09-06","purchased_purges":1,"victory":false,"max_hp_per_floor":[80,80,80,80,80,80,80,80,80,80,80,80,80,80,80,80,80,80,80,80,80,80,80,80,80,80,80,80,80,80,80,80,80,85,85,85,85,85],"card_choices":[{"not_picked":["Rampage","Body Slam","Wild Strike"],"picked":"SKIP","floor":1},{"not_picked":["Shrug It Off","Headbutt"],"picked":"Metallicize","floor":2},{"not_picked":["Anger","Battle Trance","Ghostly Armor"],"picked":"SKIP","floor":3},{"not_picked":["Headbutt","Pommel Strike"],"picked":"Flex","floor":4},{"not_picked":["Corruption","Heavy Blade"],"picked":"Perfected Strike","floor":7},{"not_picked":["True Grit","Feed"],"picked":"Iron Wave","floor":8},{"not_picked":["Dropkick","Iron Wave"],"picked":"Fire Breathing","floor":10},{"not_picked":["Warcry","Anger"],"picked":"Pommel Strike","floor":14},{"not_picked":["Reaper","Immolate"],"picked":"Barricade","floor":16},{"not_picked":["Dual Wield","Shockwave","Wild Strike"],"picked":"SKIP","floor":18},{"not_picked":["Iron Wave","Headbutt"],"picked":"Metallicize+1","floor":21},{"not_picked":["Anger+1","Heavy Blade+1","Corruption+1"],"picked":"SKIP","floor":22},{"not_picked":["Twin Strike","Bloodletting","True Grit"],"picked":"Rage","floor":28},{"not_picked":["Ghostly Armor+1","Iron Wave","Combust"],"picked":"Reckless Charge","floor":29},{"not_picked":["Spot Weakness+1","Sword Boomerang","Clash+1","Body Slam"],"picked":"SKIP","floor":30},{"not_picked":["Blood for Blood","Disarm+1","Anger+1"],"picked":"Cleave","floor":31},{"not_picked":["Barricade","Brutality","Reaper"],"picked":"Demon Form","floor":33},{"not_picked":["Clothesline","Shrug It Off+1","Pommel Strike"],"picked":"Flex","floor":34},{"not_picked":["Anger","Headbutt","Carnage+1","Clothesline+1"],"picked":"SKIP","floor":35},{"not_picked":["Blood for Blood+1","Shrug It Off+1","Twin Strike+1"],"picked":"Perfected Strike","floor":36}],"player_experience":23170,"relics_obtained":[{"floor":9,"key":"Pantograph"},{"floor":26,"key":"Question Card"}],"event_choices":[{"event_name":"Liars Game","player_choice":"disagreed","floor":5,"damage_taken":0},{"event_name":"Accursed Blacksmith","player_choice":"Rummage","floor":11,"damage_taken":0},{"event_name":"FaceTrader","player_choice":"Trade","floor":20,"damage_taken":0},{"event_name":"Vampires","player_choice":"Ignored","floor":23,"damage_taken":0},{"event_name":"Beggar","player_choice":"Ignored","floor":25,"damage_taken":0},{"event_name":"Addict","player_choice":"Obtained Relic","floor":27,"damage_taken":0}],"is_beta":false,"boss_relics":[{"not_picked":["Ectoplasm","Runic Dome","Fusion Hammer"]},{"not_picked":["Snecko Eye","White Beast Statue"],"picked":"Tiny House"}],"items_purged_floors":[13],"is_endless":false,"potions_floor_spawned":[1,2,8,16,28,29,30,31],"killed_by":"Reptomancer","ascension_level":0}