{"gold_per_floor":[119,44,44,194,209,209,223,239,264,296,296,313,313,132,132,205,205,217,217,217,217,232,232,242,242,242,255,266,276,292,317,317,317],"floor_reached":33,"playtime":1559,"items_purged":["Doubt"],"score":536,"play_id":"ce9a86a6-294c-43ae-9c35-40fa7a46ccbd","local_time":"20190205151329","is_ascension_mode":true,"campfire_choices":[{"data":"Chaos","floor":6.0,"key":"SMITH"},{"data":"Zap","floor":13.0,"key":"SMITH"},{"data":"Defragment","floor":15.0,"key":"SMITH"},{"floor":23.0,"key":"REST"},{"floor":25.0,"key":"REST"},{"floor":32,"key":"REST"}],"neow_cost":"CURSE","seed_source_timestamp":0,"circlet_count":0,"master_deck":["AscendersBane","Strike_B+1","Strike_B+1","Defend_B","Defend_B","Defend_B","Defend_B","Zap+1","Chaos+1","Tempest","Chill","Machine Learning","Conserve Battery","FTL","Defragment+1","Conserve Battery","Electrodynamics","Recycle+1","Biased Cognition+1","Beam Cell+1","Melter+1","Amplify","Stack","White Noise","FTL+1","Conserve Battery","Chill","Conserve Battery"],"special_seed":0,"relics":["Cracked Core","Torii","Orichalcum","Whetstone","Blue Candle","Oddly Smooth Stone","Astrolabe","Bottled Tornado","Dodecahedron"],"potions_floor_usage":[30,31],"damage_taken":[{"damage":10.0,"enemies":"Small Slimes","floor":1.0,"turns":4.0},{"damage":0.0,"enemies":"2 Louse","floor":5.0,"turns":3.0},{"damage":0.0,"enemies":"Cultist","floor":7.0,"turns":3.0},{"damage":2.0,"enemies":"Red Slaver","floor":8.0,"turns":3.0},{"damage":13.0,"enemies":"3 Sentries","floor":10.0,"turns":5.0},{"damage":1.0,"enemies":"Looter","floor":12.0,"turns":2.0},{"damage":4.0,"enemies":"The Guardian","floor":16.0,"turns":12.0},{"damage":11.0,"enemies":"Spheric Guardian","floor":18.0,"turns":4.0},{"damage":15.0,"enemies":"Colosseum Slavers","floor":20.0,"turns":3.0},{"damage":8.0,"enemies":"2 Thieves","floor":22.0,"turns":4.0},{"damage":0.0,"enemies":"Chosen and Byrds","floor":24.0,"turns":5.0},{"damage":17.0,"enemies":"Snake Plant","floor":27.0,"turns":3.0},{"damage":15.0,"enemies":"Shelled Parasite and Fungi","floor":28.0,"turns":6.0},{"damage":1,"enemies":"Centurion and Healer","floor":29,"turns":4},{"damage":1,"enemies":"Cultist and Chosen","floor":30,"turns":5},{"damage":28,"enemies":"Slavers","floor":31,"turns":4},{"damage":29,"enemies":"Collector","floor":33,"turns":2}],"seed_played":"7593120480425518628","potions_obtained":[{"floor":5.0,"key":"AttackPotion"},{"floor":8.0,"key":"PowerPotion"},{"floor":10.0,"key":"SkillPotion"},{"floor":18.0,"key":"SpeedPotion"},{"floor":24.0,"key":"Block Potion"},{"floor":27.0,"key":"Dexterity Potion"},{"floor":28.0,"key":"Poison Potion"}],"is_trial":false,"path_per_floor":["M","?","?","?","M","R","M","M","T","E","?","M","R","$","R","B",null,"M","?","?","?","M","R","M","R","T","M","M","M","M","E","R","B"],"character_chosen":"DEFECT","items_purchased":["Defragment","Conserve Battery"],"campfire_rested":3,"item_purchase_floors":[14,14],"current_hp_per_floor":[54,54,43,43,43,43,43,41,41,28,28,27,27,27,27,23,59,48,48,33,33,25,46,46,67,67,50,35,34,33,5,26,0],"gold":317,"neow_bonus":"ONE_RARE_RELIC","is_prod":false,"is_daily":false,"chose_seed":false,"campfire_upgraded":3,"win_rate":0,"timestamp":1549397609,"path_taken":["M","?","?","?","M","R","M","M","T","E","?","?","R","?","R","BOSS","M","?","?","?","M","R","?","R","T","M","M","M","M","E","R","BOSS"],"build_version":"2019-01-23","purchased_purges":1,"victory":false,"max_hp_per_floor":[71,71,71,71,71,71,71,71,71,71,71,71,71,71,71,71,71,71,71,71,71,71,71,71,71,71,71,71,71,71,71,71,71],"card_choices":[{"not_picked":["Streamline","Sunder"],"picked":"Chaos","floor":1.0},{"not_picked":["Coolheaded","Stack"],"picked":"Tempest","floor":5.0},{"not_picked":["Rebound","Conserve Battery"],"picked":"Chill","floor":7.0},{"not_picked":["Barrage","Steam"],"picked":"Machine Learning","floor":8.0},{"not_picked":["Double Energy","Go for the Eyes"],"picked":"Conserve Battery","floor":10.0},{"not_picked":["Hello World","Stack"],"picked":"FTL","floor":12.0},{"not_picked":["Fission","Multi-Cast"],"picked":"Electrodynamics","floor":16.0},{"not_picked":["Steam","Self Repair"],"picked":"Melter+1","floor":18.0},{"not_picked":["Steam","Leap"],"picked":"Stack","floor":22.0},{"not_picked":["Genetic Algorithm","Thunder Strike"],"picked":"White Noise","floor":24.0},{"not_picked":["Darkness+1","Beam Cell"],"picked":"FTL+1","floor":27.0},{"not_picked":["Beam Cell","FTL"],"picked":"Conserve Battery","floor":28.0},{"not_picked":["Turbo","Sweeping Beam"],"picked":"Chill","floor":29},{"not_picked":["Barrage","Sweeping Beam"],"picked":"Conserve Battery","floor":30},{"not_picked":["Barrage","Fusion","Ball Lightning"],"picked":"SKIP","floor":31}],"player_experience":914866,"relics_obtained":[{"floor":9.0,"key":"Whetstone"},{"floor":10.0,"key":"Blue Candle"},{"floor":26.0,"key":"Bottled Tornado"},{"floor":31,"key":"Dodecahedron"}],"event_choices":[{"cards_removed":["Injury"],"damage_healed":0.0,"max_hp_gain":0.0,"max_hp_loss":0.0,"gold_gain":0.0,"event_name":"The Cleric","player_choice":"Card Removal","floor":2.0,"gold_loss":75.0,"damage_taken":0.0},{"damage_healed":0.0,"max_hp_gain":0.0,"max_hp_loss":0.0,"gold_gain":0.0,"event_name":"Scrap Ooze","player_choice":"Success","floor":3.0,"gold_loss":0.0,"damage_taken":11.0,"relics_obtained":["Orichalcum"]},{"damage_healed":0.0,"max_hp_gain":0.0,"max_hp_loss":0.0,"gold_gain":150.0,"event_name":"Liars Game","player_choice":"AGREE","floor":4.0,"gold_loss":0.0,"damage_taken":0.0,"cards_obtained":["Doubt"]},{"damage_healed":0.0,"max_hp_gain":0.0,"max_hp_loss":0.0,"gold_gain":0.0,"event_name":"WeMeetAgain","player_choice":"Gave Potion","floor":11.0,"gold_loss":0.0,"damage_taken":0.0,"relics_obtained":["Oddly Smooth Stone"]},{"damage_healed":0.0,"max_hp_gain":0.0,"max_hp_loss":0.0,"gold_gain":0.0,"event_name":"Vampires","player_choice":"Ignored","floor":19.0,"gold_loss":0.0,"damage_taken":0.0},{"damage_healed":0.0,"max_hp_gain":0.0,"max_hp_loss":0.0,"gold_gain":0.0,"event_name":"Colosseum","player_choice":"Fight","floor":20.0,"gold_loss":0.0,"damage_taken":0.0},{"damage_healed":0.0,"max_hp_gain":0.0,"max_hp_loss":0.0,"gold_gain":0.0,"event_name":"Colosseum","player_choice":"Fled From Nobs","floor":20.0,"gold_loss":0.0,"damage_taken":0.0},{"damage_healed":0.0,"max_hp_gain":0.0,"max_hp_loss":0.0,"gold_gain":0.0,"event_name":"Match and Keep!","player_choice":"1 cards matched","floor":21.0,"gold_loss":0.0,"damage_taken":0.0,"cards_obtained":["Amplify"]}],"is_beta":true,"boss_relics":[{"not_picked":["Sozu","Coffee Dripper"],"picked":"Astrolabe"}],"items_purged_floors":[14],"is_endless":false,"potions_floor_spawned":[5,8,10,18,24,27,28],"killed_by":"Collector","ascension_level":18}