{"gold_per_floor":[117,127,147,147,157,157,177,177,177,188,188,202,243,262,262,385,385,409,409,409,409,289,322,322,347,402,429,78,103,103,126,126,257,257,270,270,80,80,93,93,107,107,107,207,231,231,251,269,269,269],"floor_reached":51,"playtime":4387,"items_purged":["Injury"],"score":678,"play_id":"059d8c62-fe19-4b55-879c-f3d6111c54aa","local_time":"20190706121958","is_ascension_mode":true,"campfire_choices":[{"data":"Masterful Stab","floor":6,"key":"SMITH"},{"data":"Leg Sweep","floor":8,"key":"SMITH"},{"data":"Blade Dance","floor":15,"key":"SMITH"},{"data":"Leg Sweep","floor":24,"key":"SMITH"},{"data":"Setup","floor":30,"key":"SMITH"},{"data":"A Thousand Cuts","floor":32,"key":"SMITH"},{"data":"Blur","floor":40,"key":"SMITH"},{"data":"Quick Slash","floor":42,"key":"SMITH"},{"data":"Madness","floor":46,"key":"SMITH"},{"data":"Caltrops","floor":49,"key":"SMITH"}],"neow_cost":"NONE","seed_source_timestamp":1159531938279500,"circlet_count":0,"master_deck":["Strike_G+1","Strike_G+1","Strike_G+1","Strike_G+1","Strike_G+1","Defend_G+1","Defend_G+1","Defend_G+1","Defend_G+1","Defend_G+1","Survivor","Neutralize","Masterful Stab+1","Dodge and Roll","Leg Sweep+1","Dagger Spray","Blur+1","Quick Slash+1","Blade Dance+1","A Thousand Cuts+1","Cloak And Dagger+1","Infinite Blades+1","Dodge and Roll","Leg Sweep+1","Choke+1","Madness+1","Setup+1","Caltrops+1","Adrenaline"],"relics":["Ring of the Snake","Shuriken","Golden Idol","Ninja Scroll","Coffee Dripper","Letter Opener","Regal Pillow","Boot","Singing Bowl","Empty Cage","Anchor","Bottled Lightning"],"potions_floor_usage":[13,13,23,31,33,47,50],"damage_taken":[{"damage":1,"enemies":"Jaw Worm","floor":1,"turns":5},{"damage":0,"enemies":"Cultist","floor":2,"turns":3},{"damage":0,"enemies":"Small Slimes","floor":3,"turns":3},{"damage":0,"enemies":"Exordium Wildlife","floor":5,"turns":5},{"damage":0,"enemies":"3 Louse","floor":7,"turns":3},{"damage":0,"enemies":"Looter","floor":10,"turns":4},{"damage":1,"enemies":"Exordium Thugs","floor":12,"turns":5},{"damage":0,"enemies":"Gremlin Nob","floor":13,"turns":3},{"damage":3,"enemies":"Red Slaver","floor":14,"turns":5},{"damage":9,"enemies":"Slime Boss","floor":16,"turns":9},{"damage":0,"enemies":"Spheric Guardian","floor":18,"turns":2},{"damage":28,"enemies":"Gremlin Leader","floor":23,"turns":5},{"damage":0,"enemies":"3 Byrds","floor":25,"turns":4},{"damage":0,"enemies":"3 Cultists","floor":29,"turns":4},{"damage":5,"enemies":"Cultist and Chosen","floor":31,"turns":3},{"damage":27,"enemies":"Collector","floor":33,"turns":8},{"damage":3,"enemies":"3 Shapes","floor":35,"turns":6},{"damage":4,"enemies":"3 Darklings","floor":39,"turns":3},{"damage":9,"enemies":"Jaw Worm Horde","floor":41,"turns":3},{"damage":0,"enemies":"4 Shapes","floor":45,"turns":5},{"damage":6,"enemies":"Sphere and 2 Shapes","floor":47,"turns":6},{"damage":0,"enemies":"3 Darklings","floor":48,"turns":4},{"damage":69,"enemies":"Awakened One","floor":50,"turns":15}],"seed_played":"5461357962825794705","potions_obtained":[{"floor":2,"key":"AttackPotion"},{"floor":4,"key":"SteroidPotion"},{"floor":4,"key":"Dexterity Potion"},{"floor":13,"key":"SteroidPotion"},{"floor":25,"key":"LiquidBronze"},{"floor":33,"key":"GamblersBrew"},{"floor":45,"key":"Weak Potion"},{"floor":47,"key":"Regen Potion"}],"is_trial":false,"path_per_floor":["M","M","M","?","M","R","M","R","T","M","?","M","E","M","R","B",null,"M","?","?","?","$","E","R","M","T","T","$","M","R","M","R","B",null,"M","?","$","$","M","R","M","R","T","?","M","R","M","M","R","B",null],"character_chosen":"THE_SILENT","items_purchased":["Dodge and Roll","Madness","Singing Bowl","Caltrops","Anchor"],"campfire_rested":0,"item_purchase_floors":[22,28,28,37,37],"current_hp_per_floor":[69,69,69,69,69,69,69,69,69,69,69,68,68,65,65,56,70,70,70,70,70,70,42,42,42,42,42,42,42,42,39,39,14,74,73,73,73,73,71,71,64,64,64,64,66,66,62,62,62,8],"gold":269,"neow_bonus":"THREE_CARDS","is_prod":false,"is_daily":false,"chose_seed":false,"campfire_upgraded":10,"win_rate":0,"timestamp":1562429998,"path_taken":["M","M","M","?","?","R","?","R","T","M","?","M","E","M","R","BOSS","M","?","?","?","$","E","R","M","T","?","$","M","R","M","R","BOSS","M","?","?","$","?","R","M","R","T","?","M","R","M","M","R","BOSS"],"build_version":"2019-07-05","purchased_purges":1,"victory":true,"max_hp_per_floor":[70,70,70,70,70,70,70,70,70,70,70,70,70,70,70,70,70,70,70,70,70,70,70,70,70,70,70,70,70,70,72,72,74,74,76,76,76,76,78,78,80,80,80,80,82,82,84,84,84,84],"card_choices":[{"not_picked":["Deflect","Blade Dance"],"picked":"Masterful Stab","floor":0},{"not_picked":["Outmaneuver","Sucker Punch"],"picked":"Dodge and Roll","floor":1},{"not_picked":["Wraith Form v2","Slice"],"picked":"Leg Sweep","floor":2},{"not_picked":["Flying Knee","PiercingWail"],"picked":"Noxious Fumes","floor":3},{"not_picked":["Prepared","Escape Plan"],"picked":"Dagger Spray","floor":5},{"not_picked":["Choke","Poisoned Stab"],"picked":"Blur","floor":7},{"not_picked":["Crippling Poison","Skewer"],"picked":"Quick Slash","floor":10},{"not_picked":["Dagger Throw","Flying Knee","Crippling Poison"],"picked":"SKIP","floor":12},{"not_picked":["Night Terror","Underhanded Strike"],"picked":"Bane","floor":13},{"not_picked":["Reflex","Dagger Spray"],"picked":"Blade Dance","floor":14},{"not_picked":["Malaise","Night Terror"],"picked":"A Thousand Cuts","floor":16},{"not_picked":["Blade Dance","Noxious Fumes+1"],"picked":"Cloak And Dagger+1","floor":18},{"not_picked":["Sucker Punch","Heel Hook"],"picked":"Leg Sweep","floor":23},{"not_picked":["Tactician","Catalyst"],"picked":"Choke+1","floor":25},{"not_picked":["Blade Dance","Outmaneuver"],"picked":"Setup","floor":29},{"not_picked":["Backstab","Sucker Punch","Dagger Spray"],"picked":"Singing Bowl","floor":31},{"not_picked":["Wraith Form v2","Corpse Explosion","Venomology"],"picked":"Singing Bowl","floor":33},{"not_picked":["Underhanded Strike","Prepared+1","Blade Dance"],"picked":"Singing Bowl","floor":35},{"not_picked":["Endless Agony+1","Prepared+1","Dodge and Roll+1"],"picked":"Singing Bowl","floor":39},{"not_picked":["Flying Knee","Riddle With Holes+1","All Out Attack"],"picked":"Singing Bowl","floor":41},{"not_picked":["Deflect","Slice+1","Bouncing Flask"],"picked":"Singing Bowl","floor":45},{"not_picked":["All Out Attack+1","Sucker Punch+1","Poisoned Stab+1"],"picked":"Singing Bowl","floor":47},{"not_picked":["Dagger Spray","Poisoned Stab"],"picked":"Adrenaline","floor":48}],"player_experience":629173,"relics_obtained":[{"floor":9,"key":"Shuriken"},{"floor":13,"key":"Ninja Scroll"},{"floor":23,"key":"Letter Opener"},{"floor":26,"key":"Regal Pillow"},{"floor":27,"key":"Boot"},{"floor":43,"key":"Bottled Lightning"}],"event_choices":[{"damage_healed":0,"gold_gain":0,"player_choice":"Got Potions","damage_taken":0,"max_hp_gain":0,"max_hp_loss":0,"event_name":"Lab","floor":4,"gold_loss":0},{"damage_healed":0,"gold_gain":0,"player_choice":"Take Wound","damage_taken":0,"relics_obtained":["Golden Idol"],"max_hp_gain":0,"max_hp_loss":0,"event_name":"Golden Idol","floor":11,"gold_loss":0,"cards_obtained":["Injury"]},{"damage_healed":0,"gold_gain":0,"player_choice":"Read","damage_taken":0,"max_hp_gain":0,"max_hp_loss":0,"event_name":"The Library","floor":19,"gold_loss":0,"cards_obtained":["Infinite Blades"]},{"damage_healed":0,"gold_gain":0,"player_choice":"Simplicity","damage_taken":0,"max_hp_gain":0,"max_hp_loss":0,"event_name":"Back to Basics","floor":20,"gold_loss":0,"cards_upgraded":["Strike_G","Strike_G","Strike_G","Strike_G","Strike_G","Defend_G","Defend_G","Defend_G","Defend_G","Defend_G"]},{"damage_healed":0,"gold_gain":0,"player_choice":"Ignored","damage_taken":0,"max_hp_gain":0,"max_hp_loss":0,"event_name":"Vampires","floor":21,"gold_loss":0},{"damage_healed":0,"gold_gain":0,"player_choice":"Upgraded","damage_taken":0,"max_hp_gain":0,"max_hp_loss":0,"event_name":"Upgrade Shrine","floor":36,"gold_loss":0,"cards_upgraded":["Infinite Blades"]},{"damage_healed":0,"gold_gain":100,"player_choice":"Pray","damage_taken":0,"max_hp_gain":0,"max_hp_loss":0,"event_name":"Golden Shrine","floor":44,"gold_loss":0}],"is_beta":false,"boss_relics":[{"not_picked":["Eternal Feather","Tiny House"],"picked":"Coffee Dripper"},{"not_picked":["Velvet Choker","HoveringKite"],"picked":"Empty Cage"}],"items_purged_floors":[22],"is_endless":false,"potions_floor_spawned":[2,7,10,12,13,25,33,45,47],"ascension_level":1}