{"gold_per_floor":[116,130,80,96,116,147,147,160,186,186,205,220,245,45,45,143,143,162,162],"floor_reached":19,"playtime":1183,"items_purged":[],"score":188,"play_id":"1c410443-6226-49f0-b262-69b3f29499f8","local_time":"20190721153608","is_ascension_mode":true,"campfire_choices":[{"data":"Rainbow","floor":7.0,"key":"SMITH"},{"data":"Redo","floor":10.0,"key":"SMITH"},{"data":"Zap","floor":15.0,"key":"SMITH"}],"neow_cost":"NONE","seed_source_timestamp":0,"circlet_count":0,"master_deck":["Strike_B","Strike_B","Strike_B+1","Defend_B","Defend_B","Defend_B","Defend_B","Zap+1","Dualcast","Hologram","Redo+1","Rip and Tear","Rainbow+1","Self Repair","Cold Snap+1","Coolheaded","Seek"],"special_seed":0,"relics":["Nuclear Battery","Pear","Whetstone","ClockworkSouvenir","Eternal Feather"],"potions_floor_usage":[],"damage_taken":[{"damage":5.0,"enemies":"2 Louse","floor":1.0,"turns":3.0},{"damage":2.0,"enemies":"Jaw Worm","floor":2.0,"turns":4.0},{"damage":1.0,"enemies":"Cultist","floor":4.0,"turns":4.0},{"damage":4.0,"enemies":"Large Slime","floor":5.0,"turns":6.0},{"damage":11.0,"enemies":"Gremlin Nob","floor":6.0,"turns":4.0},{"damage":22.0,"enemies":"Exordium Wildlife","floor":8.0,"turns":5.0},{"damage":6.0,"enemies":"Red Slaver","floor":11.0,"turns":3.0},{"damage":1.0,"enemies":"Blue Slaver","floor":12.0,"turns":3.0},{"damage":1.0,"enemies":"Slime Boss","floor":16.0,"turns":6.0},{"damage":14.0,"enemies":"Shell Parasite","floor":18.0,"turns":4.0},{"damage":0,"enemies":"Spheric Guardian","floor":19,"turns":1}],"seed_played":"8317772062026624495","potions_obtained":[{"floor":1.0,"key":"Regen Potion"},{"floor":4.0,"key":"Explosive Potion"},{"floor":8.0,"key":"PowerPotion"},{"floor":16.0,"key":"Swift Potion"}],"is_trial":false,"path_per_floor":["M","M","?","M","M","E","R","M","T","R","M","M","T","$","R","B",null,"M","M"],"character_chosen":"DEFECT","items_purchased":["ClockworkSouvenir"],"campfire_rested":0,"item_purchase_floors":[14],"current_hp_per_floor":[70,68,68,67,63,62,62,47,47,47,48,54,54,54,54,74,85,78,78],"gold":162,"neow_bonus":"BOSS_RELIC","is_prod":false,"is_daily":false,"chose_seed":false,"campfire_upgraded":3,"win_rate":0,"timestamp":1563737768,"path_taken":["M","M","?","M","M","E","R","M","T","R","M","M","?","?","R","BOSS","M","M"],"build_version":"2019-07-17","purchased_purges":0,"victory":false,"max_hp_per_floor":[75,75,75,75,75,85,85,85,85,85,85,85,85,85,85,85,85,85,85],"card_choices":[{"not_picked":["Loop","Aggregate"],"picked":"Hologram","floor":1.0},{"not_picked":["Double Energy","Leap"],"picked":"Redo","floor":2.0},{"not_picked":["Stack","Conserve Battery"],"picked":"Rip and Tear","floor":4.0},{"not_picked":["Rebound","Coolheaded"],"picked":"Rainbow","floor":5.0},{"not_picked":["Fusion","Rebound"],"picked":"Self Repair","floor":6.0},{"not_picked":["Hologram","Cold Snap","Redo"],"picked":"SKIP","floor":8.0},{"not_picked":["Compile Driver","Beam Cell"],"picked":"Cold Snap","floor":11.0},{"not_picked":["Streamline","Stack"],"picked":"Coolheaded","floor":12.0},{"not_picked":["Rainbow","Hyperbeam"],"picked":"Seek","floor":16.0},{"not_picked":["Rebound","Hello World","Stack+1"],"picked":"SKIP","floor":18}],"player_experience":785028,"relics_obtained":[{"floor":6.0,"key":"Pear"},{"floor":13.0,"key":"Whetstone"}],"event_choices":[{"cards_removed":["Strike_B"],"damage_healed":0.0,"max_hp_gain":0.0,"max_hp_loss":0.0,"gold_gain":0.0,"event_name":"The Cleric","player_choice":"Card Removal","floor":3.0,"gold_loss":50.0,"damage_taken":0.0}],"is_beta":false,"boss_relics":[{"not_picked":["Cursed Key","Ectoplasm"],"picked":"Eternal Feather"}],"items_purged_floors":[],"is_endless":false,"potions_floor_spawned":[1,4,8,16],"killed_by":"Spheric Guardian","ascension_level":2}