{"gold_per_floor":[213,213,231,249,268,268,278,298,298,4,4,54,54,66,66,139,139,149,199,76,95,110,110,123,133,182,182,202,202,202,220,220,293,293,307,307,51,67,67,92,92,92,92,92,10,10,10],"floor_reached":47,"playtime":2136,"items_purged":["Combust"],"score":805,"play_id":"2c7f2b4a-36e4-4cb0-84a9-4b2e323fc4eb","local_time":"20190126210112","is_ascension_mode":true,"campfire_choices":[{"data":"Bash","floor":6.0,"key":"SMITH"},{"data":"Shrug It Off","floor":13.0,"key":"SMITH"},{"data":"Berserk","floor":15.0,"key":"SMITH"},{"data":"Flame Barrier","floor":23.0,"key":"SMITH"},{"data":"Shockwave","floor":27.0,"key":"SMITH"},{"floor":30.0,"key":"REST"},{"floor":32.0,"key":"REST"},{"floor":42,"key":"REST"},{"data":"Demon Form","floor":44,"key":"SMITH"},{"data":"Iron Wave","floor":46,"key":"SMITH"}],"neow_cost":"NONE","seed_source_timestamp":0,"circlet_count":0,"master_deck":["AscendersBane","Bash+1","Thunderclap+1","Iron Wave","Shrug It Off","Pummel+1","Shockwave+1","Shrug It Off+1","Berserk+1","Offering","Iron Wave","Cleave","Immolate+1","Infernal Blade","Flame Barrier+1","Sentinel","Warcry","Rage+1","Iron Wave+1","Rupture","Feed+1","Spot Weakness","Juggernaut","Hemokinesis+1","Demon Form+1","Madness","Madness"],"special_seed":0,"relics":["Burning Blood","Dodecahedron","Membership Card","Oddly Smooth Stone","Pandora\u0027s Box","Orichalcum","Pen Nib","Lizard Tail","Shuriken","Whetstone","Bag of Marbles","Blue Candle","Art of War"],"potions_floor_usage":[40],"damage_taken":[{"damage":1.0,"enemies":"Cultist","floor":1.0,"turns":4.0},{"damage":4.0,"enemies":"Small Slimes","floor":3.0,"turns":4.0},{"damage":1.0,"enemies":"2 Louse","floor":4.0,"turns":3.0},{"damage":12.0,"enemies":"Lots of Slimes","floor":5.0,"turns":3.0},{"damage":17.0,"enemies":"Large Slime","floor":7.0,"turns":6.0},{"damage":9.0,"enemies":"Looter","floor":8.0,"turns":3.0},{"damage":0.0,"enemies":"Blue Slaver","floor":14.0,"turns":4.0},{"damage":35.0,"enemies":"The Guardian","floor":16.0,"turns":15.0},{"damage":6.0,"enemies":"Spheric Guardian","floor":18.0,"turns":3.0},{"damage":6.0,"enemies":"Chosen","floor":21.0,"turns":6.0},{"damage":12.0,"enemies":"Shelled Parasite and Fungi","floor":22.0,"turns":6.0},{"damage":11.0,"enemies":"Cultist and Chosen","floor":24.0,"turns":4.0},{"damage":31.0,"enemies":"Sentry and Sphere","floor":25.0,"turns":6.0},{"damage":16.0,"enemies":"Snake Plant","floor":28.0,"turns":4.0},{"damage":28.0,"enemies":"Snecko","floor":31.0,"turns":6.0},{"damage":65.0,"enemies":"Champ","floor":33.0,"turns":15.0},{"damage":22.0,"enemies":"Orb Walker","floor":35.0,"turns":3.0},{"damage":3.0,"enemies":"3 Shapes","floor":38.0,"turns":3.0},{"damage":69,"enemies":"Reptomancer","floor":40,"turns":7},{"damage":50,"enemies":"Writhing Mass","floor":47,"turns":4}],"seed_played":"-5920655647091740181","potions_obtained":[{"floor":3.0,"key":"SmokeBomb"},{"floor":8.0,"key":"Regen Potion"},{"floor":16.0,"key":"AttackPotion"},{"floor":18.0,"key":"BloodPotion"},{"floor":24.0,"key":"FearPotion"},{"floor":25.0,"key":"GamblersBrew"},{"floor":33.0,"key":"SkillPotion"},{"floor":35.0,"key":"BloodPotion"}],"is_trial":false,"path_per_floor":["M","?","M","M","M","R","M","M","T","$","?","?","R","M","R","B",null,"M","?","$","M","M","R","M","M","T","R","M","?","R","M","R","B",null,"M","?","$","M","?","E","?","R","T","R","$","R","M"],"character_chosen":"IRONCLAD","items_purchased":["Membership Card","Oddly Smooth Stone","Orichalcum","Shuriken","Whetstone","EssenceOfSteel","Art of War"],"campfire_rested":3,"item_purchase_floors":[10,10,20,37,37,37,45],"current_hp_per_floor":[73,73,75,75,69,69,58,55,55,55,60,60,60,66,66,37,69,69,69,69,77,71,71,80,55,55,55,45,45,69,47,71,12,63,47,47,47,58,44,26,26,50,50,50,50,50,0],"gold":10,"neow_bonus":"HUNDRED_GOLD","is_prod":false,"is_daily":false,"chose_seed":false,"campfire_upgraded":7,"win_rate":0,"timestamp":1548554472,"path_taken":["M","?","M","M","M","R","M","?","T","$","?","?","R","?","R","BOSS","M","?","$","M","M","R","M","M","T","R","M","?","R","?","R","BOSS","M","?","$","M","?","E","?","R","T","R","$","R","M"],"build_version":"2019-01-23","purchased_purges":1,"victory":false,"max_hp_per_floor":[75,75,75,75,75,75,75,75,75,75,80,80,80,80,80,80,80,80,80,80,80,80,80,80,80,80,80,80,80,80,80,80,80,80,80,80,80,80,80,80,80,80,80,80,80,80,80],"card_choices":[{"not_picked":["True Grit","Corruption"],"picked":"Thunderclap","floor":1.0},{"not_picked":["Body Slam","Infernal Blade"],"picked":"Iron Wave","floor":3.0},{"not_picked":["Clothesline","Headbutt"],"picked":"Shrug It Off","floor":4.0},{"not_picked":["Havoc","Iron Wave"],"picked":"Pummel","floor":5.0},{"not_picked":["Cleave","Clothesline"],"picked":"Shockwave","floor":7.0},{"not_picked":["Wild Strike","Second Wind"],"picked":"Shrug It Off","floor":8.0},{"not_picked":["Clash","Anger"],"picked":"Berserk","floor":14.0},{"not_picked":["Exhume","Immolate"],"picked":"Offering","floor":16.0},{"not_picked":["Shrug It Off","Flex"],"picked":"Rage+1","floor":18.0},{"not_picked":["Flex","Bloodletting","Perfected Strike+1"],"picked":"SKIP","floor":21.0},{"not_picked":["Clash","Shockwave"],"picked":"Iron Wave","floor":22.0},{"not_picked":["Entrench","Uppercut"],"picked":"Rupture","floor":24.0},{"not_picked":["Flex","Sword Boomerang","Blood for Blood"],"picked":"SKIP","floor":25.0},{"not_picked":["Perfected Strike","Pommel Strike"],"picked":"Feed","floor":28.0},{"not_picked":["Dropkick","Pommel Strike"],"picked":"Spot Weakness","floor":31.0},{"not_picked":["Impervious","Feed"],"picked":"Juggernaut","floor":33.0},{"not_picked":["Perfected Strike","Wild Strike"],"picked":"Hemokinesis+1","floor":35.0},{"not_picked":["Headbutt+1","Carnage"],"picked":"Demon Form","floor":38.0},{"not_picked":["Sword Boomerang","Clothesline","Brutality"],"picked":"SKIP","floor":40}],"player_experience":879758,"relics_obtained":[{"floor":9.0,"key":"Dodecahedron"},{"floor":26.0,"key":"Pen Nib"},{"floor":40,"key":"Bag of Marbles"},{"floor":43,"key":"Blue Candle"}],"event_choices":[{"damage_healed":0.0,"max_hp_gain":0.0,"max_hp_loss":0.0,"gold_gain":0.0,"event_name":"Upgrade Shrine","player_choice":"Upgraded","floor":2.0,"gold_loss":0.0,"damage_taken":0.0,"cards_upgraded":["Thunderclap"]},{"damage_healed":0.0,"max_hp_gain":5.0,"max_hp_loss":0.0,"gold_gain":0.0,"event_name":"Big Fish","player_choice":"Donut","floor":11.0,"gold_loss":0.0,"damage_taken":0.0},{"damage_healed":0.0,"max_hp_gain":0.0,"max_hp_loss":0.0,"gold_gain":50.0,"event_name":"Golden Shrine","player_choice":"Pray","floor":12.0,"gold_loss":0.0,"damage_taken":0.0},{"damage_healed":0.0,"max_hp_gain":0.0,"max_hp_loss":0.0,"gold_gain":50.0,"event_name":"Nest","player_choice":"Stole From Cult","floor":19.0,"gold_loss":0.0,"damage_taken":0.0},{"damage_healed":0.0,"max_hp_gain":0.0,"max_hp_loss":0.0,"gold_gain":0.0,"event_name":"Upgrade Shrine","player_choice":"Upgraded","floor":29.0,"gold_loss":0.0,"damage_taken":0.0,"cards_upgraded":["Feed"]},{"damage_healed":0.0,"max_hp_gain":0.0,"max_hp_loss":0.0,"gold_gain":0.0,"event_name":"Mysterious Sphere","player_choice":"Ignored","floor":36.0,"gold_loss":0.0,"damage_taken":0.0},{"damage_healed":0.0,"max_hp_gain":0.0,"max_hp_loss":0.0,"gold_gain":0.0,"event_name":"Winding Halls","player_choice":"Embrace Madness","floor":39.0,"gold_loss":0.0,"damage_taken":14.0,"cards_obtained":["Madness","Madness"]},{"cards_removed":["Combust"],"damage_healed":0,"gold_gain":0,"player_choice":"Removed Power","damage_taken":0,"max_hp_gain":0,"max_hp_loss":0,"event_name":"Falling","floor":41,"gold_loss":0}],"is_beta":true,"boss_relics":[{"not_picked":["Runic Dome","Coffee Dripper"],"picked":"Pandora\u0027s Box"},{"not_picked":["Cursed Key","Philosopher\u0027s Stone"],"picked":"Lizard Tail"}],"items_purged_floors":[20],"is_endless":false,"potions_floor_spawned":[3,8,16,18,24,25,33,35],"killed_by":"Writhing Mass","ascension_level":16}