{"gold_per_floor":[111,186,202,202,222,222,12,24,24,38,3,14,24,41,41,41],"floor_reached":16,"playtime":626,"items_purged":[],"score":192,"play_id":"5a64a81b-92b4-41b9-869b-55916900dc40","local_time":"20190418231618","is_ascension_mode":true,"campfire_choices":[{"data":"Genetic Algorithm","floor":6,"key":"SMITH"},{"data":"Go for the Eyes","floor":15,"key":"SMITH"}],"neow_cost":"NONE","seed_source_timestamp":18530494759524,"circlet_count":0,"master_deck":["AscendersBane","Strike_B","Strike_B","Strike_B","Defend_B","Defend_B","Defend_B","Defend_B","Zap","Dualcast","Genetic Algorithm+1","Coolheaded","Coolheaded","Blizzard","Go for the Eyes+1","Leap","Stack","Coolheaded"],"relics":["Cracked Core","Juzu Bracelet","Mummified Hand"],"potions_floor_usage":[12,16,16],"damage_taken":[{"damage":0,"enemies":"2 Louse","floor":1,"turns":3},{"damage":7,"enemies":"Jaw Worm","floor":3,"turns":3},{"damage":3,"enemies":"Cultist","floor":5,"turns":5},{"damage":16,"enemies":"Large Slime","floor":8,"turns":9},{"damage":4,"enemies":"Blue Slaver","floor":10,"turns":4},{"damage":18,"enemies":"Exordium Wildlife","floor":12,"turns":6},{"damage":5,"enemies":"Looter","floor":13,"turns":4},{"damage":15,"enemies":"Gremlin Gang","floor":14,"turns":7},{"damage":21,"enemies":"The Guardian","floor":16,"turns":8}],"seed_played":"-5211791801545480742","potions_obtained":[{"floor":5,"key":"SkillPotion"},{"floor":8,"key":"Strength Potion"},{"floor":14,"key":"Poison Potion"}],"is_trial":false,"path_per_floor":["M","?","M","?","M","R","$","M","T","M","?","M","M","M","R","B"],"character_chosen":"DEFECT","items_purchased":["Juzu Bracelet","Blizzard"],"campfire_rested":0,"item_purchase_floors":[7,7],"current_hp_per_floor":[71,60,53,53,50,50,50,34,34,30,49,31,26,11,11,0],"gold":41,"neow_bonus":"TEN_PERCENT_HP_BONUS","is_prod":false,"is_daily":false,"chose_seed":false,"campfire_upgraded":2,"win_rate":0,"timestamp":1555643778,"path_taken":["M","?","M","?","?","R","$","M","T","M","?","M","M","M","R","BOSS"],"build_version":"2019-04-04","purchased_purges":0,"victory":false,"max_hp_per_floor":[78,78,78,78,78,78,78,78,78,78,78,78,78,78,78,78],"card_choices":[{"not_picked":["Conserve Battery","Rebound"],"picked":"Genetic Algorithm","floor":1},{"not_picked":["Recycle","Compile Driver"],"picked":"Coolheaded","floor":3},{"not_picked":["Leap","Barrage"],"picked":"Coolheaded","floor":5},{"not_picked":["Storm","Beam Cell"],"picked":"Go for the Eyes","floor":8},{"not_picked":["Compile Driver","Lockon","Streamline"],"picked":"SKIP","floor":10},{"not_picked":["Lockon","Redo"],"picked":"Leap","floor":12},{"not_picked":["Lockon","Coolheaded"],"picked":"Stack","floor":13},{"not_picked":["Consume","Skim"],"picked":"Coolheaded","floor":14}],"player_experience":1063726,"relics_obtained":[{"floor":9,"key":"Mummified Hand"}],"event_choices":[{"damage_healed":0,"gold_gain":75,"player_choice":"Gather Gold","damage_taken":11,"max_hp_gain":0,"max_hp_loss":0,"event_name":"World of Goop","floor":2,"gold_loss":0},{"cards_removed":["Strike_B"],"damage_healed":0,"gold_gain":0,"player_choice":"Offered Basic","damage_taken":0,"max_hp_gain":0,"max_hp_loss":0,"event_name":"Bonfire Elementals","floor":4,"gold_loss":0},{"damage_healed":19,"gold_gain":0,"player_choice":"Healed","damage_taken":0,"max_hp_gain":0,"max_hp_loss":0,"event_name":"The Cleric","floor":11,"gold_loss":35}],"is_beta":true,"boss_relics":[],"items_purged_floors":[],"is_endless":false,"potions_floor_spawned":[5,8,14],"killed_by":"The Guardian","ascension_level":20}