{"path_per_floor":["M","M","?","M","M","M","R","?","T","E","$","R","E","M","R","B",null,"M","M","$","?","M","M","R","$","T","M","M","E","M","$","R"],"character_chosen":"THE_SILENT","items_purchased":["Bullet Time+1","Apotheosis+1","Swift Strike"],"gold_per_floor":[118,135,135,150,162,175,175,175,253,284,125,125,160,180,180,278,278,288,301,90,90,104,117,117,12,12,30,48,78,90,90,90,90],"floor_reached":33,"campfire_rested":4,"playtime":5397,"item_purchase_floors":[],"current_hp_per_floor":[55,49,70,70,57,54,70,70,70,58,58,70,64,64,70,8,70,66,62,62,62,62,62,62,62,62,62,60,52,40,40,61,0],"items_purged":[],"gold":90,"score":281,"play_id":"3b54db69-ab85-48f3-9a8c-869c90c0c8e6","local_time":"20180604211618","is_prod":false,"is_daily":false,"chose_seed":false,"is_ascension_mode":false,"campfire_upgraded":1,"win_rate":0.0,"timestamp":1528161378,"campfire_choices":[{"floor":7.0,"key":"REST"},{"floor":12.0,"key":"REST"},{"floor":15.0,"key":"REST"},{"data":"Die Die Die","floor":24.0,"key":"SMITH"},{"floor":32,"key":"REST"}],"path_taken":["M","M","?","M","M","M","R","?","T","E","$","R","E","M","R","BOSS","M","M","$","?","M","M","R","$","T","M","M","E","M","$","R","BOSS"],"build_version":"2018-05-31","seed_source_timestamp":0,"purchased_purges":0,"victory":false,"master_deck":["Defend_G","Defend_G","Defend_G+1","Defend_G","Defend_G","Strike_G+1","Strike_G","Strike_G","Strike_G","Strike_G","Survivor+1","Neutralize","Flying Knee+1","Underhanded Strike","Dagger Throw","Dagger Spray+1","Choke","Die Die Die","Bullet Time+1","Deflect+1","Blur+1","Die Die Die+1","Terror+1","Deflect+1","Apotheosis+1","Choke","Outmaneuver+1","Swift Strike","Escape Plan+1","PiercingWail+1","Slice+1","Quick Slash"],"max_hp_per_floor":[70,70,70,70,70,70,70,70,70,70,70,70,70,70,70,70,70,70,70,70,70,70,70,70,70,70,70,70,70,70,70,70,70],"relics":["Ring of the Snake","War Paint","Toxic Egg 2","Thread and Needle","Ancient Tea Set","Velvet Choker","Whetstone","Bottled Lightning"],"card_choices":[{"not_picked":["Underhanded Strike","Slice"],"picked":"Flying Knee","floor":1.0},{"not_picked":["Caltrops","Flying Knee"],"picked":"Underhanded Strike","floor":2.0},{"not_picked":["Poisoned Stab","Backflip"],"picked":"Dagger Throw","floor":4.0},{"not_picked":["Dagger Throw","Calculated Gamble"],"picked":"Dagger Spray","floor":5.0},{"not_picked":["Unload","Dagger Spray"],"picked":"Choke","floor":6.0},{"not_picked":["Dagger Spray","Bullet Time+1"],"picked":"Die Die Die","floor":10.0},{"not_picked":["Slice","Footwork"],"picked":"Deflect+1","floor":13.0},{"not_picked":["Flying Knee","Sucker Punch"],"picked":"Blur+1","floor":14.0},{"not_picked":["Doppelganger+1","Wraith Form v2"],"picked":"Die Die Die","floor":16.0},{"not_picked":["Prepared+1","Dagger Spray"],"picked":"Terror+1","floor":18.0},{"not_picked":["Malaise+1","Footwork"],"picked":"Deflect+1","floor":19.0},{"not_picked":["Expertise+1","Dagger Spray"],"picked":"Choke","floor":22.0},{"not_picked":["Escape Plan+1","Prepared+1"],"picked":"Outmaneuver+1","floor":23.0},{"not_picked":["Distraction+1","All Out Attack"],"picked":"Escape Plan+1","floor":27.0},{"not_picked":["Calculated Gamble+1","Reflex+1"],"picked":"PiercingWail+1","floor":28},{"not_picked":["Deflect+1","Backflip+1"],"picked":"Slice+1","floor":29},{"not_picked":["Dagger Spray","Dagger Throw"],"picked":"Quick Slash","floor":30}],"player_experience":9963,"potions_floor_usage":[30,33,33,33,33,33,33],"damage_taken":[{"damage":15.0,"enemies":"Small Slimes","floor":1.0,"turns":5.0},{"damage":6.0,"enemies":"2 Louse","floor":2.0,"turns":3.0},{"damage":0.0,"enemies":"Cultist","floor":4.0,"turns":3.0},{"damage":13.0,"enemies":"3 Louse","floor":5.0,"turns":5.0},{"damage":3.0,"enemies":"Exordium Wildlife","floor":6.0,"turns":4.0},{"damage":12.0,"enemies":"Gremlin Nob","floor":10.0,"turns":4.0},{"damage":6.0,"enemies":"3 Sentries","floor":13.0,"turns":3.0},{"damage":0.0,"enemies":"Large Slime","floor":14.0,"turns":4.0},{"damage":62.0,"enemies":"The Guardian","floor":16.0,"turns":14.0},{"damage":4.0,"enemies":"Shell Parasite","floor":18.0,"turns":6.0},{"damage":4.0,"enemies":"2 Thieves","floor":19.0,"turns":3.0},{"damage":0.0,"enemies":"Snecko","floor":22.0,"turns":5.0},{"damage":0.0,"enemies":"Centurion and Healer","floor":23.0,"turns":5.0},{"damage":0.0,"enemies":"Chosen and Byrds","floor":27.0,"turns":3.0},{"damage":2.0,"enemies":"Snake Plant","floor":28.0,"turns":3.0},{"damage":8,"enemies":"Slavers","floor":29,"turns":4},{"damage":12,"enemies":"Cultist and Chosen","floor":30,"turns":6},{"damage":79,"enemies":"Champ","floor":33,"turns":10}],"relics_obtained":[{"floor":9.0,"key":"Toxic Egg 2"},{"floor":10.0,"key":"Thread and Needle"},{"floor":13.0,"key":"Ancient Tea Set"},{"floor":26.0,"key":"Whetstone"},{"floor":29,"key":"Bottled Lightning"}],"event_choices":[{"event_name":"Big Fish","player_choice":"Banana","floor":3.0,"damage_taken":0.0},{"event_name":"Upgrade Shrine","player_choice":"Upgraded","floor":8.0,"damage_taken":0.0},{"event_name":"Vampires","player_choice":"Ignored","floor":21.0,"damage_taken":0.0}],"boss_relics":[],"items_purged_floors":[],"potions_floor_spawned":[4,10,14,16,27,28,29,30],"seed_played":"3189484353430284932","killed_by":"Champ","ascension_level":0,"potions_obtained":[{"floor":4.0,"key":"SneckoOil"},{"floor":10.0,"key":"GamblersBrew"},{"floor":14.0,"key":"EntropicBrew"},{"floor":16.0,"key":"SteroidPotion"},{"floor":27.0,"key":"Fire Potion"},{"floor":28,"key":"Fire Potion"},{"floor":30,"key":"PowerPotion"}],"is_trial":false}