{"gold_per_floor":[119,137,97,110,127,127,148,166,191,59,334,345,345,360,360,360],"floor_reached":16,"playtime":672,"items_purged":[],"score":169,"play_id":"9e834c32-051a-4572-b857-989c153c5815","local_time":"20190127131824","is_ascension_mode":true,"campfire_choices":[{"data":"Disarm","floor":6,"key":"SMITH"},{"floor":13,"key":"REST"},{"floor":15,"key":"REST"}],"neow_cost":"NONE","seed_source_timestamp":55869784543289,"circlet_count":0,"master_deck":["AscendersBane","Strike_R","Strike_R","Strike_R","Strike_R","Strike_R","Defend_R","Defend_R","Defend_R","Defend_R","Bash","Iron Wave","Shockwave","Disarm+1","Shrug It Off","Body Slam","Shrug It Off","Regret","Shockwave","Shrug It Off"],"relics":["Burning Blood","Boot","Odd Mushroom","Potion Belt","Tiny Chest"],"potions_floor_usage":[14,16,16],"damage_taken":[{"damage":4,"enemies":"Small Slimes","floor":1,"turns":4},{"damage":1,"enemies":"Cultist","floor":2,"turns":3},{"damage":0,"enemies":"2 Louse","floor":4,"turns":3},{"damage":8,"enemies":"2 Fungi Beasts","floor":5,"turns":5},{"damage":20,"enemies":"The Mushroom Lair","floor":7,"turns":6},{"damage":18,"enemies":"Lots of Slimes","floor":8,"turns":7},{"damage":14,"enemies":"3 Louse","floor":12,"turns":5},{"damage":31,"enemies":"Exordium Thugs","floor":14,"turns":8},{"damage":61,"enemies":"Slime Boss","floor":16,"turns":11}],"seed_played":"-9192996154164882721","potions_obtained":[{"floor":3,"key":"Ancient Potion"},{"floor":3,"key":"SpeedPotion"},{"floor":5,"key":"Dexterity Potion"},{"floor":12,"key":"Energy Potion"}],"is_trial":false,"path_per_floor":["M","M","?","M","M","R","?","M","T","$","?","M","R","M","R","B"],"character_chosen":"IRONCLAD","items_purchased":["Tiny Chest"],"campfire_rested":2,"item_purchase_floors":[10],"current_hp_per_floor":[70,75,75,75,73,73,59,47,47,47,47,39,61,36,58,0],"gold":360,"neow_bonus":"RANDOM_COMMON_RELIC","is_prod":false,"is_daily":false,"chose_seed":false,"campfire_upgraded":1,"win_rate":0,"timestamp":1548613104,"path_taken":["M","M","?","?","M","R","?","M","T","$","?","M","R","?","R","BOSS"],"build_version":"2019-01-23","purchased_purges":0,"victory":false,"max_hp_per_floor":[75,75,75,75,75,75,75,75,75,75,75,75,75,75,75,75],"card_choices":[{"not_picked":["Twin Strike","Thunderclap"],"picked":"Iron Wave","floor":1},{"not_picked":["Berserk","Flex"],"picked":"Shockwave","floor":2},{"not_picked":["Blood for Blood","Cleave"],"picked":"Disarm","floor":4},{"not_picked":["Twin Strike","Dropkick"],"picked":"Shrug It Off","floor":5},{"not_picked":["Heavy Blade","Wild Strike"],"picked":"Body Slam","floor":7},{"not_picked":["Sentinel","Heavy Blade"],"picked":"Shrug It Off","floor":8},{"not_picked":["Iron Wave","Warcry"],"picked":"Shockwave","floor":12},{"not_picked":["Combust","Twin Strike"],"picked":"Shrug It Off","floor":14}],"player_experience":886073,"relics_obtained":[{"floor":7,"key":"Odd Mushroom"},{"floor":9,"key":"Potion Belt"}],"event_choices":[{"damage_healed":0,"gold_gain":0,"player_choice":"Bought 3 Potions","damage_taken":0,"max_hp_gain":0,"max_hp_loss":0,"event_name":"The Woman in Blue","floor":3,"gold_loss":0},{"damage_healed":0,"gold_gain":0,"player_choice":"Fought Mushrooms","damage_taken":0,"max_hp_gain":0,"max_hp_loss":0,"event_name":"Mushrooms","floor":7,"gold_loss":0},{"damage_healed":0,"gold_gain":275,"player_choice":"Desecrate","damage_taken":0,"max_hp_gain":0,"max_hp_loss":0,"event_name":"Golden Shrine","floor":11,"gold_loss":0,"cards_obtained":["Regret"]}],"is_beta":true,"boss_relics":[],"items_purged_floors":[],"is_endless":false,"potions_floor_spawned":[4,5,12],"killed_by":"Slime Boss","ascension_level":16}