{"path_per_floor":["M","?","M","$","M","E","M","R","T","M","E","?"],"character_chosen":"IRONCLAD","items_purchased":["Rampage","SkillPotion"],"gold_per_floor":[117,117,131,0,13,52,68,68,91,112,150,150,150],"floor_reached":13,"campfire_rested":0,"playtime":867,"item_purchase_floors":[4,4],"current_hp_per_floor":[80,80,80,80,80,49,41,41,41,45,36,36,0],"items_purged":[],"gold":150,"score":95,"play_id":"8cec4d4b-5b8a-4e49-9656-1dbdd66048ed","local_time":"20180616231710","is_prod":false,"is_daily":false,"chose_seed":false,"is_ascension_mode":false,"campfire_upgraded":1,"win_rate":0.0,"timestamp":1529205430,"campfire_choices":[{"data":"Pommel Strike","floor":8,"key":"SMITH"}],"path_taken":["M","?","M","?","M","E","?","R","T","M","E","?","E"],"build_version":"2018-06-14v2","seed_source_timestamp":342027866707338,"purchased_purges":0,"victory":false,"master_deck":["Strike_R","Strike_R","Strike_R","Strike_R","Defend_R","Defend_R","Defend_R","Defend_R","Bash","Pommel Strike+1","Pommel Strike","Injury","Inflame","Rampage","Infernal Blade","Evolve","Second Wind","Intimidate","Searing Blow","Corruption"],"max_hp_per_floor":[80,80,80,80,80,80,80,80,80,80,80,80,80],"relics":["Burning Blood","Golden Idol","Pen Nib","Vajra","Ancient Tea Set"],"card_choices":[{"not_picked":["Seeing Red","Body Slam"],"picked":"Pommel Strike","floor":0},{"not_picked":["Sword Boomerang","Body Slam"],"picked":"Pommel Strike","floor":1},{"not_picked":["True Grit","Sword Boomerang"],"picked":"Inflame","floor":3},{"not_picked":["Dual Wield","Seeing Red"],"picked":"Infernal Blade","floor":5},{"not_picked":["Brutality","Heavy Blade"],"picked":"Evolve","floor":6},{"not_picked":["Shrug It Off","Heavy Blade"],"picked":"Second Wind","floor":7},{"not_picked":["Evolve","Heavy Blade"],"picked":"Intimidate","floor":10},{"not_picked":["Battle Trance","Iron Wave"],"picked":"Searing Blow","floor":11}],"player_experience":49722,"potions_floor_usage":[6,7,13],"damage_taken":[{"damage":6,"enemies":"Jaw Worm","floor":1,"turns":4},{"damage":4,"enemies":"Small Slimes","floor":3,"turns":4},{"damage":1,"enemies":"Cultist","floor":5,"turns":4},{"damage":37,"enemies":"Lagavulin","floor":6,"turns":7},{"damage":14,"enemies":"Lots of Slimes","floor":7,"turns":4},{"damage":2,"enemies":"Large Slime","floor":10,"turns":5},{"damage":15,"enemies":"Gremlin Nob","floor":11,"turns":4},{"damage":38,"enemies":"Lagavulin","floor":13,"turns":6}],"relics_obtained":[{"floor":6,"key":"Pen Nib"},{"floor":9,"key":"Vajra"},{"floor":11,"key":"Ancient Tea Set"}],"event_choices":[{"event_name":"Golden Idol","player_choice":"Take Wound","floor":2,"damage_taken":0},{"event_name":"Transmorgrifier","player_choice":"Transform","floor":12,"damage_taken":0}],"boss_relics":[],"items_purged_floors":[],"is_endless":false,"potions_floor_spawned":[1,3,11],"seed_played":"-6420981633954184125","killed_by":"Lagavulin","ascension_level":0,"potions_obtained":[{"floor":1,"key":"Block Potion"},{"floor":3,"key":"Swift Potion"},{"floor":11,"key":"Block Potion"}],"is_trial":false}