{"gold_per_floor":[412,412,340,399,153,153,182,182,182,182,198,198,213,230,230,307,307,280,293,149,181,181,181],"floor_reached":23,"playtime":1263,"items_purged":[],"score":502,"play_id":"6c1e09b0-d8f5-40dc-b8d1-0a683ea1b4e0","local_time":"20190117073004","is_ascension_mode":true,"campfire_choices":[{"data":"Clothesline","floor":6.0,"key":"SMITH"},{"data":"Bash","floor":8.0,"key":"SMITH"},{"data":"Metallicize","floor":10.0,"key":"SMITH"},{"data":"Inflame","floor":15.0,"key":"SMITH"}],"neow_cost":"TEN_PERCENT_HP_LOSS","seed_source_timestamp":561515761275443,"circlet_count":0,"master_deck":["AscendersBane","Strike_R","Strike_R","Strike_R","Strike_R","Defend_R","Defend_R","Defend_R","Defend_R+1","Bash+1","Clothesline+1","Clash","Metallicize+1","Clothesline","Disarm+1","Inflame+1","Shockwave","Feed+1","Whirlwind","Flame Barrier+1","Clash+1"],"special_seed":0,"relics":["Burning Blood","Old Coin","Meat on the Bone","Letter Opener","Matryoshka","Black Star","Juzu Bracelet","Red Mask"],"potions_floor_usage":[16,21,23,23],"damage_taken":[{"damage":2.0,"enemies":"2 Louse","floor":1.0,"turns":3.0},{"damage":45.0,"enemies":"3 Sentries","floor":7.0,"turns":12.0},{"damage":0.0,"enemies":"Small Slimes","floor":11.0,"turns":2.0},{"damage":5.0,"enemies":"Jaw Worm","floor":13.0,"turns":4.0},{"damage":10.0,"enemies":"Gremlin Gang","floor":14.0,"turns":4.0},{"damage":20,"enemies":"Slime Boss","floor":16,"turns":11},{"damage":41,"enemies":"2 Thieves","floor":18,"turns":5},{"damage":12,"enemies":"Shell Parasite","floor":19,"turns":11},{"damage":49,"enemies":"Masked Bandits","floor":21,"turns":9},{"damage":28,"enemies":"Gremlin Leader","floor":23,"turns":3}],"seed_played":"-7080324690822275212","potions_obtained":[{"floor":1.0,"key":"EssenceOfSteel"},{"floor":11.0,"key":"Swift Potion"},{"floor":14.0,"key":"Strength Potion"},{"floor":18,"key":"SkillPotion"},{"floor":21,"key":"Weak Potion"}],"is_trial":false,"path_per_floor":["M","?","$","?","$","R","E","R","T","R","M","?","M","M","R","B",null,"M","M","$","?","?","E"],"character_chosen":"IRONCLAD","items_purchased":["Metallicize","Meat on the Bone","Juzu Bracelet"],"campfire_rested":0,"item_purchase_floors":[3,5,20],"current_hp_per_floor":[68,68,68,68,68,68,41,41,41,41,47,27,40,48,48,46,63,43,52,52,24,24,0],"gold":181,"neow_bonus":"ONE_RARE_RELIC","is_prod":false,"is_daily":false,"chose_seed":false,"campfire_upgraded":4,"win_rate":0,"timestamp":1547728204,"path_taken":["M","?","$","?","$","R","E","R","T","R","M","?","M","M","R","BOSS","M","M","$","?","?","E"],"build_version":"2019-01-16","purchased_purges":0,"victory":false,"max_hp_per_floor":[68,68,68,68,68,68,68,68,68,68,68,68,68,68,68,68,68,71,74,74,77,77,77],"card_choices":[{"not_picked":["Combust","Sword Boomerang"],"picked":"Clothesline","floor":1.0},{"not_picked":["Cleave","Pommel Strike"],"picked":"Clothesline","floor":7.0},{"not_picked":["Armaments","Warcry"],"picked":"Disarm","floor":11.0},{"not_picked":["Armaments","Heavy Blade"],"picked":"Inflame","floor":13.0},{"not_picked":["Pommel Strike","Thunderclap"],"picked":"Shockwave","floor":14.0},{"not_picked":["Reaper","Fiend Fire"],"picked":"Feed","floor":16},{"not_picked":["Havoc","Heavy Blade"],"picked":"Whirlwind","floor":18},{"not_picked":["Wild Strike","Cleave"],"picked":"Flame Barrier+1","floor":19},{"not_picked":["Flex","Anger"],"picked":"Clash+1","floor":21}],"player_experience":842895,"relics_obtained":[{"floor":7.0,"key":"Letter Opener"},{"floor":9.0,"key":"Matryoshka"},{"floor":21,"key":"Red Mask"}],"event_choices":[{"damage_healed":0.0,"max_hp_gain":0.0,"max_hp_loss":0.0,"gold_gain":0.0,"cards_transformed":["Strike_R"],"event_name":"Living Wall","player_choice":"Change","floor":2.0,"gold_loss":0.0,"damage_taken":0.0,"cards_obtained":["Clash"]},{"damage_healed":0.0,"max_hp_gain":0.0,"max_hp_loss":0.0,"gold_gain":59.0,"event_name":"Golden Wing","player_choice":"Gained Gold","floor":4.0,"gold_loss":0.0,"damage_taken":0.0},{"damage_healed":0.0,"max_hp_gain":0.0,"max_hp_loss":0.0,"gold_gain":0.0,"event_name":"Shining Light","player_choice":"Entered Light","floor":12.0,"gold_loss":0.0,"damage_taken":20.0,"cards_upgraded":["Disarm","Defend_R"]},{"damage_healed":0,"gold_gain":0,"player_choice":"Fought Bandits","damage_taken":0,"max_hp_gain":0,"max_hp_loss":0,"event_name":"Masked Bandits","floor":21,"gold_loss":0},{"damage_healed":0,"gold_gain":0,"player_choice":"Forge","damage_taken":0,"max_hp_gain":0,"max_hp_loss":0,"event_name":"Accursed Blacksmith","floor":22,"gold_loss":0,"cards_upgraded":["Feed"]}],"is_beta":true,"boss_relics":[{"not_picked":["Black Blood","Runic Cube"],"picked":"Black Star"}],"items_purged_floors":[],"is_endless":false,"potions_floor_spawned":[1,11,14,18,21],"killed_by":"Gremlin Leader","ascension_level":15}