{"gold_per_floor":[209,222,239,259,270,270,281,281,281,281,131,164,175,188,188,285,285,295,310,310,310,126,153,153,166,191,203,213,213,233,247,247,344,344,364,364,381,381,25,56,56,56],"floor_reached":42,"playtime":3461,"items_purged":["Pain"],"score":551,"play_id":"31628c4a-0ac7-4a32-8404-3c5c93a34eae","local_time":"20181116133714","is_ascension_mode":true,"campfire_choices":[{"data":"True Grit","floor":6,"key":"SMITH"},{"floor":8,"key":"REST"},{"data":"Metallicize","floor":10,"key":"SMITH"},{"data":"Body Slam","floor":15,"key":"SMITH"},{"data":"Armaments","floor":24,"key":"SMITH"},{"floor":29,"key":"REST"},{"data":"Inflame","floor":32,"key":"SMITH"},{"data":"Flame Barrier","floor":41,"key":"SMITH"}],"neow_cost":"NONE","seed_source_timestamp":139866002072013,"circlet_count":0,"master_deck":["Strike_R","Strike_R","Strike_R","Defend_R","Defend_R","Defend_R","Defend_R","Bash","Inflame+1","Clothesline","True Grit+1","Metallicize+1","Body Slam+1","Battle Trance","Iron Wave","Impervious","Inflame","Armaments+1","Seeing Red","Heavy Blade+1","Fire Breathing+1","Impervious","Impervious","Shrug It Off+1","Flame Barrier+1","Ghostly Armor+1"],"relics":["Burning Blood","Gremlin Horn","Bag of Preparation","StoneCalendar","Mark of Pain","MutagenicStrength","Nilry\u0027s Codex","Juzu Bracelet","Anchor","Regal Pillow","Empty Cage","WarpedTongs","Bronze Scales","Blue Candle"],"potions_floor_usage":[5,23,25,25,27,33,42],"damage_taken":[{"damage":5,"enemies":"Cultist","floor":1,"turns":5},{"damage":10,"enemies":"2 Louse","floor":2,"turns":3},{"damage":4,"enemies":"Small Slimes","floor":3,"turns":4},{"damage":18,"enemies":"Blue Slaver","floor":4,"turns":4},{"damage":29,"enemies":"Exordium Thugs","floor":5,"turns":6},{"damage":22,"enemies":"Red Slaver","floor":7,"turns":6},{"damage":22,"enemies":"Gremlin Nob","floor":12,"turns":5},{"damage":0,"enemies":"Blue Slaver","floor":13,"turns":7},{"damage":4,"enemies":"2 Fungi Beasts","floor":14,"turns":4},{"damage":28,"enemies":"Hexaghost","floor":16,"turns":14},{"damage":0,"enemies":"3 Byrds","floor":18,"turns":6},{"damage":0,"enemies":"Chosen","floor":19,"turns":4},{"damage":49,"enemies":"Slavers","floor":23,"turns":7},{"damage":6,"enemies":"Shelled Parasite and Fungi","floor":25,"turns":7},{"damage":23,"enemies":"Cultist and Chosen","floor":27,"turns":6},{"damage":3,"enemies":"3 Cultists","floor":28,"turns":5},{"damage":8,"enemies":"Shelled Parasite and Fungi","floor":30,"turns":5},{"damage":3,"enemies":"Snake Plant","floor":31,"turns":2},{"damage":24,"enemies":"Champ","floor":33,"turns":8},{"damage":20,"enemies":"3 Darklings","floor":35,"turns":7},{"damage":0,"enemies":"Orb Walker","floor":37,"turns":5},{"damage":21,"enemies":"Reptomancer","floor":40,"turns":8},{"damage":66,"enemies":"Giant Head","floor":42,"turns":7}],"seed_played":"-3144521029311218135","potions_obtained":[{"floor":2,"key":"Fire Potion"},{"floor":3,"key":"BloodPotion"},{"floor":7,"key":"Swift Potion"},{"floor":18,"key":"SteroidPotion"},{"floor":23,"key":"Dexterity Potion"},{"floor":31,"key":"AttackPotion"},{"floor":33,"key":"LiquidBronze"},{"floor":40,"key":"Dexterity Potion"}],"is_trial":false,"path_per_floor":["M","M","M","M","M","R","M","R","T","R","$","E","M","M","R","B",null,"M","M","?","?","$","E","R","M","T","M","M","R","M","M","R","B",null,"M","?","M","?","$","E","R","E"],"character_chosen":"IRONCLAD","items_purchased":["Bag of Preparation","Inflame","Juzu Bracelet","Bronze Scales","Flame Barrier","PowerPotion"],"campfire_rested":2,"item_purchase_floors":[11,22,22,39,39,39],"current_hp_per_floor":[80,76,78,66,43,43,27,51,51,51,51,35,41,43,43,21,80,80,80,80,64,64,29,29,29,29,12,15,54,52,55,55,37,80,66,66,72,72,72,57,57,0],"gold":56,"neow_bonus":"HUNDRED_GOLD","is_prod":false,"is_daily":false,"chose_seed":false,"campfire_upgraded":6,"win_rate":0,"timestamp":1542393434,"path_taken":["M","M","M","M","M","R","M","R","T","R","$","E","M","M","R","BOSS","M","?","?","?","?","E","R","M","T","M","M","R","M","M","R","BOSS","M","?","M","?","?","E","R","E"],"build_version":"2018-11-15","purchased_purges":1,"victory":false,"max_hp_per_floor":[80,80,80,80,80,80,80,80,80,80,80,80,80,80,80,80,80,80,80,80,80,80,80,80,80,80,80,80,80,80,80,80,80,80,80,80,80,80,80,80,80,80],"card_choices":[{"not_picked":["Thunderclap","Power Through"],"picked":"Inflame","floor":1},{"not_picked":["Armaments","Perfected Strike"],"picked":"Clothesline","floor":2},{"not_picked":["Dual Wield","Corruption"],"picked":"True Grit","floor":3},{"not_picked":["Warcry","Iron Wave"],"picked":"Metallicize","floor":4},{"not_picked":["Rupture","Dropkick","Brutality"],"picked":"SKIP","floor":5},{"not_picked":["Clothesline","Perfected Strike"],"picked":"Body Slam","floor":7},{"not_picked":["Clothesline","Anger"],"picked":"Battle Trance","floor":12},{"not_picked":["Headbutt","Body Slam","Clash"],"picked":"SKIP","floor":13},{"not_picked":["Thunderclap","Reaper"],"picked":"Iron Wave","floor":14},{"not_picked":["Immolate","Dark Embrace"],"picked":"Impervious","floor":16},{"not_picked":["Havoc","Blood for Blood","Rage"],"picked":"SKIP","floor":18},{"not_picked":["Sword Boomerang","True Grit","Bloodletting"],"picked":"SKIP","floor":19},{"not_picked":["Uppercut","Dropkick+1"],"picked":"Armaments","floor":23},{"not_picked":["Sever Soul","Havoc"],"picked":"Seeing Red","floor":25},{"not_picked":["Second Wind","Dual Wield","Iron Wave"],"picked":"SKIP","floor":27},{"not_picked":["Clash","Pummel"],"picked":"Heavy Blade+1","floor":28},{"not_picked":["Reaper","Searing Blow"],"picked":"Fire Breathing+1","floor":30},{"not_picked":["Clash","Fire Breathing","Perfected Strike+1"],"picked":"SKIP","floor":31},{"not_picked":["Immolate","Reaper"],"picked":"Impervious","floor":33},{"not_picked":["Warcry","Rampage+1","Second Wind+1"],"picked":"SKIP","floor":35},{"not_picked":["Searing Blow","Infernal Blade"],"picked":"Shrug It Off+1","floor":37},{"not_picked":["Sword Boomerang+1","Havoc"],"picked":"Ghostly Armor+1","floor":40}],"player_experience":467762,"relics_obtained":[{"floor":9,"key":"Gremlin Horn"},{"floor":12,"key":"StoneCalendar"},{"floor":21,"key":"Nilry\u0027s Codex"},{"floor":23,"key":"Anchor"},{"floor":26,"key":"Regal Pillow"},{"floor":40,"key":"Blue Candle"}],"event_choices":[{"damage_healed":0,"gold_gain":0,"player_choice":"Inject Mutagens","damage_taken":0,"relics_obtained":["MutagenicStrength"],"max_hp_gain":0,"max_hp_loss":0,"event_name":"Drug Dealer","floor":20,"gold_loss":0},{"damage_healed":0,"gold_gain":0,"player_choice":"Obtained Book","damage_taken":16,"max_hp_gain":0,"max_hp_loss":0,"event_name":"Cursed Tome","floor":21,"gold_loss":0},{"damage_healed":0,"gold_gain":0,"player_choice":"Copied","damage_taken":0,"max_hp_gain":0,"max_hp_loss":0,"event_name":"Duplicator","floor":36,"gold_loss":0,"cards_obtained":["Impervious"]},{"damage_healed":0,"gold_gain":0,"player_choice":"Rummage","damage_taken":0,"relics_obtained":["WarpedTongs"],"max_hp_gain":0,"max_hp_loss":0,"event_name":"Accursed Blacksmith","floor":38,"gold_loss":0,"cards_obtained":["Pain"]}],"is_beta":true,"boss_relics":[{"not_picked":["Sozu","Ectoplasm"],"picked":"Mark of Pain"},{"not_picked":["Calling Bell","Pandora\u0027s Box"],"picked":"Empty Cage"}],"items_purged_floors":[39],"is_endless":false,"potions_floor_spawned":[2,3,7,18,23,31,33,40],"killed_by":"Giant Head","ascension_level":3}