{"gold_per_floor":[119,139,157,157,175,175,205,284,284,284,9,9,22,33,33,132,132,148,159,159,176,140,172,172,185,210,226,226,226,226,239,239,335,335,352,352,365,385,385,385,165,165,165,165,179,189,200,214,214,214],"floor_reached":50,"playtime":3342,"items_purged":[],"score":516,"play_id":"61bf314e-0c5c-4f19-b308-78261b868825","local_time":"20190630175736","is_ascension_mode":true,"campfire_choices":[{"data":"Dagger Spray","floor":6.0,"key":"SMITH"},{"data":"Phantasmal Killer","floor":10.0,"key":"SMITH"},{"data":"Quick Slash","floor":12.0,"key":"SMITH"},{"data":"Setup","floor":15.0,"key":"SMITH"},{"floor":24.0,"key":"REST"},{"floor":28.0,"key":"REST"},{"data":"Eviscerate","floor":30.0,"key":"SMITH"},{"floor":32.0,"key":"REST"},{"floor":40,"key":"REST"},{"floor":42,"key":"REST"},{"data":"Corpse Explosion","floor":44,"key":"SMITH"},{"floor":49,"key":"REST"}],"neow_cost":"NONE","seed_source_timestamp":0,"circlet_count":0,"master_deck":["Defend_G","Defend_G","Defend_G","Defend_G","Strike_G","Strike_G","Strike_G","Strike_G","Strike_G+1","Survivor","Neutralize+1","Backflip","Dagger Spray+1","Quick Slash+1","Dagger Throw+1","Phantasmal Killer+1","Finesse","Underhanded Strike","Setup+1","Die Die Die","Caltrops+1","Dodge and Roll","Eviscerate+1","Terror","Well Laid Plans+1","Leg Sweep+1","Dodge and Roll","Crippling Poison+1","Deflect","Terror+1","Corpse Explosion+1","Flying Knee+1","Deflect+1","Deflect","Good Instincts","Doppelganger","Backstab","Caltrops+1","Calculated Gamble","Parasite"],"special_seed":0,"relics":["Ring of the Snake","Gambling Chip","Frozen Egg 2","WingedGreaves","Happy Flower","Sozu","Whetstone","Dream Catcher","Nilry\u0027s Codex","Velvet Choker","Anchor","Orichalcum"],"potions_floor_usage":[],"damage_taken":[{"damage":0.0,"enemies":"2 Louse","floor":1.0,"turns":3.0},{"damage":0.0,"enemies":"Jaw Worm","floor":2.0,"turns":8.0},{"damage":0.0,"enemies":"Cultist","floor":3.0,"turns":4.0},{"damage":2.0,"enemies":"Red Slaver","floor":5.0,"turns":3.0},{"damage":18.0,"enemies":"Lagavulin","floor":7.0,"turns":6.0},{"damage":0.0,"enemies":"2 Fungi Beasts","floor":13.0,"turns":2.0},{"damage":0.0,"enemies":"Blue Slaver","floor":14.0,"turns":2.0},{"damage":32.0,"enemies":"Hexaghost","floor":16.0,"turns":9.0},{"damage":1.0,"enemies":"Shell Parasite","floor":18.0,"turns":5.0},{"damage":0.0,"enemies":"Chosen","floor":19.0,"turns":4.0},{"damage":4.0,"enemies":"Snecko","floor":21.0,"turns":3.0},{"damage":36.0,"enemies":"Gremlin Leader","floor":23.0,"turns":4.0},{"damage":13.0,"enemies":"Snake Plant","floor":25.0,"turns":3.0},{"damage":0.0,"enemies":"Centurion and Healer","floor":27.0,"turns":7.0},{"damage":0.0,"enemies":"3 Cultists","floor":31.0,"turns":4.0},{"damage":17.0,"enemies":"Champ","floor":33.0,"turns":11.0},{"damage":4,"enemies":"Orb Walker","floor":35,"turns":3},{"damage":12,"enemies":"3 Shapes","floor":37,"turns":3},{"damage":44,"enemies":"Spire Growth","floor":38,"turns":5},{"damage":6,"enemies":"Jaw Worm Horde","floor":45,"turns":4},{"damage":23,"enemies":"Sphere and 2 Shapes","floor":46,"turns":5},{"damage":13,"enemies":"Spire Growth","floor":47,"turns":4},{"damage":0,"enemies":"Writhing Mass","floor":48,"turns":7},{"damage":35,"enemies":"Time Eater","floor":50,"turns":3}],"seed_played":"4008187521415780311","potions_obtained":[{"floor":2.0,"key":"SkillPotion"},{"floor":3.0,"key":"EssenceOfSteel"},{"floor":14.0,"key":"GhostInAJar"}],"is_trial":false,"path_per_floor":["M","M","M","?","M","R","E","T","T","R","$","R","M","M","R","B",null,"M","M","?","M","$","E","R","M","T","M","R","?","R","M","R","B",null,"M","?","M","M","?","R","$","R","T","R","M","M","M","M","R","B"],"character_chosen":"THE_SILENT","items_purchased":["Happy Flower","Finesse","Underhanded Strike","Terror","Anchor","Caltrops+1"],"campfire_rested":6,"item_purchase_floors":[11,11,11,22,41,41],"current_hp_per_floor":[70,70,70,70,68,68,50,50,50,50,50,50,50,50,50,18,70,69,69,70,66,66,30,51,38,38,38,59,43,43,43,64,47,70,66,66,54,10,10,31,31,52,52,52,46,23,10,10,31,0],"gold":214,"neow_bonus":"UPGRADE_CARD","is_prod":false,"is_daily":false,"chose_seed":false,"campfire_upgraded":6,"win_rate":0,"timestamp":1561931856,"path_taken":["M","M","M","?","M","R","E","?","T","R","$","R","?","M","R","BOSS","M","M","?","?","$","E","R","M","T","M","R","?","R","M","R","BOSS","M","?","M","M","?","R","$","R","T","R","M","M","?","M","R","BOSS"],"build_version":"2019-01-23","purchased_purges":0,"victory":false,"max_hp_per_floor":[70,70,70,70,70,70,70,70,70,70,70,70,70,70,70,70,70,70,70,70,70,70,70,70,70,70,70,70,70,70,70,70,70,70,70,70,70,70,70,70,70,70,70,70,70,70,70,70,70,70],"card_choices":[{"not_picked":["Setup","Expertise"],"picked":"Backflip","floor":1.0},{"not_picked":["Outmaneuver","Sucker Punch"],"picked":"Dagger Spray","floor":2.0},{"not_picked":["Underhanded Strike","Cloak And Dagger"],"picked":"Quick Slash","floor":3.0},{"not_picked":["Bane","Backflip"],"picked":"Dagger Throw","floor":5.0},{"not_picked":["Concentrate","Deadly Poison"],"picked":"Phantasmal Killer","floor":7.0},{"not_picked":["Poisoned Stab","PiercingWail"],"picked":"Setup","floor":13.0},{"not_picked":["Flechettes","Blade Dance"],"picked":"Escape Plan","floor":14.0},{"not_picked":["Adrenaline","Phantasmal Killer"],"picked":"Die Die Die","floor":16.0},{"not_picked":["Dodge and Roll+1","Backflip"],"picked":"Caltrops+1","floor":18.0},{"not_picked":["Outmaneuver+1","Wraith Form v2+1"],"picked":"Dodge and Roll","floor":19.0},{"not_picked":["Deflect","Poisoned Stab"],"picked":"Eviscerate","floor":21.0},{"not_picked":["Dodge and Roll","Sucker Punch"],"picked":"Well Laid Plans+1","floor":23.0},{"not_picked":["Bouncing Flask","Deadly Poison"],"picked":"Leg Sweep+1","floor":25.0},{"not_picked":["Flechettes","Cloak And Dagger+1"],"picked":"Dodge and Roll","floor":27.0},{"not_picked":["Backflip","Underhanded Strike"],"picked":"Crippling Poison+1","floor":28.0},{"not_picked":["Dagger Spray+1","Quick Slash"],"picked":"Deflect","floor":31.0},{"not_picked":["Poisoned Stab","Bane"],"picked":"Terror+1","floor":32.0},{"not_picked":["Wraith Form v2+1","Venomology"],"picked":"Corpse Explosion","floor":33.0},{"not_picked":["Eviscerate","Prepared+1"],"picked":"Flying Knee+1","floor":35},{"not_picked":["Sucker Punch","Underhanded Strike","PiercingWail"],"picked":"SKIP","floor":37},{"not_picked":["Dodge and Roll","Dagger Spray"],"picked":"Deflect+1","floor":38},{"not_picked":["Dodge and Roll","Blade Dance+1"],"picked":"Backstab","floor":40},{"not_picked":["Poisoned Stab","Skewer+1"],"picked":"Calculated Gamble","floor":42},{"not_picked":["Dagger Spray","Night Terror","Accuracy+1"],"picked":"SKIP","floor":45},{"not_picked":["Blade Dance","Sucker Punch+1","Prepared+1"],"picked":"SKIP","floor":46},{"not_picked":["Dagger Spray+1","Catalyst+1","Slice"],"picked":"SKIP","floor":47},{"not_picked":["Setup","Endless Agony+1","Deflect+1"],"picked":"SKIP","floor":48}],"player_experience":533068,"relics_obtained":[{"floor":7.0,"key":"Gambling Chip"},{"floor":8.0,"key":"Frozen Egg 2"},{"floor":9.0,"key":"WingedGreaves"},{"floor":23.0,"key":"Whetstone"},{"floor":26.0,"key":"Dream Catcher"},{"floor":29.0,"key":"Nilry\u0027s Codex"},{"floor":43,"key":"Orichalcum"}],"event_choices":[{"damage_healed":0.0,"max_hp_gain":0.0,"max_hp_loss":0.0,"gold_gain":0.0,"event_name":"Golden Idol","player_choice":"Ignored","floor":4.0,"gold_loss":0.0,"damage_taken":0.0},{"cards_removed":["Escape Plan"],"damage_healed":1.0,"max_hp_gain":0.0,"max_hp_loss":0.0,"gold_gain":0.0,"event_name":"Bonfire Elementals","player_choice":"Offered Uncommon","floor":20.0,"gold_loss":0.0,"damage_taken":0.0},{"damage_healed":0.0,"max_hp_gain":0.0,"max_hp_loss":0.0,"gold_gain":0.0,"event_name":"Cursed Tome","player_choice":"Obtained Book","floor":29.0,"gold_loss":0.0,"damage_taken":16.0},{"cards_removed":["Defend_G"],"damage_healed":0,"gold_gain":0,"player_choice":"Removed Skill","damage_taken":0,"max_hp_gain":0,"max_hp_loss":0,"event_name":"Falling","floor":36,"gold_loss":0},{"damage_healed":0,"gold_gain":0,"player_choice":"3 cards matched","damage_taken":0,"max_hp_gain":0,"max_hp_loss":0,"event_name":"Match and Keep!","floor":39,"gold_loss":0,"cards_obtained":["Deflect","Good Instincts","Doppelganger"]}],"is_beta":false,"boss_relics":[{"not_picked":["Snecko Eye","Coffee Dripper"],"picked":"Sozu"},{"not_picked":["Orrery","Pandora\u0027s Box"],"picked":"Velvet Choker"}],"items_purged_floors":[],"is_endless":false,"potions_floor_spawned":[2,3,14,19,25,27,31,38,46,47],"killed_by":"Time Eater","ascension_level":1}