{"gold_per_floor":[114,128,128,138,138,138,157,181,233,233,277,84,100,133,133,263,263,276,276,292,44,44,58,58,83,83,83,108,158,158,172,172,293,293,311,64,64,397,397],"floor_reached":39,"playtime":3012,"items_purged":[],"score":416,"play_id":"2ac5e5d5-b05c-4d86-b86b-ee1373d404fd","local_time":"20190622164818","is_ascension_mode":false,"campfire_choices":[{"data":"Flex","floor":6.0,"key":"SMITH"},{"data":"Demon Form","floor":10.0,"key":"SMITH"},{"data":"Heavy Blade","floor":15.0,"key":"SMITH"},{"data":"Cleave","floor":24,"key":"SMITH"},{"data":"Defend_R","floor":27,"key":"SMITH"},{"floor":30,"key":"REST"},{"floor":32,"key":"REST"}],"neow_cost":"NONE","seed_source_timestamp":0,"circlet_count":0,"master_deck":["Strike_R","Strike_R","Strike_R","Strike_R","Defend_R+1","Defend_R","Defend_R","Defend_R","Bash","Flex+1","Warcry","Rupture","Injury","Demon Form+1","Warcry","Ghostly Armor+1","Apotheosis+1","Heavy Blade+1","Clash","Limit Break+1","True Grit+1","Warcry+1","Twin Strike","Writhe","Cleave+1","Sentinel+1","Impervious+1","Fire Breathing+1","Exhume+1","Double Tap+1","Clash","Swift Strike","Bandage Up+1"],"special_seed":0,"relics":["Burning Blood","NeowsBlessing","Potion Belt","Toxic Egg 2","Dream Catcher","White Beast Statue","Nilry\u0027s Codex","ClockworkSouvenir","Smiling Mask","Frozen Egg 2","Sozu","Happy Flower"],"potions_floor_usage":[23,23,31,39],"damage_taken":[{"damage":0.0,"enemies":"Small Slimes","floor":1.0,"turns":1.0},{"damage":0.0,"enemies":"2 Louse","floor":2.0,"turns":1.0},{"damage":0.0,"enemies":"Cultist","floor":4.0,"turns":1.0},{"damage":3.0,"enemies":"2 Fungi Beasts","floor":7.0,"turns":4.0},{"damage":12.0,"enemies":"Large Slime","floor":8.0,"turns":7.0},{"damage":35.0,"enemies":"Lagavulin","floor":11.0,"turns":8.0},{"damage":0.0,"enemies":"3 Louse","floor":13.0,"turns":4.0},{"damage":12.0,"enemies":"3 Sentries","floor":14.0,"turns":6.0},{"damage":3.0,"enemies":"Slime Boss","floor":16.0,"turns":7.0},{"damage":10.0,"enemies":"Chosen","floor":18.0,"turns":4.0},{"damage":9.0,"enemies":"Shell Parasite","floor":20.0,"turns":4.0},{"damage":16,"enemies":"Snake Plant","floor":23,"turns":2},{"damage":20,"enemies":"Centurion and Healer","floor":25,"turns":5},{"damage":15,"enemies":"Snecko","floor":28,"turns":6},{"damage":42,"enemies":"Cultist and Chosen","floor":31,"turns":7},{"damage":11,"enemies":"Champ","floor":33,"turns":9},{"damage":28,"enemies":"3 Shapes","floor":35,"turns":8},{"damage":17,"enemies":"2 Orb Walkers","floor":39,"turns":3}],"seed_played":"7659708173033362391","potions_obtained":[{"floor":2.0,"key":"AttackPotion"},{"floor":4.0,"key":"Explosive Potion"},{"floor":13.0,"key":"GamblersBrew"},{"floor":16.0,"key":"Dexterity Potion"},{"floor":18.0,"key":"AttackPotion"},{"floor":20.0,"key":"SteroidPotion"},{"floor":23,"key":"SneckoOil"},{"floor":25,"key":"AttackPotion"},{"floor":28,"key":"Poison Potion"},{"floor":31,"key":"Block Potion"},{"floor":33,"key":"Weak Potion"}],"is_trial":false,"path_per_floor":["M","M","?","M","?","R","M","M","T","R","E","$","M","E","R","B",null,"M","?","M","$","?","M","R","M","T","R","M","?","R","M","R","B",null,"M","$","?","?","?"],"character_chosen":"IRONCLAD","items_purchased":["Apotheosis+1","ClockworkSouvenir","Twin Strike","Swift Strike","Happy Flower"],"campfire_rested":2,"item_purchase_floors":[12,21,21,36,36],"current_hp_per_floor":[80,80,73,79,79,79,80,74,74,74,45,45,51,45,45,48,80,76,60,57,57,57,47,47,33,33,33,24,24,48,12,36,31,80,58,58,58,58,41],"gold":397,"neow_bonus":"THREE_ENEMY_KILL","is_prod":false,"is_daily":false,"chose_seed":false,"campfire_upgraded":5,"win_rate":0,"timestamp":1561236498,"path_taken":["M","M","?","M","?","R","M","M","T","R","E","$","M","E","R","BOSS","M","?","M","$","?","M","R","M","T","R","M","?","R","M","R","BOSS","M","?","?","?","?"],"build_version":"2019-01-23","purchased_purges":0,"victory":false,"max_hp_per_floor":[80,80,80,80,80,80,80,80,80,80,80,80,80,80,80,80,80,80,80,80,80,80,80,80,80,80,80,80,80,80,80,80,80,80,80,80,80,80,80],"card_choices":[{"not_picked":["Carnage","Havoc"],"picked":"Flex","floor":1.0},{"not_picked":["Perfected Strike","Spot Weakness"],"picked":"Warcry","floor":2.0},{"not_picked":["Thunderclap","Sword Boomerang"],"picked":"Rupture","floor":4.0},{"not_picked":["Body Slam","Clothesline"],"picked":"Demon Form","floor":7.0},{"not_picked":["Flex","Sword Boomerang"],"picked":"Warcry","floor":8.0},{"not_picked":["Searing Blow","Spot Weakness"],"picked":"Ghostly Armor","floor":11.0},{"not_picked":["Burning Pact+1","Pommel Strike"],"picked":"Heavy Blade","floor":13.0},{"not_picked":["Burning Pact+1","Searing Blow"],"picked":"Clash","floor":14.0},{"not_picked":["Offering+1","Berserk"],"picked":"Limit Break+1","floor":16.0},{"not_picked":["Anger","Flex+1"],"picked":"True Grit+1","floor":18.0},{"not_picked":["Ghostly Armor+1","Combust"],"picked":"Warcry+1","floor":20.0},{"not_picked":["Warcry+1","Flex+1"],"picked":"Cleave","floor":23},{"not_picked":["Cleave","Pommel Strike"],"picked":"Sentinel+1","floor":25},{"not_picked":["Anger","Clothesline","Cleave+1"],"picked":"SKIP","floor":28},{"not_picked":["Dual Wield+1","Evolve+1"],"picked":"Impervious+1","floor":30},{"not_picked":["Entrench+1","True Grit+1"],"picked":"Fire Breathing+1","floor":31},{"not_picked":["Warcry+1","Twin Strike"],"picked":"Exhume+1","floor":32},{"not_picked":["Reaper","Dark Embrace+1"],"picked":"Double Tap+1","floor":33},{"not_picked":["Body Slam","Armaments+1"],"picked":"Clash","floor":35},{"not_picked":["The Bomb+1","Trip+1"],"picked":"Bandage Up+1","floor":37}],"player_experience":434233,"relics_obtained":[{"floor":9.0,"key":"Potion Belt"},{"floor":11.0,"key":"Toxic Egg 2"},{"floor":14.0,"key":"Dream Catcher"},{"floor":19.0,"key":"Nilry\u0027s Codex"},{"floor":26,"key":"Frozen Egg 2"}],"event_choices":[{"cards_removed":["Strike_R"],"damage_healed":0.0,"max_hp_gain":0.0,"max_hp_loss":0.0,"gold_gain":0.0,"event_name":"Golden Wing","player_choice":"Card Removal","floor":3.0,"gold_loss":0.0,"damage_taken":7.0},{"damage_healed":0.0,"max_hp_gain":0.0,"max_hp_loss":0.0,"gold_gain":0.0,"event_name":"Golden Idol","player_choice":"Take Wound","floor":5.0,"gold_loss":0.0,"damage_taken":0.0,"relics_obtained":["Golden Idol"],"cards_obtained":["Injury"]},{"damage_healed":0.0,"max_hp_gain":0.0,"max_hp_loss":0.0,"gold_gain":0.0,"event_name":"Cursed Tome","player_choice":"Obtained Book","floor":19.0,"gold_loss":0.0,"damage_taken":16.0},{"damage_healed":0.0,"max_hp_gain":0.0,"max_hp_loss":0.0,"gold_gain":0.0,"event_name":"The Mausoleum","player_choice":"Opened","floor":22.0,"gold_loss":0.0,"damage_taken":0.0,"relics_obtained":["Smiling Mask"],"cards_obtained":["Writhe"]},{"damage_healed":0,"gold_gain":100,"player_choice":"Bet on Murderer","damage_taken":0,"max_hp_gain":0,"max_hp_loss":0,"event_name":"The Joust","floor":29,"gold_loss":50},{"damage_healed":0,"gold_gain":0,"player_choice":"Memory 1","damage_taken":0,"max_hp_gain":0,"max_hp_loss":0,"event_name":"SensoryStone","floor":37,"gold_loss":0},{"damage_healed":0,"gold_gain":333,"player_choice":"Gave Idol","damage_taken":0,"max_hp_gain":0,"max_hp_loss":0,"event_name":"The Moai Head","floor":38,"relics_lost":["Golden Idol"],"gold_loss":0},{"damage_healed":0,"gold_gain":0,"player_choice":"Fight","damage_taken":0,"max_hp_gain":0,"max_hp_loss":0,"event_name":"Mysterious Sphere","floor":39,"gold_loss":0}],"is_beta":false,"boss_relics":[{"not_picked":["Runic Cube","Fusion Hammer"],"picked":"White Beast Statue"},{"not_picked":["Tiny House","Black Star"],"picked":"Sozu"}],"items_purged_floors":[],"is_endless":false,"potions_floor_spawned":[2,4,13,16,18,20,23,25,28,31,33,35],"killed_by":"2 Orb Walkers","ascension_level":0}