{"gold_per_floor":[109,127,138,153,153,188,188,203,203,219,234,234,43,59,59,59],"floor_reached":16,"playtime":1354,"items_purged":[],"score":127,"play_id":"169e9ebd-824b-42be-b486-29947daea0a7","local_time":"20190720163614","is_ascension_mode":true,"campfire_choices":[{"data":"Armaments","floor":7,"key":"SMITH"},{"data":"Body Slam","floor":15,"key":"SMITH"}],"neow_cost":"TEN_PERCENT_HP_LOSS","seed_source_timestamp":744727964567400,"circlet_count":0,"master_deck":["Strike_R","Strike_R","Strike_R","Strike_R","Strike_R","Defend_R","Defend_R","Defend_R","Defend_R","Bash","Cleave","Corruption","Iron Wave","Whirlwind","Reckless Charge","Clothesline","Headbutt","Metallicize","Armaments+1","Rampage","Flame Barrier","Wild Strike","Body Slam+1","Flame Barrier"],"relics":["Burning Blood","Prayer Wheel","CultistMask","Centennial Puzzle","Question Card","Medical Kit"],"potions_floor_usage":[16],"damage_taken":[{"damage":8,"enemies":"2 Louse","floor":1,"turns":4},{"damage":6,"enemies":"Cultist","floor":2,"turns":4},{"damage":5,"enemies":"Small Slimes","floor":3,"turns":3},{"damage":6,"enemies":"Exordium Wildlife","floor":4,"turns":4},{"damage":39,"enemies":"3 Sentries","floor":6,"turns":8},{"damage":11,"enemies":"Lots of Slimes","floor":8,"turns":4},{"damage":10,"enemies":"Large Slime","floor":10,"turns":8},{"damage":9,"enemies":"Red Slaver","floor":11,"turns":5},{"damage":7,"enemies":"Exordium Thugs","floor":14,"turns":6},{"damage":24,"enemies":"The Guardian","floor":16,"turns":10}],"seed_played":"-1887723064711457120","potions_obtained":[{"floor":1,"key":"SpeedPotion"},{"floor":6,"key":"PowerPotion"},{"floor":8,"key":"SteroidPotion"}],"is_trial":false,"path_per_floor":["M","M","M","M","?","E","R","M","T","M","M","?","$","M","R","B"],"character_chosen":"IRONCLAD","items_purchased":["Medical Kit"],"campfire_rested":0,"item_purchase_floors":[13],"current_hp_per_floor":[70,70,71,71,71,38,38,33,33,29,26,26,26,25,25,1],"gold":59,"neow_bonus":"ONE_RARE_RELIC","is_prod":false,"is_daily":false,"chose_seed":false,"campfire_upgraded":2,"win_rate":0,"timestamp":1563654974,"path_taken":["M","M","M","M","?","E","R","M","T","M","?","?","?","M","R","BOSS"],"build_version":"2019-07-17","purchased_purges":0,"victory":false,"max_hp_per_floor":[72,72,72,72,72,72,72,72,72,72,72,72,72,72,72,72],"card_choices":[{"not_picked":["Carnage","Sword Boomerang"],"picked":"Cleave","floor":1},{"not_picked":["Shockwave","Searing Blow"],"picked":"Corruption","floor":1},{"not_picked":["Rupture","Havoc"],"picked":"Iron Wave","floor":2},{"not_picked":["Burning Pact","Sword Boomerang"],"picked":"Whirlwind","floor":2},{"not_picked":["True Grit","Hemokinesis"],"picked":"Reckless Charge","floor":3},{"not_picked":["Perfected Strike","Flex"],"picked":"Clothesline","floor":3},{"not_picked":["Pommel Strike","Whirlwind"],"picked":"Headbutt","floor":4},{"not_picked":["Pummel","Battle Trance"],"picked":"Metallicize","floor":4},{"not_picked":["Sentinel","Bloodletting"],"picked":"Armaments","floor":6},{"not_picked":["Offering","Sentinel"],"picked":"Rampage","floor":8},{"not_picked":["Uppercut","Sentinel","Body Slam"],"picked":"SKIP","floor":8},{"not_picked":["Second Wind","Ghostly Armor","Perfected Strike","Flex"],"picked":"SKIP","floor":10},{"not_picked":["Burning Pact","Sword Boomerang","Flex","Armaments"],"picked":"SKIP","floor":10},{"not_picked":["Wild Strike","Bloodletting","Fiend Fire"],"picked":"Flame Barrier","floor":11},{"not_picked":["Iron Wave","Clothesline","Flex"],"picked":"Wild Strike","floor":11},{"not_picked":["Infernal Blade","Thunderclap","Sever Soul"],"picked":"Body Slam","floor":14},{"not_picked":["Blood for Blood","Armaments","Flex"],"picked":"Flame Barrier","floor":14}],"player_experience":783674,"relics_obtained":[{"floor":6,"key":"Centennial Puzzle"},{"floor":9,"key":"Question Card"}],"event_choices":[{"damage_healed":0,"gold_gain":0,"player_choice":"Trade","damage_taken":0,"relics_obtained":["CultistMask"],"max_hp_gain":0,"max_hp_loss":0,"event_name":"FaceTrader","floor":5,"gold_loss":0},{"damage_healed":0,"gold_gain":0,"player_choice":"Ignored","damage_taken":0,"max_hp_gain":0,"max_hp_loss":0,"event_name":"Shining Light","floor":12,"gold_loss":0}],"is_beta":false,"boss_relics":[],"items_purged_floors":[],"is_endless":false,"potions_floor_spawned":[1,6,8],"killed_by":"The Guardian","ascension_level":4}