{"gold_per_floor":[116,133,153,44,61,61,26,60,60,60,91,108,166,166,166,166],"floor_reached":16,"playtime":2378,"items_purged":[],"score":210,"play_id":"22c37d5b-0178-43ba-95ce-861543d8be11","local_time":"20190726190943","is_ascension_mode":true,"campfire_choices":[{"data":"Cleave","floor":6,"key":"SMITH"},{"data":"Body Slam","floor":10,"key":"SMITH"},{"floor":15,"key":"REST"}],"neow_cost":"NONE","seed_source_timestamp":171918612646700,"circlet_count":0,"master_deck":["AscendersBane","Strike_R","Strike_R","Strike_R","Strike_R","Strike_R","Defend_R+1","Defend_R","Defend_R+1","Defend_R","Bash+1","Body Slam+1","Anger","Clothesline","Feel No Pain","Flame Barrier+1","Cleave+1","Warcry","Body Slam","Shrug It Off"],"relics":["Burning Blood","NeowsBlessing","War Paint","Darkstone Periapt","WingedGreaves","Tiny Chest"],"potions_floor_usage":[13,13],"damage_taken":[{"damage":0,"enemies":"Cultist","floor":1,"turns":1},{"damage":0,"enemies":"Small Slimes","floor":2,"turns":1},{"damage":0,"enemies":"Jaw Worm","floor":3,"turns":1},{"damage":18,"enemies":"Exordium Wildlife","floor":5,"turns":5},{"damage":20,"enemies":"Gremlin Nob","floor":8,"turns":4},{"damage":16,"enemies":"3 Sentries","floor":11,"turns":7},{"damage":0,"enemies":"3 Louse","floor":12,"turns":4},{"damage":39,"enemies":"Lagavulin","floor":13,"turns":7},{"damage":43,"enemies":"Hexaghost","floor":16,"turns":11}],"seed_played":"4290821597314860159","potions_obtained":[{"floor":8,"key":"Block Potion"},{"floor":11,"key":"SkillPotion"},{"floor":12,"key":"Regen Potion"}],"is_trial":false,"path_per_floor":["M","M","M","$","M","R","?","E","T","R","E","M","E","?","R","B"],"character_chosen":"IRONCLAD","items_purchased":["Feel No Pain","Flame Barrier"],"campfire_rested":1,"item_purchase_floors":[4,4],"current_hp_per_floor":[74,75,75,75,63,63,75,61,61,61,51,57,39,16,38,0],"gold":166,"neow_bonus":"THREE_ENEMY_KILL","is_prod":false,"is_daily":false,"chose_seed":false,"campfire_upgraded":2,"win_rate":0,"timestamp":1564182583,"path_taken":["M","?","?","?","?","R","?","E","T","R","E","M","E","?","R","BOSS"],"build_version":"2019-07-17","purchased_purges":0,"victory":false,"max_hp_per_floor":[75,75,75,75,75,75,75,75,75,75,75,75,75,75,75,75],"card_choices":[{"not_picked":["Warcry","Twin Strike"],"picked":"Body Slam","floor":1},{"not_picked":["Headbutt","Dropkick"],"picked":"Anger","floor":2},{"not_picked":["Flex","Wild Strike"],"picked":"Clothesline","floor":3},{"not_picked":["Disarm","Double Tap"],"picked":"Cleave","floor":5},{"not_picked":["Blood for Blood","Body Slam","Bloodletting"],"picked":"SKIP","floor":8},{"not_picked":["Perfected Strike","Searing Blow"],"picked":"Warcry","floor":11},{"not_picked":["Combust","Armaments"],"picked":"Body Slam","floor":12},{"not_picked":["Searing Blow","Cleave"],"picked":"Shrug It Off","floor":13}],"player_experience":695298,"relics_obtained":[{"floor":8,"key":"War Paint"},{"floor":9,"key":"Darkstone Periapt"},{"floor":11,"key":"WingedGreaves"},{"floor":13,"key":"Tiny Chest"}],"event_choices":[{"damage_healed":18,"gold_gain":0,"player_choice":"Healed","damage_taken":0,"max_hp_gain":0,"max_hp_loss":0,"event_name":"The Cleric","floor":7,"gold_loss":35},{"damage_healed":0,"gold_gain":0,"player_choice":"Entered Light","damage_taken":23,"max_hp_gain":0,"max_hp_loss":0,"event_name":"Shining Light","floor":14,"gold_loss":0,"cards_upgraded":["Bash","Defend_R"]}],"is_beta":false,"boss_relics":[],"items_purged_floors":[],"is_endless":false,"potions_floor_spawned":[8,11,12],"killed_by":"Hexaghost","ascension_level":15}