{"gold_per_floor":[113,123,143,143,153,153,211,211,211,546,564,576,29,47,47,122,122,142,153,203,253,322,322,322],"floor_reached":24,"playtime":953,"items_purged":[],"score":347,"play_id":"0883ceee-911c-46df-a2b0-caba7f15354e","local_time":"20190710163859","is_ascension_mode":true,"campfire_choices":[{"data":"Bash","floor":6,"key":"SMITH"},{"data":"Sword Boomerang","floor":8,"key":"SMITH"},{"floor":15,"key":"REST"},{"floor":23,"key":"REST"}],"neow_cost":"NONE","seed_source_timestamp":1278969667083400,"circlet_count":0,"master_deck":["AscendersBane","Strike_R","Strike_R","Strike_R","Strike_R","Strike_R","Defend_R","Defend_R","Defend_R","Defend_R","Bash+1","Clash","Sword Boomerang+1","Clothesline","Clothesline","Shrug It Off","Heavy Blade","Sentinel","Sentinel","True Grit+1","Bludgeon+1","Bludgeon+1","Sentinel+1","Shockwave+1","Whirlwind+1"],"relics":["Burning Blood","NeowsBlessing","SsserpentHead","Tiny Chest","The Courier","Old Coin","Regal Pillow","Molten Egg 2","Toxic Egg 2","Fusion Hammer","Gremlin Horn"],"potions_floor_usage":[5,11,16,22],"damage_taken":[{"damage":0,"enemies":"2 Louse","floor":1,"turns":1},{"damage":0,"enemies":"Cultist","floor":2,"turns":1},{"damage":0,"enemies":"Small Slimes","floor":3,"turns":1},{"damage":18,"enemies":"Exordium Thugs","floor":5,"turns":6},{"damage":13,"enemies":"Gremlin Nob","floor":7,"turns":4},{"damage":49,"enemies":"3 Sentries","floor":10,"turns":8},{"damage":1,"enemies":"3 Louse","floor":11,"turns":2},{"damage":6,"enemies":"Looter","floor":12,"turns":4},{"damage":15,"enemies":"2 Fungi Beasts","floor":14,"turns":4},{"damage":36,"enemies":"Slime Boss","floor":16,"turns":10},{"damage":16,"enemies":"3 Byrds","floor":18,"turns":5},{"damage":24,"enemies":"2 Thieves","floor":19,"turns":4},{"damage":30,"enemies":"Centurion and Healer","floor":22,"turns":4},{"damage":61,"enemies":"Gremlin Leader","floor":24,"turns":4}],"seed_played":"2235316731579482886","potions_obtained":[{"floor":2,"key":"SkillPotion"},{"floor":3,"key":"FairyPotion"},{"floor":10,"key":"Swift Potion"},{"floor":14,"key":"Strength Potion"},{"floor":19,"key":"PowerPotion"},{"floor":22,"key":"Weak Potion"}],"is_trial":false,"path_per_floor":["M","M","M","?","M","R","E","R","T","E","M","M","$","M","R","B",null,"M","M","T","?","M","R","E"],"character_chosen":"IRONCLAD","items_purchased":["Regal Pillow","Molten Egg 2","Toxic Egg 2","True Grit+1"],"campfire_rested":2,"item_purchase_floors":[13,13,13,13],"current_hp_per_floor":[78,80,80,80,68,68,61,61,61,18,23,23,23,14,53,23,66,56,38,38,23,14,54,0],"gold":322,"neow_bonus":"THREE_ENEMY_KILL","is_prod":false,"is_daily":false,"chose_seed":false,"campfire_upgraded":2,"win_rate":0,"timestamp":1562791139,"path_taken":["M","M","M","?","M","R","E","R","T","E","M","M","$","M","R","BOSS","M","M","?","?","?","R","E"],"build_version":"2019-07-05","purchased_purges":0,"victory":false,"max_hp_per_floor":[80,80,80,80,80,80,80,80,80,80,80,80,80,80,80,80,80,80,80,80,85,85,85,85],"card_choices":[{"not_picked":["Flex","Second Wind"],"picked":"Clash","floor":1},{"not_picked":["Pommel Strike","Headbutt"],"picked":"Sword Boomerang","floor":2},{"not_picked":["Heavy Blade","Spot Weakness"],"picked":"Clothesline","floor":3},{"not_picked":["Sever Soul","Carnage"],"picked":"Clothesline","floor":5},{"not_picked":["Wild Strike","Entrench"],"picked":"Shrug It Off","floor":7},{"not_picked":["Iron Wave","Body Slam"],"picked":"Heavy Blade","floor":10},{"not_picked":["Clothesline","Sever Soul"],"picked":"Sentinel","floor":11},{"not_picked":["Heavy Blade","Wild Strike"],"picked":"Sentinel","floor":12},{"not_picked":["Entrench+1","Sentinel+1"],"picked":"Bludgeon+1","floor":14},{"not_picked":["Offering+1","Barricade"],"picked":"Bludgeon+1","floor":16},{"not_picked":["Havoc+1","Entrench+1"],"picked":"Sentinel+1","floor":18},{"not_picked":["Sword Boomerang+1","Twin Strike+1"],"picked":"Shockwave+1","floor":19},{"not_picked":["Armaments+1","Corruption"],"picked":"Whirlwind+1","floor":22}],"player_experience":608992,"relics_obtained":[{"floor":7,"key":"Tiny Chest"},{"floor":9,"key":"The Courier"},{"floor":10,"key":"Old Coin"},{"floor":20,"key":"Gremlin Horn"}],"event_choices":[{"damage_healed":0,"gold_gain":0,"player_choice":"Trade","damage_taken":0,"relics_obtained":["SsserpentHead"],"max_hp_gain":0,"max_hp_loss":0,"event_name":"FaceTrader","floor":4,"gold_loss":0},{"damage_healed":0,"gold_gain":0,"player_choice":"Shed Blood","damage_taken":20,"max_hp_gain":5,"max_hp_loss":0,"event_name":"Forgotten Altar","floor":21,"gold_loss":0}],"is_beta":false,"boss_relics":[{"not_picked":["Ectoplasm","Calling Bell"],"picked":"Fusion Hammer"}],"items_purged_floors":[],"is_endless":false,"potions_floor_spawned":[2,3,10,14,19,22],"killed_by":"Gremlin Leader","ascension_level":13}