{"gold_per_floor":[116,116,175,175,188,223,223,223,223,223,257,257,270,294,294,294],"floor_reached":16,"playtime":477,"items_purged":[],"score":259,"play_id":"cc32af76-aa4f-4152-b460-03c1431d35c6","local_time":"20190302221100","is_ascension_mode":true,"campfire_choices":[{"data":"Bash","floor":7.0,"key":"SMITH"},{"floor":10.0,"key":"REST"},{"data":"Armaments","floor":15,"key":"SMITH"}],"neow_cost":"NONE","seed_source_timestamp":1474340154722127,"circlet_count":0,"master_deck":["AscendersBane","Strike_R","Strike_R","Strike_R","Strike_R","Defend_R","Defend_R","Defend_R","Defend_R","Bash+1","Seeing Red","Bludgeon","Warcry","Dual Wield","Reaper","Armaments+1","Burning Pact"],"special_seed":0,"relics":["Burning Blood","NeowsBlessing","Golden Idol","Bottled Lightning","Smiling Mask","Gremlin Horn","Darkstone Periapt","Centennial Puzzle"],"potions_floor_usage":[14],"damage_taken":[{"damage":0.0,"enemies":"Small Slimes","floor":1.0,"turns":1.0},{"damage":0.0,"enemies":"2 Louse","floor":5.0,"turns":1.0},{"damage":0.0,"enemies":"Lagavulin","floor":6.0,"turns":1.0},{"damage":50.0,"enemies":"3 Sentries","floor":11.0,"turns":10.0},{"damage":0.0,"enemies":"Cultist","floor":13.0,"turns":3.0},{"damage":15,"enemies":"Gremlin Gang","floor":14,"turns":4},{"damage":17,"enemies":"Hexaghost","floor":16,"turns":7}],"seed_played":"2456904072737419622","potions_obtained":[{"floor":1.0,"key":"SkillPotion"},{"floor":13.0,"key":"AttackPotion"}],"is_trial":false,"path_per_floor":["M","?","?","?","M","E","R","?","T","R","E","T","M","M","R","B"],"character_chosen":"IRONCLAD","items_purchased":[],"campfire_rested":1,"item_purchase_floors":[],"current_hp_per_floor":[74,74,74,48,54,60,60,34,34,56,12,12,18,17,17,0],"gold":294,"neow_bonus":"THREE_ENEMY_KILL","is_prod":false,"is_daily":false,"chose_seed":false,"campfire_upgraded":2,"win_rate":0,"timestamp":1551582660,"path_taken":["M","?","?","?","M","E","R","?","T","R","E","?","?","M","R","BOSS"],"build_version":"2019-02-06","purchased_purges":0,"victory":false,"max_hp_per_floor":[75,75,75,75,75,75,75,75,75,75,75,75,75,75,75,75],"card_choices":[{"not_picked":["Flex","Warcry"],"picked":"Seeing Red","floor":1.0},{"not_picked":["Anger","Headbutt"],"picked":"Warcry","floor":5.0},{"not_picked":["Sword Boomerang","Warcry"],"picked":"Dual Wield","floor":6.0},{"not_picked":["Uppercut","Ghostly Armor"],"picked":"Reaper","floor":11.0},{"not_picked":["Wild Strike","Reckless Charge"],"picked":"Armaments","floor":13.0},{"not_picked":["Pummel","Anger"],"picked":"Burning Pact","floor":14}],"player_experience":1023606,"relics_obtained":[{"floor":6.0,"key":"Bottled Lightning"},{"floor":9.0,"key":"Gremlin Horn"},{"floor":11.0,"key":"Darkstone Periapt"},{"floor":12.0,"key":"Centennial Puzzle"}],"event_choices":[{"damage_healed":0.0,"max_hp_gain":0.0,"max_hp_loss":0.0,"gold_gain":0.0,"cards_transformed":["Strike_R"],"event_name":"Living Wall","player_choice":"Change","floor":2.0,"gold_loss":0.0,"damage_taken":0.0,"cards_obtained":["Bludgeon"]},{"damage_healed":0.0,"max_hp_gain":0.0,"max_hp_loss":0.0,"gold_gain":59.0,"event_name":"Golden Wing","player_choice":"Gained Gold","floor":3.0,"gold_loss":0.0,"damage_taken":0.0},{"damage_healed":0.0,"max_hp_gain":0.0,"max_hp_loss":0.0,"gold_gain":0.0,"event_name":"Golden Idol","player_choice":"Take Damage","floor":4.0,"gold_loss":0.0,"damage_taken":26.0,"relics_obtained":["Golden Idol"]},{"damage_healed":0.0,"max_hp_gain":0.0,"max_hp_loss":0.0,"gold_gain":0.0,"event_name":"Scrap Ooze","player_choice":"Success","floor":8.0,"gold_loss":0.0,"damage_taken":26.0,"relics_obtained":["Smiling Mask"]}],"is_beta":true,"boss_relics":[],"items_purged_floors":[],"is_endless":false,"potions_floor_spawned":[1,13],"killed_by":"Hexaghost","ascension_level":19}