{"path_per_floor":["M","M","?","?","M","R","?","M","T","$","?","E","M","M","R","B",null,"M","M","M","M","M","R","M"],"character_chosen":"DEFECT","items_purchased":["Bronze Scales"],"gold_per_floor":[109,129,129,129,140,140,140,152,152,4,4,30,48,65,65,164,164,179,160,180,193,203,203,215,215],"floor_reached":25,"campfire_rested":1,"playtime":1961,"current_hp_per_floor":[75,75,68,85,84,84,84,75,75,75,58,25,10,7,32,5,85,72,64,56,48,17,25,25,0],"items_purged":[],"gold":215,"score":209,"play_id":"772be3a4-e40c-48af-8b7e-e49485556632","local_time":"20180510010652","is_prod":false,"is_daily":false,"chose_seed":false,"is_ascension_mode":false,"campfire_upgraded":2,"timestamp":1525928812,"path_taken":["M","M","?","?","M","R","?","M","T","$","?","E","M","M","R","BOSS","M","M","M","M","M","R","M","M"],"build_version":"2018-05-08","seed_source_timestamp":30489534713351,"purchased_purges":0,"victory":false,"master_deck":["Strike_B","Strike_B","Strike_B","Defend_B","Defend_B","Defend_B","Defend_B","Zap+1","Dualcast","Axe Kick","Stack","Force Field","Fusion","Zap+1","Axe Kick+1","Genetic Algorithm","Static Discharge","Stack","Creative AI","Stack","Buffer+1","Coolheaded","Aggregate","Reprogram","Self Repair"],"max_hp_per_floor":[75,75,75,85,85,85,85,85,85,85,85,85,85,85,85,85,85,85,85,85,85,85,85,85,85],"relics":["Cracked Core","Mummified Hand","Bronze Scales","Centennial Puzzle","Eternal Feather"],"card_choices":[{"not_picked":["Skim","Rebound"],"picked":"Axe Kick","floor":1},{"not_picked":["Beam Cell","Ball Lightning"],"picked":"Stack","floor":2},{"not_picked":["Cold Snap","Gash"],"picked":"Force Field","floor":5},{"not_picked":["Rebound","Auto Shields"],"picked":"Axe Kick","floor":8},{"not_picked":["Cold Snap","Coolheaded"],"picked":"Genetic Algorithm","floor":12},{"not_picked":["Coolheaded","All For One"],"picked":"Static Discharge","floor":13},{"not_picked":["Cold Snap","Scrape"],"picked":"Stack","floor":14},{"not_picked":["Amplify","Thunder Strike"],"picked":"Creative AI","floor":16},{"not_picked":["Steam","Ball Lightning"],"picked":"Stack","floor":18},{"not_picked":["Hologram","Go for the Eyes"],"picked":"Buffer","floor":19},{"not_picked":["Hologram","Axe Kick"],"picked":"Coolheaded","floor":20},{"not_picked":["Capacitor","Reprogram"],"picked":"Aggregate","floor":21},{"not_picked":["Barrage","Ball Lightning"],"picked":"Reprogram","floor":22},{"not_picked":["Genetic Algorithm","Ball Lightning"],"picked":"Self Repair","floor":24}],"player_experience":32155,"potions_floor_usage":[16,16,16,19,21],"damage_taken":[{"damage":0,"enemies":"2 Louse","floor":1,"turns":2},{"damage":0,"enemies":"Small Slimes","floor":2,"turns":3},{"damage":1,"enemies":"Jaw Worm","floor":5,"turns":2},{"damage":9,"enemies":"Blue Slaver","floor":8,"turns":4},{"damage":33,"enemies":"Lagavulin","floor":12,"turns":7},{"damage":15,"enemies":"Gremlin Gang","floor":13,"turns":4},{"damage":3,"enemies":"Large Slime","floor":14,"turns":4},{"damage":27,"enemies":"Slime Boss","floor":16,"turns":8},{"damage":13,"enemies":"Spheric Guardian","floor":18,"turns":5},{"damage":8,"enemies":"2 Thieves","floor":19,"turns":4},{"damage":8,"enemies":"Snecko","floor":20,"turns":6},{"damage":8,"enemies":"Snake Plant","floor":21,"turns":3},{"damage":31,"enemies":"Centurion and Healer","floor":22,"turns":8},{"damage":0,"enemies":"Snecko","floor":24,"turns":8},{"damage":27,"enemies":"3 Cultists","floor":25,"turns":3}],"event_choices":[{"event_name":"Golden Wing","player_choice":"Card Removal","floor":3,"damage_taken":0},{"event_name":"Bonfire Elementals","player_choice":"RARE","floor":4,"damage_taken":0},{"event_name":"Match and Keep!","player_choice":"2 cards matched","floor":7,"damage_taken":0},{"event_name":"Shining Light","player_choice":"Entered Light","floor":11,"damage_taken":0}],"boss_relics":[{"not_picked":["Runic Pyramid","Cursed Key"],"picked":"Eternal Feather"}],"potions_floor_spawned":[8,12,13,14,16,20,21,22],"seed_played":"2424637606004787792","killed_by":"3 Cultists","ascension_level":0,"is_trial":false}