{"gold_per_floor":[362,362,537,502,83,83,11,11,11,11,26,26,51,51,51,125,125,111,129,141,156,71,71,100,111,164,164,164,83,8,8,8,79,79,95,106,116,116,116,116,132,132,132,132,132],"floor_reached":45,"playtime":2519,"items_purged":["Doubt"],"score":819,"play_id":"4551a5cb-2335-4091-ae7e-fc3fb1b92496","local_time":"20190115100903","is_ascension_mode":true,"campfire_choices":[{"data":"Caltrops","floor":6.0,"key":"SMITH"},{"data":"Footwork","floor":8.0,"key":"SMITH"},{"data":"Neutralize","floor":10.0,"key":"SMITH"},{"data":"Quick Slash","floor":12.0,"key":"SMITH"},{"data":"Survivor","floor":15.0,"key":"SMITH"},{"floor":23.0,"key":"REST"},{"floor":28.0,"key":"REST"},{"data":"Cloak And Dagger","floor":32.0,"key":"SMITH"},{"floor":44,"key":"REST"}],"neow_cost":"PERCENT_DAMAGE","seed_source_timestamp":0,"circlet_count":0,"master_deck":["AscendersBane","Defend_G","Defend_G+1","Defend_G","Defend_G","Defend_G","Strike_G+1","Strike_G","Strike_G+1","Survivor+1","Neutralize+1","Dash+1","Caltrops+1","Footwork+1","Quick Slash+1","After Image","Deflect","Accuracy","Infinite Blades","Cloak And Dagger+1","Dodge and Roll","Accuracy","Malaise","PiercingWail","Adrenaline","PiercingWail+1","Well Laid Plans","Adrenaline","Well Laid Plans","Accuracy+1","Quick Slash+1","After Image","Pain","Deflect+1"],"special_seed":0,"relics":["Ring of the Snake","Incense Burner","Bottled Flame","Art of War","Orrery","Juzu Bracelet","Whetstone","Tiny Chest","MutagenicStrength","WristBlade","WarpedTongs","Orichalcum"],"potions_floor_usage":[33,41,45],"damage_taken":[{"damage":0.0,"enemies":"Jaw Worm","floor":1.0,"turns":7.0},{"damage":0.0,"enemies":"2 Louse","floor":11.0,"turns":2.0},{"damage":0.0,"enemies":"Hexaghost","floor":16.0,"turns":11.0},{"damage":21.0,"enemies":"2 Thieves","floor":18.0,"turns":4.0},{"damage":15.0,"enemies":"Chosen","floor":19.0,"turns":6.0},{"damage":4.0,"enemies":"Centurion and Healer","floor":20.0,"turns":9.0},{"damage":10.0,"enemies":"Sentry and Sphere","floor":21.0,"turns":9.0},{"damage":6.0,"enemies":"Book of Stabbing","floor":24.0,"turns":7.0},{"damage":1.0,"enemies":"Cultist and Chosen","floor":25.0,"turns":9.0},{"damage":32,"enemies":"Automaton","floor":33,"turns":17},{"damage":0,"enemies":"3 Shapes","floor":35,"turns":8},{"damage":5,"enemies":"3 Darklings","floor":36,"turns":11},{"damage":0,"enemies":"Writhing Mass","floor":37,"turns":9},{"damage":30,"enemies":"Spire Growth","floor":41,"turns":9},{"damage":47,"enemies":"Transient","floor":45,"turns":5}],"seed_played":"436082770466703532","potions_obtained":[{"floor":16.0,"key":"Dexterity Potion"},{"floor":20.0,"key":"Dexterity Potion"},{"floor":21.0,"key":"Block Potion"},{"floor":33,"key":"LiquidBronze"},{"floor":41,"key":"Fire Potion"}],"is_trial":false,"path_per_floor":["M","?","?","?","$","R","$","R","T","R","M","R","T","?","R","B",null,"M","M","M","M","?","R","E","M","T","?","R","$","?","$","R","B",null,"M","M","M","?","?","?","M","?","T","R","M"],"character_chosen":"THE_SILENT","items_purchased":["Incense Burner","Caltrops","Footwork","Well Laid Plans"],"campfire_rested":3,"item_purchase_floors":[5,5,7,29],"current_hp_per_floor":[44,31,31,47,47,47,47,47,47,47,47,47,47,47,47,47,61,40,25,21,11,11,30,24,23,23,23,42,42,42,42,42,10,52,52,47,47,47,47,47,17,17,17,36,0],"gold":132,"neow_bonus":"TWO_FIFTY_GOLD","is_prod":false,"is_daily":false,"chose_seed":false,"campfire_upgraded":6,"win_rate":0,"timestamp":1547564943,"path_taken":["M","?","?","?","$","R","?","R","T","R","?","R","?","?","R","BOSS","M","M","?","M","?","R","E","M","T","?","R","$","?","?","R","BOSS","M","M","M","?","?","?","M","?","T","R","M"],"build_version":"2019-01-14v2","purchased_purges":1,"victory":false,"max_hp_per_floor":[66,66,66,66,66,66,66,66,66,66,66,66,66,66,66,66,66,66,66,66,66,66,66,66,66,66,66,66,66,66,66,66,66,66,66,66,66,66,66,66,66,66,66,66,66],"card_choices":[{"not_picked":["Flying Knee","Blade Dance"],"picked":"Dash","floor":1.0},{"not_picked":["Underhanded Strike","Sucker Punch"],"picked":"Quick Slash","floor":11.0},{"not_picked":["Grand Finale","Malaise"],"picked":"After Image","floor":16.0},{"not_picked":["Deadly Poison","Underhanded Strike"],"picked":"Deflect","floor":17.0},{"not_picked":["Outmaneuver","Flying Knee"],"picked":"Accuracy","floor":17.0},{"not_picked":["Underhanded Strike","Outmaneuver"],"picked":"Infinite Blades","floor":17.0},{"not_picked":["Backflip","All Out Attack"],"picked":"Cloak And Dagger","floor":17.0},{"not_picked":["Underhanded Strike","Sucker Punch"],"picked":"Dodge and Roll","floor":17.0},{"not_picked":["All Out Attack","Choke"],"picked":"Accuracy","floor":18.0},{"not_picked":["Underhanded Strike","Deflect"],"picked":"Malaise","floor":19.0},{"not_picked":["Dagger Spray","Outmaneuver"],"picked":"PiercingWail","floor":20.0},{"not_picked":["Sucker Punch","Underhanded Strike+1","Acrobatics"],"picked":"SKIP","floor":21.0},{"not_picked":["Crippling Poison","Catalyst"],"picked":"Adrenaline","floor":24.0},{"not_picked":["Sucker Punch","All Out Attack"],"picked":"PiercingWail+1","floor":25.0},{"not_picked":["Storm of Steel","Doppelganger"],"picked":"Adrenaline","floor":33},{"not_picked":["Setup","Riddle With Holes"],"picked":"Well Laid Plans","floor":35},{"not_picked":["Acrobatics","Slice"],"picked":"Accuracy+1","floor":36},{"not_picked":["Poisoned Stab","Dagger Throw"],"picked":"Quick Slash+1","floor":37},{"not_picked":["PiercingWail","Escape Plan"],"picked":"Deflect+1","floor":41}],"player_experience":817269,"relics_obtained":[{"floor":9.0,"key":"Bottled Flame"},{"floor":13.0,"key":"Art of War"},{"floor":24.0,"key":"Whetstone"},{"floor":26.0,"key":"Tiny Chest"},{"floor":43,"key":"Orichalcum"}],"event_choices":[{"damage_healed":0.0,"max_hp_gain":0.0,"max_hp_loss":0.0,"gold_gain":0.0,"event_name":"Shining Light","player_choice":"Entered Light","floor":2.0,"gold_loss":0.0,"damage_taken":13.0,"cards_upgraded":["Defend_G","Dash"]},{"damage_healed":0.0,"max_hp_gain":0.0,"max_hp_loss":0.0,"gold_gain":175.0,"event_name":"Liars Game","player_choice":"AGREE","floor":3.0,"gold_loss":0.0,"damage_taken":0.0,"cards_obtained":["Doubt"]},{"damage_healed":16.0,"max_hp_gain":0.0,"max_hp_loss":0.0,"gold_gain":0.0,"event_name":"The Cleric","player_choice":"Healed","floor":4.0,"gold_loss":35.0,"damage_taken":0.0},{"cards_removed":["Strike_G"],"damage_healed":0.0,"max_hp_gain":0.0,"max_hp_loss":0.0,"gold_gain":0.0,"event_name":"Purifier","player_choice":"Purged","floor":14.0,"gold_loss":0.0,"damage_taken":0.0},{"damage_healed":0.0,"max_hp_gain":0.0,"max_hp_loss":0.0,"gold_gain":0.0,"event_name":"Addict","player_choice":"Obtained Relic","floor":22.0,"gold_loss":85.0,"damage_taken":0.0,"relics_obtained":["Juzu Bracelet"]},{"damage_healed":0.0,"max_hp_gain":0.0,"max_hp_loss":0.0,"gold_gain":0.0,"event_name":"Drug Dealer","player_choice":"Inject Mutagens","floor":27.0,"gold_loss":0.0,"damage_taken":0.0,"relics_obtained":["MutagenicStrength"]},{"cards_removed":["Strike_G"],"damage_healed":0.0,"max_hp_gain":0.0,"max_hp_loss":0.0,"gold_gain":0.0,"event_name":"Beggar","player_choice":"Gave Gold","floor":30.0,"gold_loss":75.0,"damage_taken":0.0},{"damage_healed":0,"gold_gain":0,"player_choice":"Copied","damage_taken":0,"max_hp_gain":0,"max_hp_loss":0,"event_name":"Duplicator","floor":38,"gold_loss":0,"cards_obtained":["After Image"]},{"damage_healed":0,"gold_gain":0,"player_choice":"Ignored","damage_taken":0,"max_hp_gain":0,"max_hp_loss":0,"event_name":"Tomb of Lord Red Mask","floor":39,"gold_loss":0},{"damage_healed":0,"gold_gain":0,"player_choice":"Rummage","damage_taken":0,"relics_obtained":["WarpedTongs"],"max_hp_gain":0,"max_hp_loss":0,"event_name":"Accursed Blacksmith","floor":40,"gold_loss":0,"cards_obtained":["Pain"]},{"damage_healed":0,"gold_gain":0,"player_choice":"Ignored","damage_taken":0,"max_hp_gain":0,"max_hp_loss":0,"event_name":"The Moai Head","floor":42,"gold_loss":0}],"is_beta":true,"boss_relics":[{"not_picked":["Ectoplasm","Pandora\u0027s Box"],"picked":"Orrery"},{"not_picked":["Tiny House","Sozu"],"picked":"WristBlade"}],"items_purged_floors":[5],"is_endless":false,"potions_floor_spawned":[16,20,21,33,37,41],"killed_by":"Transient","ascension_level":14}