{"gold_per_floor":[367,382,382,254,254,254,289,289,289,289,101,276,276,276,276,380,380,399,399,399,416,416],"floor_reached":22,"playtime":990,"items_purged":["Strike_B"],"score":196,"play_id":"e3864cba-cc9c-4024-bf86-fc530f6c3753","local_time":"20190709225009","is_ascension_mode":true,"campfire_choices":[{"data":"Zap","floor":6,"key":"SMITH"},{"data":"Conserve Battery","floor":10,"key":"SMITH"},{"data":"Storm","floor":13,"key":"SMITH"},{"data":"Defend_B","floor":15,"key":"SMITH"}],"neow_cost":"TEN_PERCENT_HP_LOSS","seed_source_timestamp":1459980639632500,"circlet_count":0,"master_deck":["Strike_B","Strike_B","Strike_B","Defend_B+1","Defend_B","Defend_B","Defend_B","Zap+1","Dualcast","Barrage","Creative AI+1","Conserve Battery+1","Storm+1","Doubt","Hyperbeam","Consume","Writhe","Conserve Battery"],"relics":["Cracked Core","Orichalcum","FossilizedHelix","Lantern","Smiling Mask","Inserter","Pear"],"potions_floor_usage":[7,16,22,22],"damage_taken":[{"damage":0,"enemies":"Jaw Worm","floor":1,"turns":3},{"damage":0,"enemies":"Cultist","floor":2,"turns":3},{"damage":39,"enemies":"Gremlin Nob","floor":7,"turns":6},{"damage":6,"enemies":"The Guardian","floor":16,"turns":9},{"damage":9,"enemies":"Chosen","floor":18,"turns":5},{"damage":31,"enemies":"Spheric Guardian","floor":21,"turns":6},{"damage":6,"enemies":"3 Cultists","floor":22,"turns":3}],"seed_played":"-5325273674582655673","potions_obtained":[{"floor":1,"key":"Regen Potion"},{"floor":7,"key":"Fire Potion"},{"floor":16,"key":"Dexterity Potion"},{"floor":21,"key":"PowerPotion"}],"is_trial":false,"path_per_floor":["M","M","?","$","T","R","E","?","T","R","$","?","R","T","R","B",null,"M","?","?","M","M"],"character_chosen":"DEFECT","items_purchased":["Conserve Battery","Storm","Lantern"],"campfire_rested":0,"item_purchase_floors":[4,11,11],"current_hp_per_floor":[68,68,68,68,68,68,34,34,34,34,34,34,34,34,34,28,68,59,59,69,38,32],"gold":416,"neow_bonus":"TWO_FIFTY_GOLD","is_prod":false,"is_daily":false,"chose_seed":false,"campfire_upgraded":4,"win_rate":0,"timestamp":1562727009,"path_taken":["M","M","?","$","?","R","E","?","T","R","?","?","R","?","R","BOSS","M","?","?","M","M"],"build_version":"2019-07-05","purchased_purges":1,"victory":false,"max_hp_per_floor":[68,68,68,68,68,68,68,68,68,68,68,68,68,68,68,68,68,68,68,78,78,78],"card_choices":[{"not_picked":["Darkness","Cold Snap"],"picked":"Barrage","floor":1},{"not_picked":["Ball Lightning","Streamline"],"picked":"Creative AI","floor":2},{"not_picked":["Reprogram","Heatsinks","Scrape"],"picked":"SKIP","floor":7},{"not_picked":["Buffer","Biased Cognition"],"picked":"Hyperbeam","floor":16},{"not_picked":["Sweeping Beam+1","Chaos","Steam"],"picked":"SKIP","floor":18},{"not_picked":["Turbo","Sweeping Beam"],"picked":"Conserve Battery","floor":21}],"player_experience":694063,"relics_obtained":[{"floor":5,"key":"Orichalcum"},{"floor":7,"key":"FossilizedHelix"},{"floor":14,"key":"Smiling Mask"}],"event_choices":[{"damage_healed":0,"gold_gain":0,"player_choice":"Upgraded","damage_taken":0,"max_hp_gain":0,"max_hp_loss":0,"event_name":"Upgrade Shrine","floor":3,"gold_loss":0,"cards_upgraded":["Creative AI"]},{"damage_healed":0,"gold_gain":0,"player_choice":"Ignored","damage_taken":0,"max_hp_gain":0,"max_hp_loss":0,"event_name":"Shining Light","floor":8,"gold_loss":0},{"damage_healed":0,"gold_gain":175,"player_choice":"AGREE","damage_taken":0,"max_hp_gain":0,"max_hp_loss":0,"event_name":"Liars Game","floor":12,"gold_loss":0,"cards_obtained":["Doubt"]},{"damage_healed":0,"gold_gain":0,"player_choice":"Read","damage_taken":0,"max_hp_gain":0,"max_hp_loss":0,"event_name":"The Library","floor":19,"gold_loss":0,"cards_obtained":["Consume"]},{"damage_healed":0,"gold_gain":0,"player_choice":"Opened","damage_taken":0,"relics_obtained":["Pear"],"max_hp_gain":0,"max_hp_loss":0,"event_name":"The Mausoleum","floor":20,"gold_loss":0,"cards_obtained":["Writhe"]}],"is_beta":false,"boss_relics":[{"not_picked":["Snecko Eye","Empty Cage"],"picked":"Inserter"}],"items_purged_floors":[4],"is_endless":false,"potions_floor_spawned":[1,7,16,21],"killed_by":"3 Cultists","ascension_level":2}