{"gold_per_floor":[20,20,35,45,63,91,101,101,101,157,157,157,157],"floor_reached":13,"playtime":1082,"items_purged":[],"score":109,"play_id":"c77994b5-b891-4396-afab-51ec5fea8e9a","local_time":"20190623181110","is_ascension_mode":true,"campfire_choices":[{"floor":8,"key":"REST"}],"neow_cost":"NO_GOLD","seed_source_timestamp":23027834626900,"circlet_count":0,"master_deck":["Strike_R","Strike_R","Strike_R","Strike_R","Strike_R","Defend_R","Defend_R","Defend_R","Defend_R","Bash","Finesse","Impatience","Cleave","Pommel Strike","Demon Form+1","True Grit","Second Wind","Heavy Blade","Intimidate","Twin Strike","Double Tap"],"relics":["Burning Blood","Frozen Egg 2","Tiny Chest"],"potions_floor_usage":[6,10,13],"damage_taken":[{"damage":3,"enemies":"Small Slimes","floor":1,"turns":5},{"damage":1,"enemies":"Cultist","floor":3,"turns":4},{"damage":8,"enemies":"2 Louse","floor":4,"turns":2},{"damage":22,"enemies":"Looter","floor":5,"turns":4},{"damage":21,"enemies":"Gremlin Nob","floor":6,"turns":4},{"damage":28,"enemies":"Exordium Thugs","floor":7,"turns":6},{"damage":48,"enemies":"Lagavulin","floor":10,"turns":7},{"damage":15,"enemies":"3 Sentries","floor":13,"turns":2}],"seed_played":"4936823568171510159","potions_obtained":[{"floor":4,"key":"Fire Potion"},{"floor":6,"key":"BloodPotion"},{"floor":10,"key":"SneckoOil"}],"is_trial":false,"path_per_floor":["M","?","M","M","M","E","M","R","T","E","$","?","E"],"character_chosen":"IRONCLAD","items_purchased":[],"campfire_rested":1,"item_purchase_floors":[],"current_hp_per_floor":[80,80,80,78,62,47,25,49,49,15,15,15,0],"gold":157,"neow_bonus":"RANDOM_COLORLESS_2","is_prod":false,"is_daily":false,"chose_seed":false,"campfire_upgraded":0,"win_rate":0,"timestamp":1561327870,"path_taken":["M","?","?","M","M","E","M","R","T","E","$","?","E"],"build_version":"2019-01-23","purchased_purges":0,"victory":false,"max_hp_per_floor":[80,80,80,80,80,80,80,80,80,80,80,80,80],"card_choices":[{"not_picked":["Body Slam","Fire Breathing"],"picked":"Cleave","floor":1},{"not_picked":["Second Wind","Perfected Strike"],"picked":"True Grit","floor":3},{"not_picked":["Blood for Blood","Havoc"],"picked":"Second Wind","floor":4},{"not_picked":["Havoc","Blood for Blood"],"picked":"Heavy Blade","floor":5},{"not_picked":["Body Slam","Shockwave"],"picked":"Intimidate","floor":6},{"not_picked":["Warcry","Feed"],"picked":"Twin Strike","floor":7},{"not_picked":["Bloodletting","Clothesline"],"picked":"Double Tap","floor":10}],"player_experience":501925,"relics_obtained":[{"floor":6,"key":"Frozen Egg 2"},{"floor":10,"key":"Tiny Chest"}],"event_choices":[{"damage_healed":0,"gold_gain":0,"player_choice":"2 cards matched","damage_taken":0,"max_hp_gain":0,"max_hp_loss":0,"event_name":"Match and Keep!","floor":2,"gold_loss":0,"cards_obtained":["Pommel Strike","Demon Form"]},{"damage_healed":0,"gold_gain":0,"player_choice":"Upgraded","damage_taken":0,"max_hp_gain":0,"max_hp_loss":0,"event_name":"Upgrade Shrine","floor":12,"gold_loss":0,"cards_upgraded":["Demon Form"]}],"is_beta":false,"boss_relics":[],"items_purged_floors":[],"is_endless":false,"potions_floor_spawned":[4,6,10],"killed_by":"3 Sentries","ascension_level":3}