{"gold_per_floor":[115,131,60,60,73,73,102,102,180,105,119,119,134,144,144,245,245,258,269,288,308,354,354,374,391,391,391,424,424,424,444,444,444],"floor_reached":33,"playtime":1717,"items_purged":["Strike_G"],"score":434,"play_id":"db075b52-2b8b-4db4-b130-f97430b34fc0","local_time":"20190109233446","is_ascension_mode":true,"campfire_choices":[{"data":"Poisoned Stab","floor":6,"key":"SMITH"},{"data":"Cloak And Dagger","floor":12,"key":"SMITH"},{"data":"Dash","floor":15,"key":"SMITH"},{"data":"Caltrops","floor":23,"key":"SMITH"},{"data":"Sucker Punch","floor":30,"key":"SMITH"},{"floor":32,"key":"REST"}],"neow_cost":"NONE","seed_source_timestamp":10653400833250,"circlet_count":0,"master_deck":["AscendersBane","Defend_G","Defend_G","Defend_G","Defend_G","Defend_G","Strike_G","Strike_G","Strike_G","Strike_G","Survivor","Neutralize","Flechettes","Poisoned Stab+1","Adrenaline","Dodge and Roll","Tools of the Trade","Cloak And Dagger+1","Dash+1","Caltrops+1","After Image","Backstab","Sucker Punch+1","Cloak And Dagger+1","Shame"],"relics":["Ring of the Snake","NeowsBlessing","Blue Candle","Turnip","Bag of Marbles","Ornamental Fan","Busted Crown","Snake Skull","Orichalcum","Blood Vial","Mummified Hand","FaceOfCleric"],"potions_floor_usage":[16,21,28,33],"damage_taken":[{"damage":0,"enemies":"Cultist","floor":1,"turns":1},{"damage":0,"enemies":"Jaw Worm","floor":2,"turns":1},{"damage":0,"enemies":"Small Slimes","floor":5,"turns":1},{"damage":30,"enemies":"Lagavulin","floor":7,"turns":7},{"damage":5,"enemies":"Red Slaver","floor":11,"turns":4},{"damage":1,"enemies":"Looter","floor":13,"turns":3},{"damage":0,"enemies":"2 Fungi Beasts","floor":14,"turns":3},{"damage":15,"enemies":"The Guardian","floor":16,"turns":12},{"damage":0,"enemies":"3 Byrds","floor":18,"turns":5},{"damage":0,"enemies":"Spheric Guardian","floor":19,"turns":4},{"damage":16,"enemies":"Cultist and Chosen","floor":20,"turns":6},{"damage":7,"enemies":"Snecko","floor":21,"turns":6},{"damage":3,"enemies":"Centurion and Healer","floor":24,"turns":7},{"damage":19,"enemies":"Snake Plant","floor":25,"turns":4},{"damage":10,"enemies":"Book of Stabbing","floor":28,"turns":5},{"damage":5,"enemies":"Cultist and Chosen","floor":31,"turns":5},{"damage":54,"enemies":"Collector","floor":33,"turns":12}],"seed_played":"2637139347505399385","potions_obtained":[{"floor":7,"key":"AttackPotion"},{"floor":13,"key":"Strength Potion"},{"floor":18,"key":"Regen Potion"},{"floor":24,"key":"Ancient Potion"},{"floor":25,"key":"Regen Potion"}],"is_trial":false,"path_per_floor":["M","M","$","?","M","R","E","T","T","$","M","R","M","M","R","B",null,"M","M","M","M","T","R","M","M","T","?","E","?","R","M","R","B"],"character_chosen":"THE_SILENT","items_purchased":["Adrenaline"],"campfire_rested":1,"item_purchase_floors":[3],"current_hp_per_floor":[63,63,63,63,63,63,33,33,33,33,28,28,27,27,27,12,56,56,56,40,47,47,47,44,25,25,25,32,32,32,30,51,0],"gold":444,"neow_bonus":"THREE_ENEMY_KILL","is_prod":false,"is_daily":false,"chose_seed":false,"campfire_upgraded":5,"win_rate":0,"timestamp":1547094886,"path_taken":["M","?","$","?","?","R","E","?","T","$","M","R","M","M","R","BOSS","M","?","?","M","?","R","M","M","T","?","E","?","R","M","R","BOSS"],"build_version":"2019-01-08","purchased_purges":1,"victory":false,"max_hp_per_floor":[70,70,70,70,70,70,70,70,70,70,70,70,70,70,70,70,70,70,70,70,70,70,70,70,70,70,70,70,70,70,71,71,71],"card_choices":[{"not_picked":["Underhanded Strike","Bane"],"picked":"Flechettes","floor":1},{"not_picked":["Quick Slash","Blade Dance"],"picked":"Poisoned Stab","floor":2},{"not_picked":["Cloak And Dagger","Outmaneuver"],"picked":"Dodge and Roll","floor":5},{"not_picked":["Underhanded Strike","Acrobatics"],"picked":"Tools of the Trade","floor":7},{"not_picked":["Sucker Punch","Backflip"],"picked":"Cloak And Dagger","floor":11},{"not_picked":["Dodge and Roll","PiercingWail"],"picked":"Dash","floor":13},{"not_picked":["Sucker Punch","Outmaneuver"],"picked":"Caltrops","floor":14},{"not_picked":["Doppelganger","Storm of Steel"],"picked":"After Image","floor":16},{"not_picked":["Slice"],"picked":"SKIP","floor":18},{"not_picked":[],"picked":"Backstab","floor":19},{"not_picked":[],"picked":"Sucker Punch","floor":20},{"not_picked":["Choke"],"picked":"SKIP","floor":21},{"not_picked":[],"picked":"Cloak And Dagger+1","floor":24},{"not_picked":["Bane"],"picked":"SKIP","floor":25},{"not_picked":["Eviscerate"],"picked":"SKIP","floor":28},{"not_picked":["Reflex"],"picked":"SKIP","floor":31}],"player_experience":772483,"relics_obtained":[{"floor":4,"key":"Blue Candle"},{"floor":7,"key":"Turnip"},{"floor":8,"key":"Bag of Marbles"},{"floor":9,"key":"Ornamental Fan"},{"floor":22,"key":"Snake Skull"},{"floor":26,"key":"Orichalcum"},{"floor":28,"key":"Mummified Hand"}],"event_choices":[{"damage_healed":0,"gold_gain":0,"player_choice":"Relic","damage_taken":0,"max_hp_gain":0,"max_hp_loss":0,"event_name":"Wheel of Change","floor":4,"gold_loss":0},{"damage_healed":0,"gold_gain":0,"player_choice":"Stole Relic","damage_taken":0,"relics_obtained":["Blood Vial"],"max_hp_gain":0,"max_hp_loss":0,"event_name":"Addict","floor":27,"gold_loss":0,"cards_obtained":["Shame"]},{"damage_healed":0,"gold_gain":0,"player_choice":"Trade","damage_taken":0,"relics_obtained":["FaceOfCleric"],"max_hp_gain":0,"max_hp_loss":0,"event_name":"FaceTrader","floor":29,"gold_loss":0}],"is_beta":true,"boss_relics":[{"not_picked":["Runic Dome","Velvet Choker"],"picked":"Busted Crown"}],"items_purged_floors":[10],"is_endless":false,"potions_floor_spawned":[7,13,14,18,24,25],"killed_by":"Collector","ascension_level":12}