{"gold_per_floor":[114,114,126,146,161,161,172,172,172,172,183,183,193,193,193,193],"floor_reached":16,"playtime":698,"items_purged":[],"score":169,"play_id":"ef5364e1-1d55-436d-bcd0-c9ef37a17930","local_time":"20190127093824","is_ascension_mode":true,"campfire_choices":[{"data":"Evolve","floor":6.0,"key":"SMITH"},{"data":"Bash","floor":10.0,"key":"SMITH"},{"data":"Clothesline","floor":12.0,"key":"SMITH"},{"data":"Flame Barrier","floor":15.0,"key":"SMITH"}],"neow_cost":"PERCENT_DAMAGE","seed_source_timestamp":42546106988459,"circlet_count":0,"master_deck":["AscendersBane","Strike_R","Strike_R","Strike_R","Strike_R","Defend_R","Defend_R","Defend_R","Defend_R","Bash+1","Shrug It Off","Flex","Shrug It Off","Evolve+1","Iron Wave","Clothesline+1","Flame Barrier+1"],"special_seed":0,"relics":["Burning Blood","FossilizedHelix","The Courier"],"potions_floor_usage":[16],"damage_taken":[{"damage":0.0,"enemies":"2 Louse","floor":1.0,"turns":3.0},{"damage":0.0,"enemies":"Cultist","floor":3.0,"turns":5.0},{"damage":0.0,"enemies":"Small Slimes","floor":4.0,"turns":4.0},{"damage":9.0,"enemies":"3 Louse","floor":5.0,"turns":6.0},{"damage":6.0,"enemies":"Looter","floor":7.0,"turns":3.0},{"damage":0.0,"enemies":"Blue Slaver","floor":11.0,"turns":4.0},{"damage":7.0,"enemies":"Large Slime","floor":13.0,"turns":6.0},{"damage":89,"enemies":"Hexaghost","floor":16,"turns":17}],"seed_played":"-7761358825601017859","potions_obtained":[{"floor":1.0,"key":"Fruit Juice"},{"floor":3.0,"key":"Poison Potion"},{"floor":8.0,"key":"FairyPotion"},{"floor":11.0,"key":"Weak Potion"}],"is_trial":false,"path_per_floor":["M","?","M","M","M","R","M","?","T","R","M","R","M","?","R","B"],"character_chosen":"IRONCLAD","items_purchased":[],"campfire_rested":0,"item_purchase_floors":[],"current_hp_per_floor":[61,61,67,73,70,70,70,70,70,70,76,76,75,80,80,0],"gold":193,"neow_bonus":"ONE_RARE_RELIC","is_prod":false,"is_daily":false,"chose_seed":false,"campfire_upgraded":4,"win_rate":0,"timestamp":1548599904,"path_taken":["M","?","?","M","M","R","M","?","T","R","M","R","?","?","R","BOSS"],"build_version":"2019-01-23","purchased_purges":0,"victory":false,"max_hp_per_floor":[80,80,80,80,80,80,80,80,80,80,80,80,80,85,85,85],"card_choices":[{"not_picked":["Pummel","Twin Strike"],"picked":"Shrug It Off","floor":1.0},{"not_picked":["Blood for Blood","Anger"],"picked":"Flex","floor":3.0},{"not_picked":["Blood for Blood","Body Slam"],"picked":"Shrug It Off","floor":4.0},{"not_picked":["Feel No Pain","Headbutt"],"picked":"Evolve","floor":5.0},{"not_picked":["Sword Boomerang","Headbutt"],"picked":"Iron Wave","floor":7.0},{"not_picked":["Second Wind","Perfected Strike"],"picked":"Clothesline","floor":11.0},{"not_picked":["Corruption","Bloodletting"],"picked":"Flame Barrier","floor":13.0}],"player_experience":881894,"relics_obtained":[{"floor":9.0,"key":"The Courier"}],"event_choices":[{"cards_removed":["Strike_R"],"damage_healed":0.0,"max_hp_gain":0.0,"max_hp_loss":0.0,"gold_gain":0.0,"event_name":"Purifier","player_choice":"Purged","floor":2.0,"gold_loss":0.0,"damage_taken":0.0},{"damage_healed":0.0,"max_hp_gain":0.0,"max_hp_loss":0.0,"gold_gain":0.0,"event_name":"Lab","player_choice":"Got Potions","floor":8.0,"gold_loss":0.0,"damage_taken":0.0},{"damage_healed":0.0,"max_hp_gain":5.0,"max_hp_loss":0.0,"gold_gain":0.0,"event_name":"Big Fish","player_choice":"Donut","floor":14.0,"gold_loss":0.0,"damage_taken":0.0}],"is_beta":true,"boss_relics":[],"items_purged_floors":[],"is_endless":false,"potions_floor_spawned":[1,3,11],"killed_by":"Hexaghost","ascension_level":16}