{"gold_per_floor":[116,191,191,204,204,204,223,223,250,250,250,266,266,309,309,399,399,378,402,420,420],"floor_reached":21,"playtime":1162,"items_purged":[],"score":304,"play_id":"2ab0b7e4-c60c-4b66-a58b-9931000ae7bd","local_time":"20190116063227","is_ascension_mode":true,"campfire_choices":[{"data":"Bash","floor":6.0,"key":"SMITH"},{"data":"Barricade","floor":8.0,"key":"SMITH"},{"data":"Rage","floor":10.0,"key":"SMITH"},{"data":"Defend_R","floor":15.0,"key":"SMITH"}],"neow_cost":"NONE","seed_source_timestamp":471589923318733,"circlet_count":0,"master_deck":["AscendersBane","Strike_R","Strike_R","Strike_R","Strike_R","Defend_R","Defend_R","Defend_R","Defend_R+1","Bash+1","Finesse","Cleave","Fire Breathing","Rage+1","Barricade+1","Intimidate","Impervious","Battle Trance+1","Fire Breathing+1","Armaments"],"special_seed":0,"relics":["Black Blood","Oddly Smooth Stone","Golden Idol","Question Card"],"potions_floor_usage":[21],"damage_taken":[{"damage":10.0,"enemies":"Small Slimes","floor":1.0,"turns":4.0},{"damage":0.0,"enemies":"2 Louse","floor":4.0,"turns":2.0},{"damage":1.0,"enemies":"Jaw Worm","floor":7.0,"turns":4.0},{"damage":19.0,"enemies":"2 Fungi Beasts","floor":12.0,"turns":5.0},{"damage":19.0,"enemies":"Lagavulin","floor":14.0,"turns":9.0},{"damage":29.0,"enemies":"The Guardian","floor":16.0,"turns":22.0},{"damage":35.0,"enemies":"2 Thieves","floor":18.0,"turns":5.0},{"damage":14.0,"enemies":"3 Byrds","floor":19.0,"turns":9.0},{"damage":17.0,"enemies":"Snake Plant","floor":20.0,"turns":9.0},{"damage":68,"enemies":"Cultist and Chosen","floor":21,"turns":10}],"seed_played":"4072301543089940237","potions_obtained":[{"floor":7.0,"key":"Dexterity Potion"},{"floor":16.0,"key":"Weak Potion"},{"floor":18.0,"key":"FearPotion"},{"floor":19.0,"key":"EssenceOfSteel"}],"is_trial":false,"path_per_floor":["M","?","?","M","?","R","M","R","T","R","?","M","?","E","R","B",null,"M","M","M","M"],"character_chosen":"IRONCLAD","items_purchased":[],"campfire_rested":0,"item_purchase_floors":[],"current_hp_per_floor":[64,53,58,64,64,64,69,69,69,69,49,36,80,67,67,44,71,46,42,35,0],"gold":420,"neow_bonus":"RANDOM_COLORLESS","is_prod":false,"is_daily":false,"chose_seed":false,"campfire_upgraded":4,"win_rate":0,"timestamp":1547638347,"path_taken":["M","?","?","M","?","R","M","R","T","R","?","?","?","E","R","BOSS","M","M","?","M"],"build_version":"2019-01-14v2","purchased_purges":0,"victory":false,"max_hp_per_floor":[75,75,80,80,80,80,80,80,80,80,80,80,80,80,80,80,80,80,80,80,80],"card_choices":[{"not_picked":["Wild Strike","Iron Wave"],"picked":"Cleave","floor":1.0},{"not_picked":["Body Slam","Sentinel"],"picked":"Fire Breathing","floor":4.0},{"not_picked":["Clothesline","Perfected Strike"],"picked":"Barricade","floor":7.0},{"not_picked":["Clothesline","Perfected Strike","Havoc"],"picked":"SKIP","floor":12.0},{"not_picked":["True Grit","Blood for Blood"],"picked":"Intimidate","floor":14.0},{"not_picked":["Immolate","Berserk","Reaper"],"picked":"Impervious","floor":16.0},{"not_picked":["Twin Strike","Entrench","Shrug It Off"],"picked":"Battle Trance+1","floor":18.0},{"not_picked":["Twin Strike","Pommel Strike","Reckless Charge"],"picked":"Fire Breathing+1","floor":19.0},{"not_picked":["Sever Soul+1","Hemokinesis","Wild Strike"],"picked":"Armaments","floor":20.0}],"player_experience":826382,"relics_obtained":[{"floor":9.0,"key":"Oddly Smooth Stone"},{"floor":14.0,"key":"Question Card"}],"event_choices":[{"damage_healed":0.0,"max_hp_gain":0.0,"max_hp_loss":0.0,"gold_gain":75.0,"event_name":"World of Goop","player_choice":"Gather Gold","floor":2.0,"gold_loss":0.0,"damage_taken":11.0},{"damage_healed":0.0,"max_hp_gain":5.0,"max_hp_loss":0.0,"gold_gain":0.0,"event_name":"Big Fish","player_choice":"Donut","floor":3.0,"gold_loss":0.0,"damage_taken":0.0},{"damage_healed":0.0,"max_hp_gain":0.0,"max_hp_loss":0.0,"gold_gain":0.0,"cards_transformed":["Strike_R"],"event_name":"Living Wall","player_choice":"Change","floor":5.0,"gold_loss":0.0,"damage_taken":0.0,"cards_obtained":["Rage"]},{"damage_healed":0.0,"max_hp_gain":0.0,"max_hp_loss":0.0,"gold_gain":0.0,"event_name":"Golden Idol","player_choice":"Take Damage","floor":11.0,"gold_loss":0.0,"damage_taken":20.0,"relics_obtained":["Golden Idol"]},{"damage_healed":44.0,"max_hp_gain":0.0,"max_hp_loss":0.0,"gold_gain":0.0,"event_name":"Wheel of Change","player_choice":"Full Heal","floor":13.0,"gold_loss":0.0,"damage_taken":0.0}],"is_beta":true,"boss_relics":[{"not_picked":["Black Star","Velvet Choker"],"picked":"Black Blood"}],"items_purged_floors":[],"is_endless":false,"potions_floor_spawned":[7,16,18,19],"killed_by":"Cultist and Chosen","ascension_level":14}