{"path_per_floor":["M","?","M","?","$","E","M","R","T","R","M","?","$","?","R","B",null,"M","?","$","?","?"],"character_chosen":"DEFECT","items_purchased":["Lantern","Whetstone"],"gold_per_floor":[119,119,133,133,133,158,173,173,173,173,185,185,32,32,32,134,134,152,152,3,3,3,3],"floor_reached":23,"campfire_rested":0,"playtime":2166,"current_hp_per_floor":[75,75,75,75,75,75,68,68,68,68,60,60,60,57,57,42,75,43,27,27,27,27,0],"items_purged":[],"gold":3,"score":231,"play_id":"2a5c9274-fd2c-4d27-8e56-ff49dcf65645","local_time":"20180511154721","is_prod":false,"is_daily":false,"chose_seed":false,"is_ascension_mode":true,"campfire_upgraded":3,"timestamp":1526068041,"path_taken":["M","?","M","?","$","E","M","R","T","R","M","?","?","?","R","BOSS","M","?","$","?","?","E"],"build_version":"2018-05-10","seed_source_timestamp":74651529961186,"purchased_purges":2,"victory":false,"master_deck":["Strike_B+1","Strike_B","Strike_B+1","Defend_B","Defend_B","Defend_B","Defend_B","Zap","Dualcast","Glacier+1","Coolheaded","Machine Learning+1","Sweeping Beam","Ball Lightning","Glacier+1","Creative AI","Skim+1"],"max_hp_per_floor":[75,75,75,75,75,75,75,75,75,75,75,75,75,75,75,75,75,75,75,75,75,75,75],"relics":["Cracked Core","NeowsBlessing","Question Card","Bottled Lightning","Ice Cream","Lantern","Juzu Bracelet","Inserter","Nilry\u0027s Codex","Whetstone","Cables"],"card_choices":[{"not_picked":["Axe Kick","Capacitor"],"picked":"Glacier","floor":1},{"not_picked":["Beam Cell","Ball Lightning"],"picked":"Coolheaded","floor":3},{"not_picked":["Gash","Axe Kick"],"picked":"Sweeping Beam","floor":6},{"not_picked":["Double Energy","Impulse","Steam"],"picked":"Ball Lightning","floor":7},{"not_picked":["Stack","Doom and Gloom","Turbo"],"picked":"Glacier","floor":11},{"not_picked":["All For One","Thunder Strike","Seek"],"picked":"Creative AI","floor":16},{"not_picked":["Hello World","Stack","Steam"],"picked":"Skim","floor":18}],"player_experience":66563,"potions_floor_usage":[16,23],"damage_taken":[{"damage":0,"enemies":"Small Slimes","floor":1,"turns":1},{"damage":0,"enemies":"2 Louse","floor":3,"turns":1},{"damage":0,"enemies":"Gremlin Nob","floor":6,"turns":1},{"damage":7,"enemies":"Jaw Worm","floor":7,"turns":4},{"damage":8,"enemies":"3 Louse","floor":11,"turns":4},{"damage":15,"enemies":"Hexaghost","floor":16,"turns":14},{"damage":32,"enemies":"3 Byrds","floor":18,"turns":6},{"damage":44,"enemies":"Gremlin Leader","floor":23,"turns":4}],"event_choices":[{"event_name":"The Cleric","player_choice":"Leave","floor":2,"damage_taken":0},{"event_name":"Living Wall","player_choice":"Change","floor":4,"damage_taken":0},{"event_name":"Dead Adventurer","player_choice":"Searched \u00271\u0027 times","floor":12,"damage_taken":0},{"event_name":"Scrap Ooze","player_choice":"success","floor":14,"damage_taken":3},{"event_name":"Cursed Tome","player_choice":"Obtained Book","floor":19,"damage_taken":0},{"event_name":"The Mausoleum","player_choice":"Yes","floor":21,"damage_taken":0},{"event_name":"The Lab","player_choice":"Got Potions","floor":22,"damage_taken":0}],"boss_relics":[{"not_picked":["Sozu","Astrolabe"],"picked":"Inserter"}],"potions_floor_spawned":[7,16,18],"seed_played":"341855464933664538","killed_by":"Gremlin Leader","ascension_level":2,"is_trial":false}