{"gold_per_floor":[116,41,41,41,41,41,59,74,74,95,14,14,39,53,53,53],"floor_reached":16,"playtime":499,"items_purged":[],"score":175,"play_id":"bcd33b8c-1a14-4a8a-b9eb-f69dbff4ce15","local_time":"20190206153925","is_ascension_mode":true,"campfire_choices":[{"data":"Genetic Algorithm","floor":6.0,"key":"SMITH"},{"floor":12.0,"key":"REST"},{"floor":15.0,"key":"REST"}],"neow_cost":"NONE","seed_source_timestamp":698049800186404,"circlet_count":0,"master_deck":["AscendersBane","Strike_B","Strike_B","Strike_B","Defend_B","Defend_B","Defend_B","Defend_B","Zap","Dualcast","Seek","Genetic Algorithm+1","Storm","Doom and Gloom","Loop","Capacitor","Reprogram","Leap"],"special_seed":0,"relics":["Cracked Core","Golden Idol","Mummified Hand"],"potions_floor_usage":[16],"damage_taken":[{"damage":4.0,"enemies":"Jaw Worm","floor":1.0,"turns":4.0},{"damage":1.0,"enemies":"Small Slimes","floor":7.0,"turns":3.0},{"damage":3.0,"enemies":"Cultist","floor":8.0,"turns":4.0},{"damage":27.0,"enemies":"Gremlin Gang","floor":10.0,"turns":5.0},{"damage":11.0,"enemies":"Large Slime","floor":13.0,"turns":4.0},{"damage":16.0,"enemies":"Exordium Wildlife","floor":14.0,"turns":4.0},{"damage":40,"enemies":"Hexaghost","floor":16,"turns":9}],"seed_played":"54961103855080081","potions_obtained":[{"floor":1.0,"key":"GamblersBrew"},{"floor":13.0,"key":"SteroidPotion"}],"is_trial":false,"path_per_floor":["M","?","?","?","?","R","M","M","T","M","$","R","M","M","R","B"],"character_chosen":"DEFECT","items_purchased":["Capacitor"],"campfire_rested":2,"item_purchase_floors":[11],"current_hp_per_floor":[60,60,60,53,53,53,52,49,49,22,22,43,32,16,37,0],"gold":53,"neow_bonus":"ONE_RANDOM_RARE_CARD","is_prod":false,"is_daily":false,"chose_seed":false,"campfire_upgraded":1,"win_rate":0,"timestamp":1549485565,"path_taken":["M","?","?","?","?","R","?","M","T","M","?","R","?","M","R","BOSS"],"build_version":"2019-01-23","purchased_purges":0,"victory":false,"max_hp_per_floor":[71,71,71,71,71,71,71,71,71,71,71,71,71,71,71,71],"card_choices":[{"not_picked":["Ball Lightning","Gash"],"picked":"Genetic Algorithm","floor":1.0},{"not_picked":["Compile Driver","Beam Cell"],"picked":"Storm","floor":7.0},{"not_picked":["Coolheaded","Steam"],"picked":"Doom and Gloom","floor":8.0},{"not_picked":["Rebound","Lockon"],"picked":"Loop","floor":10.0},{"not_picked":["Rip and Tear","Beam Cell"],"picked":"Reprogram","floor":13.0},{"not_picked":["Blizzard","Compile Driver"],"picked":"Leap","floor":14.0}],"player_experience":921113,"relics_obtained":[{"floor":9.0,"key":"Mummified Hand"}],"event_choices":[{"cards_removed":["Strike_B"],"damage_healed":0.0,"max_hp_gain":0.0,"max_hp_loss":0.0,"gold_gain":0.0,"event_name":"The Cleric","player_choice":"Card Removal","floor":2.0,"gold_loss":75.0,"damage_taken":0.0},{"damage_healed":0.0,"max_hp_gain":0.0,"max_hp_loss":0.0,"gold_gain":0.0,"event_name":"Golden Idol","player_choice":"Take Wound","floor":3.0,"gold_loss":0.0,"damage_taken":0.0,"relics_obtained":["Golden Idol"],"cards_obtained":["Injury"]},{"cards_removed":["Injury"],"damage_healed":0.0,"max_hp_gain":0.0,"max_hp_loss":0.0,"gold_gain":0.0,"event_name":"Golden Wing","player_choice":"Card Removal","floor":4.0,"gold_loss":0.0,"damage_taken":7.0},{"damage_healed":0.0,"max_hp_gain":0.0,"max_hp_loss":0.0,"gold_gain":0.0,"event_name":"Liars Game","player_choice":"Ignored","floor":5.0,"gold_loss":0.0,"damage_taken":0.0}],"is_beta":true,"boss_relics":[],"items_purged_floors":[],"is_endless":false,"potions_floor_spawned":[1,13],"killed_by":"Hexaghost","ascension_level":18}