{"gold_per_floor":[109,121,137,69,80,106,126,152,201,301,312,328,360,373,373,473,473,490,191,204,218,218,248,268,268,268,268,268,268,284,284,284,389,389,400,411,411,429,529,529,558,558,638,649,21,21,21,52,64,76],"floor_reached":50,"playtime":2331,"items_purged":[],"score":621,"play_id":"19a5fdc8-d6f7-4f01-b774-20ce6eeb0d8b","local_time":"20190615180733","is_ascension_mode":true,"campfire_choices":[{"floor":15.0,"key":"REST"},{"floor":27,"key":"REST"},{"floor":29,"key":"RECALL"},{"floor":32,"key":"REST"},{"floor":40,"key":"REST"},{"floor":46,"key":"REST"},{"floor":47,"key":"REST"},{"floor":49,"key":"REST"}],"neow_cost":"NONE","seed_source_timestamp":0,"circlet_count":0,"master_deck":["Strike_B","Strike_B","Strike_B+1","Strike_B","Defend_B","Defend_B","Defend_B","Zap","Dualcast","Consume","Cold Snap","Chill","Doom and Gloom","Ball Lightning","Beam Cell+1","Go for the Eyes","Buffer","Gash","Turbo","Thunder Strike","Coolheaded","Echo Form","Leap+1","Static Discharge","Cold Snap","Sunder","Gash","Necronomicurse","Decay","Doom and Gloom","Rainbow","Turbo+1","Storm","Madness","Madness","Storm","Darkness+1","Double Energy+1","Defragment","Chaos","Go for the Eyes+1"],"special_seed":0,"relics":["Cracked Core","Mercury Hourglass","Mango","Whetstone","Bottled Lightning","Fusion Hammer","Boot","Oddly Smooth Stone","Anchor","Necronomicon","Vajra","Eternal Feather","WingedGreaves","Orichalcum","Question Card","Cables","Meat on the Bone","MawBank"],"potions_floor_usage":[21,33,33,41,44,44,50],"damage_taken":[{"damage":1.0,"enemies":"Cultist","floor":1.0,"turns":3.0},{"damage":11.0,"enemies":"Small Slimes","floor":2.0,"turns":3.0},{"damage":4.0,"enemies":"2 Louse","floor":3.0,"turns":2.0},{"damage":13.0,"enemies":"Blue Slaver","floor":5.0,"turns":3.0},{"damage":8.0,"enemies":"3 Sentries","floor":6.0,"turns":6.0},{"damage":5.0,"enemies":"3 Louse","floor":7.0,"turns":2.0},{"damage":7.0,"enemies":"Lagavulin","floor":8.0,"turns":6.0},{"damage":2.0,"enemies":"Looter","floor":11.0,"turns":2.0},{"damage":0.0,"enemies":"2 Fungi Beasts","floor":12.0,"turns":2.0},{"damage":14.0,"enemies":"Gremlin Nob","floor":13.0,"turns":3.0},{"damage":0.0,"enemies":"Large Slime","floor":14.0,"turns":3.0},{"damage":1.0,"enemies":"Slime Boss","floor":16.0,"turns":9.0},{"damage":0,"enemies":"Chosen","floor":18,"turns":4},{"damage":20,"enemies":"2 Thieves","floor":20,"turns":3},{"damage":13,"enemies":"Shelled Parasite and Fungi","floor":21,"turns":6},{"damage":36,"enemies":"Book of Stabbing","floor":23,"turns":5},{"damage":4,"enemies":"Snecko","floor":24,"turns":5},{"damage":6,"enemies":"3 Cultists","floor":30,"turns":3},{"damage":30,"enemies":"Collector","floor":33,"turns":9},{"damage":16,"enemies":"3 Darklings","floor":35,"turns":3},{"damage":1,"enemies":"3 Shapes","floor":36,"turns":5},{"damage":29,"enemies":"Sphere and 2 Shapes","floor":38,"turns":4},{"damage":0,"enemies":"Mind Bloom Boss Battle","floor":39,"turns":6},{"damage":65,"enemies":"Nemesis","floor":41,"turns":7},{"damage":0,"enemies":"3 Darklings","floor":44,"turns":2},{"damage":83,"enemies":"Giant Head","floor":48,"turns":9},{"damage":74,"enemies":"Awakened One","floor":50,"turns":6}],"seed_played":"3376961369945134025","potions_obtained":[{"floor":1.0,"key":"Dexterity Potion"},{"floor":3.0,"key":"EssenceOfSteel"},{"floor":6.0,"key":"SteroidPotion"},{"floor":8.0,"key":"Regen Potion"},{"floor":11.0,"key":"Strength Potion"},{"floor":30,"key":"LiquidBronze"},{"floor":33,"key":"Dexterity Potion"},{"floor":39,"key":"Block Potion"},{"floor":48,"key":"Poison Potion"}],"is_trial":false,"path_per_floor":["M","M","M","$","M","E","M","E","T","?","M","M","E","M","R","B",null,"M","$","M","M","?","E","M","?","T","R","?","R","M","T","R","B",null,"M","M","?","M","?","R","E","?","T","M","$","R","R","E","R","B"],"character_chosen":"DEFECT","items_purchased":["Doom and Gloom","Boot","Oddly Smooth Stone","Cables","Meat on the Bone","Defragment","Chaos"],"campfire_rested":7,"item_purchase_floors":[4,19,19,45,45,45,45],"current_hp_per_floor":[74,63,59,59,46,38,33,40,40,40,38,38,24,24,50,49,89,89,89,69,71,71,35,31,15,15,41,41,41,35,35,61,31,89,73,72,61,32,32,79,14,14,14,14,14,64,89,18,68,0],"gold":76,"neow_bonus":"REMOVE_CARD","is_prod":false,"is_daily":false,"chose_seed":false,"campfire_upgraded":0,"win_rate":0,"timestamp":1560636453,"path_taken":["M","?","?","?","M","E","M","E","T","?","M","M","E","M","R","BOSS","M","$","M","M","?","E","M","?","T","R","?","R","M","?","R","BOSS","M","M","?","M","?","R","E","?","T","M","$","R","R","E","R","BOSS"],"build_version":"2019-01-23","purchased_purges":0,"victory":false,"max_hp_per_floor":[75,75,75,75,75,75,75,89,89,89,89,89,89,89,89,89,89,89,89,89,89,89,89,89,89,89,89,89,89,89,89,89,89,89,89,89,89,89,89,89,89,89,89,89,89,89,89,89,89,89],"card_choices":[{"not_picked":["Heatsinks","Reinforced Body"],"picked":"Consume","floor":1.0},{"not_picked":["Scrape","Leap"],"picked":"Cold Snap","floor":2.0},{"not_picked":["Streamline","Conserve Battery"],"picked":"Chill","floor":3.0},{"not_picked":["Conserve Battery","Force Field"],"picked":"Ball Lightning","floor":5.0},{"not_picked":["Ball Lightning","Cold Snap"],"picked":"Beam Cell","floor":6.0},{"not_picked":["Stack","Compile Driver"],"picked":"Go for the Eyes","floor":7.0},{"not_picked":["Meteor Strike","Recycle"],"picked":"Buffer","floor":8.0},{"not_picked":["Consume","Streamline"],"picked":"Gash","floor":11.0},{"not_picked":["Streamline","Ball Lightning"],"picked":"Turbo","floor":12.0},{"not_picked":["Thunder Strike","Conserve Battery","Rebound"],"picked":"SKIP","floor":13.0},{"not_picked":["Conserve Battery","Rebound"],"picked":"Thunder Strike","floor":13.0},{"not_picked":["White Noise","Ball Lightning"],"picked":"Coolheaded","floor":14.0},{"not_picked":["Fission","Biased Cognition"],"picked":"Echo Form","floor":16.0},{"not_picked":["White Noise","Cold Snap+1"],"picked":"Leap+1","floor":18},{"not_picked":["Steam","Leap"],"picked":"Static Discharge","floor":20},{"not_picked":["Stack","Ball Lightning"],"picked":"Cold Snap","floor":21},{"not_picked":["Reprogram","White Noise"],"picked":"Sunder","floor":23},{"not_picked":["Loop","Redo"],"picked":"Gash","floor":24},{"not_picked":["Sweeping Beam","Self Repair"],"picked":"Doom and Gloom","floor":30},{"not_picked":["All For One","Fission"],"picked":"Rainbow","floor":33},{"not_picked":["Compile Driver+1","Sweeping Beam+1"],"picked":"Turbo+1","floor":35},{"not_picked":["White Noise+1","Cold Snap"],"picked":"Storm","floor":36},{"not_picked":["Consume","Barrage+1","Compile Driver+1"],"picked":"SKIP","floor":38},{"not_picked":["Conserve Battery","Cold Snap"],"picked":"Storm","floor":39},{"not_picked":["Heatsinks","Auto Shields"],"picked":"Darkness+1","floor":41},{"not_picked":["Go for the Eyes+1","Leap+1","Rainbow"],"picked":"Double Energy+1","floor":44},{"not_picked":["Meteor Strike","Turbo+1","Leap+1"],"picked":"Go for the Eyes+1","floor":48}],"player_experience":480025,"relics_obtained":[{"floor":6.0,"key":"Mercury Hourglass"},{"floor":8.0,"key":"Mango"},{"floor":9.0,"key":"Whetstone"},{"floor":13.0,"key":"Bottled Lightning"},{"floor":23,"key":"Anchor"},{"floor":25,"key":"Necronomicon"},{"floor":31,"key":"Vajra"},{"floor":39,"key":"WingedGreaves"},{"floor":41,"key":"Orichalcum"},{"floor":43,"key":"Question Card"},{"floor":48,"key":"MawBank"}],"event_choices":[{"damage_healed":0.0,"max_hp_gain":0.0,"max_hp_loss":0.0,"gold_gain":100.0,"event_name":"Golden Shrine","player_choice":"Pray","floor":10.0,"gold_loss":0.0,"damage_taken":0.0},{"damage_healed":0,"gold_gain":0,"player_choice":"Ignored","damage_taken":0,"max_hp_gain":0,"max_hp_loss":0,"event_name":"Ghosts","floor":22,"gold_loss":0},{"damage_healed":0,"gold_gain":0,"player_choice":"Obtained Book","damage_taken":16,"max_hp_gain":0,"max_hp_loss":0,"event_name":"Cursed Tome","floor":25,"gold_loss":0},{"damage_healed":0,"gold_gain":0,"player_choice":"Smashed Altar","damage_taken":0,"max_hp_gain":0,"max_hp_loss":0,"event_name":"Forgotten Altar","floor":28,"gold_loss":0,"cards_obtained":["Decay"]},{"damage_healed":0,"gold_gain":0,"player_choice":"Embrace Madness","damage_taken":11,"max_hp_gain":0,"max_hp_loss":0,"event_name":"Winding Halls","floor":37,"gold_loss":0,"cards_obtained":["Madness","Madness"]},{"damage_healed":0,"gold_gain":0,"player_choice":"Fight","damage_taken":0,"max_hp_gain":0,"max_hp_loss":0,"event_name":"MindBloom","floor":39,"gold_loss":0},{"damage_healed":0,"gold_gain":0,"player_choice":"Ignored","damage_taken":0,"max_hp_gain":0,"max_hp_loss":0,"event_name":"Mysterious Sphere","floor":42,"gold_loss":0}],"is_beta":false,"boss_relics":[{"not_picked":["Ectoplasm","Coffee Dripper"],"picked":"Fusion Hammer"},{"not_picked":["Black Star","Astrolabe"],"picked":"Eternal Feather"}],"items_purged_floors":[],"is_endless":false,"potions_floor_spawned":[1,3,6,8,11,16,18,30,33,39,48],"killed_by":"Awakened One","ascension_level":1}