{"gold_per_floor":[110,127,302,12,28,28,58,77,77,2,2],"floor_reached":11,"playtime":280,"items_purged":["Doubt"],"score":124,"play_id":"e31445aa-81c0-4116-9142-083b9545b29d","local_time":"20190721014321","is_ascension_mode":true,"campfire_choices":[{"data":"Infernal Blade","floor":6,"key":"SMITH"}],"neow_cost":"CURSE","seed_source_timestamp":182136558291400,"circlet_count":0,"master_deck":["AscendersBane","Strike_R","Strike_R","Strike_R","Strike_R","Strike_R","Defend_R","Defend_R","Defend_R","Defend_R","Bash","Shame","Rampage","Infernal Blade+1","Clothesline","Blood for Blood","Wild Strike"],"relics":["Burning Blood","StoneCalendar","Incense Burner","Question Card","Toxic Egg 2"],"potions_floor_usage":[11,11],"damage_taken":[{"damage":4,"enemies":"Small Slimes","floor":1,"turns":4},{"damage":7,"enemies":"2 Louse","floor":2,"turns":3},{"damage":9,"enemies":"Jaw Worm","floor":5,"turns":2},{"damage":48,"enemies":"3 Sentries","floor":7,"turns":7},{"damage":1,"enemies":"Exordium Wildlife","floor":8,"turns":2},{"damage":30,"enemies":"Lagavulin","floor":11,"turns":3}],"seed_played":"8988861801216221944","potions_obtained":[{"floor":2,"key":"Strength Potion"},{"floor":5,"key":"FearPotion"}],"is_trial":false,"path_per_floor":["M","M","?","$","M","R","E","M","T","$","E"],"character_chosen":"IRONCLAD","items_purchased":["Incense Burner"],"campfire_rested":0,"item_purchase_floors":[4],"current_hp_per_floor":[70,69,69,69,66,66,24,29,29,29,0],"gold":2,"neow_bonus":"ONE_RARE_RELIC","is_prod":false,"is_daily":false,"chose_seed":false,"campfire_upgraded":1,"win_rate":0,"timestamp":1563687801,"path_taken":["M","M","?","$","M","R","E","M","T","$","E"],"build_version":"2019-07-17","purchased_purges":1,"victory":false,"max_hp_per_floor":[75,75,75,75,75,75,75,75,75,75,75],"card_choices":[{"not_picked":["Carnage","Armaments"],"picked":"Rampage","floor":1},{"not_picked":["Wild Strike","Body Slam"],"picked":"Infernal Blade","floor":2},{"not_picked":["Wild Strike","Searing Blow"],"picked":"Clothesline","floor":5},{"not_picked":["Second Wind","Hemokinesis"],"picked":"Blood for Blood","floor":7},{"not_picked":["Power Through","Searing Blow","Fire Breathing"],"picked":"Wild Strike","floor":8}],"player_experience":673601,"relics_obtained":[{"floor":7,"key":"Question Card"},{"floor":9,"key":"Toxic Egg 2"}],"event_choices":[{"damage_healed":0,"gold_gain":175,"player_choice":"AGREE","damage_taken":0,"max_hp_gain":0,"max_hp_loss":0,"event_name":"Liars Game","floor":3,"gold_loss":0,"cards_obtained":["Doubt"]}],"is_beta":false,"boss_relics":[],"items_purged_floors":[10],"is_endless":false,"potions_floor_spawned":[2,5],"killed_by":"Lagavulin","ascension_level":14}