{"path_per_floor":["M","M","?","M","?","R","M","E","T","M","M","R","?","?","R","B",null,"M","$","M","M","?","R","E","M","T","?"],"character_chosen":"DEFECT","items_purchased":["FTL","Bandage Up","Bag of Preparation","Reinforced Body","Loop"],"gold_per_floor":[114,132,132,142,242,242,255,289,316,335,354,354,354,354,354,450,450,465,10,25,38,38,38,63,81,131,131,131],"floor_reached":28,"campfire_rested":3,"playtime":3264,"item_purchase_floors":[19,19,19,19,19],"current_hp_per_floor":[75,72,72,65,65,65,55,37,37,35,35,57,24,24,46,16,75,63,63,44,34,18,40,2,6,6,6,0],"items_purged":[],"gold":131,"score":240,"play_id":"f9ad1834-5380-480a-bf4b-4f7052d47139","local_time":"20180610101442","is_prod":false,"is_daily":false,"chose_seed":false,"is_ascension_mode":false,"campfire_upgraded":1,"win_rate":0.0,"timestamp":1528640082,"campfire_choices":[{"data":"Zap","floor":6.0,"key":"SMITH"},{"floor":12,"key":"REST"},{"floor":15,"key":"REST"},{"floor":23,"key":"REST"}],"path_taken":["M","M","?","M","?","R","M","E","T","M","M","R","?","?","R","BOSS","M","$","M","M","?","R","E","M","T","?","E"],"build_version":"2018-06-07v3","seed_source_timestamp":0,"purchased_purges":0,"victory":false,"master_deck":["Strike_B+1","Strike_B","Strike_B+1","Defend_B","Defend_B","Defend_B","Defend_B","Zap+1","Dualcast","Glacier","Conserve Battery","Skim","Doom and Gloom","Go for the Eyes","Lockon","Gash","Beam Cell","Aggregate","Buffer","Ball Lightning","FTL","Bandage Up","Reinforced Body","Loop","Ball Lightning","Stack","Hologram","BootSequence"],"max_hp_per_floor":[75,75,75,75,75,75,75,75,75,75,75,75,75,75,75,75,75,75,75,75,75,75,75,75,75,75,75,75],"relics":["Cracked Core","Lantern","Whetstone","Vajra","Busted Crown","Bag of Preparation","Nilry\u0027s Codex","Bronze Scales","Ancient Tea Set"],"card_choices":[{"not_picked":["Stack","Redo"],"picked":"Glacier","floor":0.0},{"not_picked":["Beam Cell","Darkness"],"picked":"Conserve Battery","floor":1.0},{"not_picked":["Redo","Rebound"],"picked":"Skim","floor":2.0},{"not_picked":["Echo Form","Sweeping Beam"],"picked":"Go for the Eyes","floor":4.0},{"not_picked":["White Noise","Heatsinks"],"picked":"Lockon","floor":7.0},{"not_picked":["Conserve Battery","Ball Lightning"],"picked":"Gash","floor":8.0},{"not_picked":["Stack","Cold Snap"],"picked":"Beam Cell","floor":10},{"not_picked":["Stack","Conserve Battery"],"picked":"Aggregate","floor":11},{"not_picked":["Fission","Creative AI"],"picked":"Buffer","floor":16},{"not_picked":[],"picked":"Ball Lightning","floor":18},{"not_picked":[],"picked":"Ball Lightning","floor":20},{"not_picked":[],"picked":"Stack","floor":21},{"not_picked":[],"picked":"Hologram","floor":24},{"not_picked":[],"picked":"BootSequence","floor":25}],"player_experience":29143,"potions_floor_usage":[10,16,16,20,24,24,25],"damage_taken":[{"damage":0.0,"enemies":"Small Slimes","floor":1.0,"turns":3.0},{"damage":3.0,"enemies":"Cultist","floor":2.0,"turns":4.0},{"damage":7.0,"enemies":"2 Louse","floor":4.0,"turns":2.0},{"damage":10.0,"enemies":"Exordium Thugs","floor":7.0,"turns":3.0},{"damage":18.0,"enemies":"Gremlin Nob","floor":8.0,"turns":5.0},{"damage":2,"enemies":"Lots of Slimes","floor":10,"turns":3},{"damage":0,"enemies":"2 Fungi Beasts","floor":11,"turns":3},{"damage":30,"enemies":"Hexaghost","floor":16,"turns":10},{"damage":12,"enemies":"Spheric Guardian","floor":18,"turns":4},{"damage":23,"enemies":"2 Thieves","floor":20,"turns":4},{"damage":14,"enemies":"Snake Plant","floor":21,"turns":3},{"damage":42,"enemies":"Gremlin Leader","floor":24,"turns":6},{"damage":0,"enemies":"Centurion and Healer","floor":25,"turns":6},{"damage":10,"enemies":"Book of Stabbing","floor":28,"turns":5}],"relics_obtained":[{"floor":8.0,"key":"Lantern"},{"floor":9,"key":"Whetstone"},{"floor":22,"key":"Nilry\u0027s Codex"},{"floor":24,"key":"Bronze Scales"},{"floor":26,"key":"Ancient Tea Set"}],"event_choices":[{"event_name":"Transmorgrifier","player_choice":"Transform","floor":3.0,"damage_taken":0.0},{"event_name":"Golden Shrine","player_choice":"Pray","floor":5.0,"damage_taken":0.0},{"event_name":"Scrap Ooze","player_choice":"success","floor":13,"damage_taken":33},{"event_name":"Golden Wing","player_choice":"Ignored","floor":14,"damage_taken":0},{"event_name":"Cursed Tome","player_choice":"Obtained Book","floor":22,"damage_taken":0},{"event_name":"The Mausoleum","player_choice":"No","floor":27,"damage_taken":0}],"boss_relics":[{"not_picked":["Runic Dome","Sozu"],"picked":"Busted Crown"}],"items_purged_floors":[],"potions_floor_spawned":[2,7,10,16,18,20,24],"seed_played":"-6282529352888349127","killed_by":"Book of Stabbing","ascension_level":0,"potions_obtained":[{"floor":2.0,"key":"Strength Potion"},{"floor":7.0,"key":"SkillPotion"},{"floor":10,"key":"SkillPotion"},{"floor":16,"key":"SkillPotion"},{"floor":18,"key":"GamblersBrew"},{"floor":20,"key":"Poison Potion"},{"floor":24,"key":"Dexterity Potion"}],"is_trial":false}