{"gold_per_floor":[117,117,117,169,193,224,224,21,44,62,135,176,176,27,27,158,158,172,172,272,288,306,344,359,359,359,374,299,299,2,16,16,16],"floor_reached":33,"playtime":1606,"items_purged":["Writhe"],"score":273,"play_id":"ec4a5198-6614-4b7a-bd77-041c985831fd","local_time":"20190706153132","is_ascension_mode":false,"campfire_choices":[{"floor":7,"key":"REST"},{"data":"Sunder","floor":15,"key":"SMITH"},{"data":"Echo Form","floor":25,"key":"SMITH"},{"data":"Loop","floor":29,"key":"SMITH"},{"data":"Redo","floor":32,"key":"SMITH"}],"neow_cost":"TEN_PERCENT_HP_LOSS","seed_source_timestamp":1256893771035533,"circlet_count":0,"master_deck":["Strike_B","Strike_B","Defend_B","Defend_B","Defend_B","Defend_B","Zap","Dualcast","Self Repair","Go for the Eyes","Redo+1","Ball Lightning","Self Repair","Conserve Battery","Sunder+1","Echo Form+1","FTL","Hologram","Self Repair","Loop+1"],"relics":["Cracked Core","Art of War","Golden Idol","Bag of Marbles","PreservedInsect","Anchor","Vajra","Dream Catcher","Pantograph","Blood Vial","Sozu","FossilizedHelix","Bottled Tornado","Singing Bowl","Calipers"],"potions_floor_usage":[6],"damage_taken":[{"damage":0,"enemies":"2 Louse","floor":1,"turns":2},{"damage":5,"enemies":"Jaw Worm","floor":5,"turns":4},{"damage":40,"enemies":"Gremlin Nob","floor":6,"turns":5},{"damage":2,"enemies":"Small Slimes","floor":10,"turns":3},{"damage":18,"enemies":"Gremlin Nob","floor":11,"turns":3},{"damage":15,"enemies":"3 Sentries","floor":12,"turns":5},{"damage":40,"enemies":"Slime Boss","floor":16,"turns":11},{"damage":27,"enemies":"3 Byrds","floor":18,"turns":4},{"damage":0,"enemies":"Chosen","floor":21,"turns":3},{"damage":11,"enemies":"Centurion and Healer","floor":22,"turns":8},{"damage":21,"enemies":"Book of Stabbing","floor":23,"turns":4},{"damage":21,"enemies":"Shelled Parasite and Fungi","floor":24,"turns":7},{"damage":0,"enemies":"Snecko","floor":27,"turns":4},{"damage":7,"enemies":"Centurion and Healer","floor":31,"turns":7},{"damage":73,"enemies":"Automaton","floor":33,"turns":6}],"seed_played":"-823979246210022410","potions_obtained":[{"floor":1,"key":"Regen Potion"},{"floor":11,"key":"SteroidPotion"}],"is_trial":false,"path_per_floor":["M","?","?","T","M","E","R","$","T","M","?","E","?","$","R","B",null,"M","?","?","M","M","E","M","R","T","M","$","R","$","M","R","B"],"character_chosen":"DEFECT","items_purchased":["Ball Lightning","Anchor","Blood Vial","Calipers"],"campfire_rested":1,"item_purchase_floors":[8,8,14,30],"current_hp_per_floor":[68,43,26,26,28,9,29,29,29,34,30,29,29,29,29,16,68,55,55,55,68,68,61,68,68,68,68,68,68,68,70,70,0],"gold":16,"neow_bonus":"REMOVE_TWO","is_prod":false,"is_daily":false,"chose_seed":false,"campfire_upgraded":4,"win_rate":0,"timestamp":1562445092,"path_taken":["M","?","?","?","M","E","R","$","T","M","?","E","?","$","R","BOSS","M","?","?","M","M","E","M","R","T","?","?","R","$","M","R","BOSS"],"build_version":"2019-07-05","purchased_purges":1,"victory":false,"max_hp_per_floor":[68,68,68,68,68,68,68,68,68,68,68,68,68,68,68,68,68,68,68,68,68,68,68,68,68,68,68,68,68,68,70,70,70],"card_choices":[{"not_picked":["Consume","Sweeping Beam"],"picked":"Self Repair","floor":1},{"not_picked":["Rebound","Genetic Algorithm"],"picked":"Go for the Eyes","floor":5},{"not_picked":["Genetic Algorithm","Rip and Tear"],"picked":"Redo","floor":6},{"not_picked":["Tempest","Consume"],"picked":"Self Repair","floor":10},{"not_picked":["Stack","Heatsinks"],"picked":"Conserve Battery","floor":11},{"not_picked":["Leap","Genetic Algorithm"],"picked":"Sunder","floor":12},{"not_picked":["Creative AI","Hyperbeam"],"picked":"Echo Form","floor":16},{"not_picked":["Redo+1","Coolheaded","Ball Lightning"],"picked":"SKIP","floor":18},{"not_picked":["Sweeping Beam","Stack+1"],"picked":"FTL","floor":21},{"not_picked":["Stack","Go for the Eyes"],"picked":"Hologram","floor":22},{"not_picked":["Coolheaded","Reprogram"],"picked":"Self Repair","floor":23},{"not_picked":["Coolheaded+1","Leap","Rebound"],"picked":"SKIP","floor":24},{"not_picked":["Scrape","Hologram"],"picked":"Loop","floor":27},{"not_picked":["Seek","Compile Driver+1","Gash"],"picked":"Singing Bowl","floor":31}],"player_experience":128498,"relics_obtained":[{"floor":4,"key":"Bag of Marbles"},{"floor":6,"key":"PreservedInsect"},{"floor":12,"key":"Dream Catcher"},{"floor":23,"key":"Bottled Tornado"},{"floor":26,"key":"Singing Bowl"}],"event_choices":[{"damage_healed":0,"gold_gain":0,"player_choice":"Success","damage_taken":25,"relics_obtained":["Art of War"],"max_hp_gain":0,"max_hp_loss":0,"event_name":"Scrap Ooze","floor":2,"gold_loss":0},{"damage_healed":0,"gold_gain":0,"player_choice":"Take Damage","damage_taken":17,"relics_obtained":["Golden Idol"],"max_hp_gain":0,"max_hp_loss":0,"event_name":"Golden Idol","floor":3,"gold_loss":0},{"damage_healed":0,"gold_gain":30,"player_choice":"Searched \u00273\u0027 times","damage_taken":0,"relics_obtained":["Vajra"],"max_hp_gain":0,"max_hp_loss":0,"event_name":"Dead Adventurer","floor":11,"gold_loss":0},{"damage_healed":0,"gold_gain":0,"player_choice":"Gave Potion","damage_taken":0,"relics_obtained":["Pantograph"],"max_hp_gain":0,"max_hp_loss":0,"event_name":"WeMeetAgain","floor":13,"gold_loss":0},{"damage_healed":0,"gold_gain":0,"player_choice":"Opened","damage_taken":0,"relics_obtained":["FossilizedHelix"],"max_hp_gain":0,"max_hp_loss":0,"event_name":"The Mausoleum","floor":19,"gold_loss":0,"cards_obtained":["Writhe"]},{"damage_healed":0,"gold_gain":100,"player_choice":"Pray","damage_taken":0,"max_hp_gain":0,"max_hp_loss":0,"event_name":"Golden Shrine","floor":20,"gold_loss":0}],"is_beta":false,"boss_relics":[{"not_picked":["Runic Dome","Empty Cage"],"picked":"Sozu"}],"items_purged_floors":[28],"is_endless":false,"potions_floor_spawned":[1,11,18,22],"killed_by":"Automaton","ascension_level":0}