{"gold_per_floor":[114,114,114,128,128,161,161,189,269,269,269,283,294,307,307,307],"floor_reached":16,"playtime":414,"items_purged":[],"score":220,"play_id":"e99981fe-0b9d-455f-9618-909d59075800","local_time":"20190407180435","is_ascension_mode":true,"campfire_choices":[{"floor":7.0,"key":"REST"},{"floor":10.0,"key":"REST"},{"data":"1","floor":15,"key":"LIFT"}],"neow_cost":"CURSE","seed_source_timestamp":76691709424196,"circlet_count":0,"master_deck":["AscendersBane","Strike_B","Strike_B","Strike_B","Defend_B","Defend_B","Defend_B","Defend_B","Zap","Dualcast","Clumsy","Go for the Eyes","Rip and Tear","Amplify","Blizzard","Compile Driver","Sweeping Beam","Rip and Tear","Loop"],"special_seed":0,"relics":["Cracked Core","Girya","Regal Pillow","Orichalcum","Singing Bowl"],"potions_floor_usage":[14,16],"damage_taken":[{"damage":9.0,"enemies":"Jaw Worm","floor":1.0,"turns":3.0},{"damage":7.0,"enemies":"Small Slimes","floor":4.0,"turns":4.0},{"damage":37.0,"enemies":"Lagavulin","floor":6.0,"turns":6.0},{"damage":26.0,"enemies":"Gremlin Nob","floor":8.0,"turns":4.0},{"damage":8,"enemies":"2 Louse","floor":12,"turns":2},{"damage":13,"enemies":"Large Slime","floor":13,"turns":4},{"damage":8,"enemies":"Lots of Slimes","floor":14,"turns":3},{"damage":46,"enemies":"The Guardian","floor":16,"turns":8}],"seed_played":"-3238034614621634204","potions_obtained":[{"floor":6.0,"key":"PowerPotion"},{"floor":8.0,"key":"SkillPotion"},{"floor":12,"key":"FocusPotion"},{"floor":14,"key":"Energy Potion"}],"is_trial":false,"path_per_floor":["M","?","?","M","?","E","R","E","T","R","?","M","M","M","R","B"],"character_chosen":"DEFECT","items_purchased":[],"campfire_rested":2,"item_purchase_floors":[],"current_hp_per_floor":[55,60,60,53,53,16,53,27,27,64,64,58,45,39,39,0],"gold":307,"neow_bonus":"ONE_RARE_RELIC","is_prod":false,"is_daily":false,"chose_seed":false,"campfire_upgraded":0,"win_rate":0,"timestamp":1554674675,"path_taken":["M","?","?","M","?","E","R","E","T","R","?","?","M","M","R","BOSS"],"build_version":"2019-04-04","purchased_purges":0,"victory":false,"max_hp_per_floor":[71,76,76,76,76,76,76,76,76,76,76,78,78,80,80,80],"card_choices":[{"not_picked":["Streamline","Skim"],"picked":"Go for the Eyes","floor":1.0},{"not_picked":["Coolheaded","Streamline"],"picked":"Rip and Tear","floor":4.0},{"not_picked":["Darkness","Hologram"],"picked":"Blizzard","floor":6.0},{"not_picked":["Aggregate","Skim"],"picked":"Compile Driver","floor":8.0},{"not_picked":["Hologram","Hello World","Blizzard"],"picked":"Singing Bowl","floor":12},{"not_picked":["Reinforced Body","Compile Driver"],"picked":"Loop","floor":13},{"not_picked":["Heatsinks","Sweeping Beam","Beam Cell"],"picked":"Singing Bowl","floor":14}],"player_experience":1058992,"relics_obtained":[{"floor":6.0,"key":"Regal Pillow"},{"floor":8.0,"key":"Orichalcum"},{"floor":9.0,"key":"Singing Bowl"}],"event_choices":[{"damage_healed":0.0,"max_hp_gain":5.0,"max_hp_loss":0.0,"gold_gain":0.0,"event_name":"Big Fish","player_choice":"Donut","floor":2.0,"gold_loss":0.0,"damage_taken":0.0},{"damage_healed":0.0,"max_hp_gain":0.0,"max_hp_loss":0.0,"gold_gain":0.0,"event_name":"Liars Game","player_choice":"Ignored","floor":3.0,"gold_loss":0.0,"damage_taken":0.0},{"damage_healed":0.0,"max_hp_gain":0.0,"max_hp_loss":0.0,"gold_gain":0.0,"cards_transformed":["Strike_B"],"event_name":"Living Wall","player_choice":"Change","floor":5.0,"gold_loss":0.0,"damage_taken":0.0,"cards_obtained":["Amplify"]},{"damage_healed":0,"gold_gain":0,"player_choice":"2 cards matched","damage_taken":0,"max_hp_gain":0,"max_hp_loss":0,"event_name":"Match and Keep!","floor":11,"gold_loss":0,"cards_obtained":["Sweeping Beam","Rip and Tear"]}],"is_beta":true,"boss_relics":[],"items_purged_floors":[],"is_endless":false,"potions_floor_spawned":[6,8,12,14],"killed_by":"The Guardian","ascension_level":20}