{"gold_per_floor":[117,117,117,131,150,225,225,242,242,167,187,187,187,174,174,174],"floor_reached":16,"playtime":655,"items_purged":["Strike_G"],"score":92,"play_id":"55e91c1e-16bd-4e0f-919e-b245d3cfdb97","local_time":"20181107221101","is_ascension_mode":false,"campfire_choices":[{"data":"Dodge and Roll","floor":13,"key":"SMITH"},{"floor":15,"key":"REST"}],"neow_cost":"NONE","seed_source_timestamp":19276087545368,"circlet_count":0,"master_deck":["Defend_G","Defend_G","Defend_G","Defend_G+1","Defend_G","Strike_G+1","Strike_G","Strike_G","Strike_G","Survivor","Neutralize","All Out Attack","PiercingWail","Bouncing Flask","Well Laid Plans","Dodge and Roll+1","Blur"],"relics":["Ring of the Snake","Mercury Hourglass","Question Card","Pantograph"],"potions_floor_usage":[8],"damage_taken":[{"damage":0,"enemies":"Cultist","floor":1,"turns":5},{"damage":0,"enemies":"2 Louse","floor":4,"turns":2},{"damage":0,"enemies":"Jaw Worm","floor":5,"turns":5},{"damage":1,"enemies":"Looter","floor":8,"turns":3},{"damage":4,"enemies":"Blue Slaver","floor":11,"turns":4},{"damage":3,"enemies":"Exordium Thugs","floor":14,"turns":4},{"damage":60,"enemies":"Slime Boss","floor":16,"turns":9}],"seed_played":"-5862273384326076047","potions_obtained":[{"floor":1,"key":"GamblersBrew"},{"floor":4,"key":"EssenceOfSteel"}],"is_trial":false,"path_per_floor":["M","?","?","M","M","?","?","M","T","$","M","T","R","M","R","B"],"character_chosen":"THE_SILENT","items_purchased":[],"campfire_rested":1,"item_purchase_floors":[],"current_hp_per_floor":[77,62,55,55,55,44,11,10,10,10,6,6,6,3,26,0],"gold":174,"neow_bonus":"TEN_PERCENT_HP_BONUS","is_prod":false,"is_daily":false,"chose_seed":false,"campfire_upgraded":1,"win_rate":0,"timestamp":1541646661,"path_taken":["M","?","?","M","?","?","?","M","T","?","M","?","R","M","R","BOSS"],"build_version":"2018-11-06","purchased_purges":1,"victory":false,"max_hp_per_floor":[77,77,77,77,77,77,77,77,77,77,77,77,77,77,77,77],"card_choices":[{"not_picked":["Reflex","Accuracy"],"picked":"All Out Attack","floor":1},{"not_picked":["Dagger Throw","Flying Knee"],"picked":"PiercingWail","floor":4},{"not_picked":["Prepared","Acrobatics"],"picked":"Bouncing Flask","floor":5},{"not_picked":["Backstab","Acrobatics"],"picked":"Well Laid Plans","floor":8},{"not_picked":["Dagger Throw","Riddle With Holes","Endless Agony"],"picked":"Dodge and Roll","floor":11},{"not_picked":["Dagger Spray","Flying Knee","Quick Slash"],"picked":"Blur","floor":14}],"player_experience":201676,"relics_obtained":[{"floor":9,"key":"Question Card"},{"floor":12,"key":"Pantograph"}],"event_choices":[{"damage_healed":0,"gold_gain":0,"player_choice":"Entered Light","damage_taken":15,"max_hp_gain":0,"max_hp_loss":0,"event_name":"Shining Light","floor":2,"gold_loss":0,"cards_upgraded":["Strike_G","Defend_G"]},{"damage_healed":0,"gold_gain":0,"player_choice":"Damaged","damage_taken":7,"max_hp_gain":0,"max_hp_loss":0,"event_name":"Wheel of Change","floor":3,"gold_loss":0},{"damage_healed":0,"gold_gain":75,"player_choice":"Gather Gold","damage_taken":11,"max_hp_gain":0,"max_hp_loss":0,"event_name":"World of Goop","floor":6,"gold_loss":0},{"damage_healed":0,"gold_gain":0,"player_choice":"Success","damage_taken":33,"relics_obtained":["Mercury Hourglass"],"max_hp_gain":0,"max_hp_loss":0,"event_name":"Scrap Ooze","floor":7,"gold_loss":0}],"is_beta":true,"boss_relics":[],"items_purged_floors":[10],"is_endless":false,"potions_floor_spawned":[1,4],"killed_by":"Slime Boss","ascension_level":0}