{"gold_per_floor":[111,121,132,2,2,2,17,17,17,17,31,51,61,9,9,111,111,128,128,128,145,155,155,169,169,194,207,207,221,320,30,30,30],"floor_reached":33,"playtime":2653,"items_purged":["Strike_R"],"score":241,"play_id":"ca320caf-0711-42e1-a6e3-11a59d3bced6","local_time":"20180712201831","is_ascension_mode":false,"campfire_choices":[{"data":"Bandage Up","floor":6,"key":"SMITH"},{"data":"Flex","floor":8,"key":"SMITH"},{"data":"1","floor":15,"key":"LIFT"},{"data":"2","floor":23,"key":"LIFT"},{"floor":25,"key":"REST"},{"data":"3","floor":28,"key":"LIFT"},{"floor":32,"key":"REST"}],"neow_cost":"NONE","seed_source_timestamp":160386377623714,"circlet_count":0,"master_deck":["Strike_R","Defend_R","Defend_R","Defend_R","Defend_R","Bash","Clothesline","Heavy Blade","Headbutt","Flex+1","Bandage Up+1","Rupture","Anger","Heavy Blade","Hemokinesis","Iron Wave","Immolate","Cleave","Twin Strike","Pommel Strike","Flex","Armaments","Rage","Iron Wave","Anger","Second Wind","Intimidate","Iron Wave","Power Through","Shrug It Off","Shockwave","Dropkick"],"relics":["Burning Blood","Girya","Orrery","Lantern"],"potions_floor_usage":[11,12,13,16,22,24,33,33],"damage_taken":[{"damage":0,"enemies":"2 Louse","floor":1,"turns":2},{"damage":7,"enemies":"Jaw Worm","floor":2,"turns":5},{"damage":5,"enemies":"Small Slimes","floor":3,"turns":3},{"damage":13,"enemies":"2 Fungi Beasts","floor":7,"turns":3},{"damage":37,"enemies":"Exordium Thugs","floor":11,"turns":7},{"damage":9,"enemies":"Red Slaver","floor":12,"turns":2},{"damage":15,"enemies":"Large Slime","floor":13,"turns":5},{"damage":47,"enemies":"Slime Boss","floor":16,"turns":11},{"damage":10,"enemies":"Chosen","floor":18,"turns":4},{"damage":24,"enemies":"Spheric Guardian","floor":21,"turns":4},{"damage":53,"enemies":"Cultist and Chosen","floor":22,"turns":6},{"damage":19,"enemies":"Snecko","floor":24,"turns":5},{"damage":22,"enemies":"Sentry and Sphere","floor":27,"turns":4},{"damage":16,"enemies":"Centurion and Healer","floor":29,"turns":5},{"damage":78,"enemies":"Collector","floor":33,"turns":9}],"seed_played":"899980184260748605","potions_obtained":[{"floor":3,"key":"LiquidBronze"},{"floor":11,"key":"Weak Potion"},{"floor":12,"key":"Dexterity Potion"},{"floor":16,"key":"Ancient Potion"},{"floor":21,"key":"Fruit Juice"},{"floor":29,"key":"LiquidBronze"}],"is_trial":false,"path_per_floor":["M","M","M","$","?","R","M","R","T","?","M","M","M","$","R","B",null,"M","?","?","M","M","R","M","R","T","M","R","M","?","$","R"],"character_chosen":"IRONCLAD","items_purchased":["Flex","Bandage Up","Block Potion","Shrug It Off","Shockwave","Strength Potion","Dropkick"],"campfire_rested":2,"item_purchase_floors":[4,4,14,31,31,31,31],"current_hp_per_floor":[88,87,88,88,88,88,81,81,81,74,49,52,49,49,49,14,88,88,88,88,70,34,34,27,54,54,38,38,34,34,34,61,0],"gold":30,"neow_bonus":"TEN_PERCENT_HP_BONUS","is_prod":false,"is_daily":false,"chose_seed":false,"campfire_upgraded":2,"win_rate":0.0,"timestamp":1531441111,"path_taken":["M","M","M","$","?","R","M","R","T","?","?","M","M","$","R","BOSS","M","?","?","M","M","R","M","R","T","M","R","M","?","$","R","BOSS"],"build_version":"2018-07-05","purchased_purges":1,"victory":false,"max_hp_per_floor":[88,88,88,88,88,88,88,88,88,88,88,88,88,88,88,88,88,88,88,88,88,93,93,93,93,93,93,93,93,93,93,93,93],"card_choices":[{"not_picked":["Hemokinesis","Havoc"],"picked":"Clothesline","floor":1},{"not_picked":["Body Slam","Battle Trance"],"picked":"Heavy Blade","floor":2},{"not_picked":["Combust","Dropkick"],"picked":"Headbutt","floor":3},{"not_picked":["Cleave","Body Slam"],"picked":"Anger","floor":7},{"not_picked":["Body Slam","Exhume"],"picked":"Heavy Blade","floor":11},{"not_picked":["Clash","Heavy Blade"],"picked":"Hemokinesis","floor":12},{"not_picked":["Warcry","Dual Wield"],"picked":"Iron Wave","floor":13},{"not_picked":["Impervious","Juggernaut"],"picked":"Immolate","floor":16},{"not_picked":["Armaments","Headbutt"],"picked":"Cleave","floor":17},{"not_picked":["Uppercut","Searing Blow"],"picked":"Twin Strike","floor":17},{"not_picked":["Sword Boomerang","Perfected Strike"],"picked":"Pommel Strike","floor":17},{"not_picked":["Brutality","Combust"],"picked":"Flex","floor":17},{"not_picked":["Anger","Headbutt"],"picked":"Armaments","floor":17},{"not_picked":["Ghostly Armor","Reckless Charge"],"picked":"Rage","floor":18},{"not_picked":["Feel No Pain","Exhume"],"picked":"Anger","floor":21},{"not_picked":["Rupture","Sever Soul+1"],"picked":"Second Wind","floor":22},{"not_picked":["Flex","Burning Pact"],"picked":"Intimidate","floor":24},{"not_picked":["Carnage","Wild Strike"],"picked":"Iron Wave","floor":27},{"not_picked":["Feel No Pain","Reaper"],"picked":"Power Through","floor":29}],"player_experience":126376,"relics_obtained":[{"floor":9,"key":"Girya"},{"floor":26,"key":"Lantern"}],"event_choices":[{"event_name":"Living Wall","player_choice":"Change","floor":5,"damage_taken":0},{"event_name":"Golden Wing","player_choice":"Card Removal","floor":10,"damage_taken":0},{"event_name":"Back to Basics","player_choice":"Elegance","floor":19,"damage_taken":0},{"event_name":"The Library","player_choice":"Read","floor":20,"damage_taken":0},{"event_name":"Nest","player_choice":"Stole From Cult","floor":30,"damage_taken":0}],"boss_relics":[{"not_picked":["Sozu","Philosopher\u0027s Stone"],"picked":"Orrery"}],"items_purged_floors":[31],"is_endless":false,"potions_floor_spawned":[3,11,12,16,21,29],"killed_by":"Collector","ascension_level":0}