{"gold_per_floor":[113,130,145,95,115,115,132,146,146,203,222,222,238,256,256,357,357,357,312,33,33,33,33,33,33,33,33,33],"floor_reached":28,"playtime":2720,"items_purged":["Strike_R"],"score":243,"play_id":"d37c8a64-709a-45d8-8289-6fef72c25cce","local_time":"20190618220841","is_ascension_mode":false,"campfire_choices":[{"data":"Body Slam","floor":6.0,"key":"SMITH"},{"data":"Body Slam","floor":15.0,"key":"SMITH"},{"data":"Headbutt","floor":23,"key":"SMITH"}],"neow_cost":"PERCENT_DAMAGE","seed_source_timestamp":0,"circlet_count":0,"master_deck":["Strike_R","Strike_R","Defend_R","Defend_R","Defend_R","Defend_R","Bash","Combust","Clash","Body Slam+1","Body Slam+1","Bloodletting","Seeing Red","Spot Weakness","Immolate","Warcry","Sword Boomerang","Headbutt+1","Iron Wave+1","Rage","Double Tap"],"special_seed":0,"relics":["Burning Blood","Shuriken","Champion Belt","Ectoplasm","Toolbox","Singing Bowl"],"potions_floor_usage":[],"damage_taken":[{"damage":1.0,"enemies":"2 Louse","floor":1.0,"turns":4.0},{"damage":0.0,"enemies":"Small Slimes","floor":2.0,"turns":3.0},{"damage":6.0,"enemies":"Jaw Worm","floor":3.0,"turns":3.0},{"damage":11.0,"enemies":"Red Slaver","floor":5.0,"turns":4.0},{"damage":27.0,"enemies":"Exordium Thugs","floor":7.0,"turns":4.0},{"damage":9.0,"enemies":"Blue Slaver","floor":8.0,"turns":4.0},{"damage":7.0,"enemies":"Lots of Slimes","floor":11.0,"turns":2.0},{"damage":12.0,"enemies":"Exordium Wildlife","floor":13.0,"turns":3.0},{"damage":7.0,"enemies":"Large Slime","floor":14.0,"turns":4.0},{"damage":31.0,"enemies":"Hexaghost","floor":16.0,"turns":9.0},{"damage":20.0,"enemies":"3 Byrds","floor":18.0,"turns":4.0},{"damage":16,"enemies":"2 Thieves","floor":19,"turns":4},{"damage":13,"enemies":"Snecko","floor":22,"turns":4},{"damage":41,"enemies":"Centurion and Healer","floor":24,"turns":6},{"damage":0,"enemies":"Cultist and Chosen","floor":27,"turns":4},{"damage":27,"enemies":"Snake Plant","floor":28,"turns":4}],"seed_played":"337750431420245725","potions_obtained":[{"floor":1.0,"key":"Swift Potion"},{"floor":2.0,"key":"GamblersBrew"},{"floor":11.0,"key":"Weak Potion"},{"floor":13.0,"key":"Block Potion"},{"floor":18.0,"key":"Weak Potion"},{"floor":24,"key":"SteroidPotion"}],"is_trial":false,"path_per_floor":["M","M","M","?","M","R","M","M","T","?","M","T","M","M","R","B",null,"M","M","$","?","M","R","M","?","T","M","M"],"character_chosen":"IRONCLAD","items_purchased":["Toolbox"],"campfire_rested":0,"item_purchase_floors":[20],"current_hp_per_floor":[77,83,83,83,78,78,57,54,54,54,53,53,47,46,46,21,96,82,72,72,72,65,65,30,30,30,36,9],"gold":33,"neow_bonus":"TWENTY_PERCENT_HP_BONUS","is_prod":false,"is_daily":false,"chose_seed":false,"campfire_upgraded":3,"win_rate":0,"timestamp":1560910121,"path_taken":["M","M","M","?","M","R","M","M","T","?","M","?","?","M","R","BOSS","M","M","$","?","M","R","M","?","T","?","M"],"build_version":"2019-01-23","purchased_purges":1,"victory":false,"max_hp_per_floor":[96,96,96,96,96,96,96,96,96,96,96,96,96,96,96,96,96,96,96,96,96,96,96,96,96,96,96,96],"card_choices":[{"not_picked":["Corruption","Flex"],"picked":"Combust","floor":1.0},{"not_picked":["Sword Boomerang","Combust"],"picked":"Clash","floor":2.0},{"not_picked":["Sever Soul","Wild Strike"],"picked":"Body Slam","floor":3.0},{"not_picked":["Havoc","Rage"],"picked":"Body Slam","floor":5.0},{"not_picked":["Clash","Body Slam"],"picked":"Bloodletting","floor":7.0},{"not_picked":["Headbutt","Iron Wave"],"picked":"Seeing Red","floor":8.0},{"not_picked":["Blood for Blood","Barricade"],"picked":"Spot Weakness","floor":11.0},{"not_picked":["Evolve","Clash","Heavy Blade"],"picked":"SKIP","floor":13.0},{"not_picked":["Heavy Blade","Intimidate","Body Slam"],"picked":"SKIP","floor":14.0},{"not_picked":["Double Tap","Reaper"],"picked":"Immolate","floor":16.0},{"not_picked":["Spot Weakness","Sever Soul"],"picked":"Warcry","floor":18.0},{"not_picked":["Disarm","Searing Blow"],"picked":"Sword Boomerang","floor":19},{"not_picked":["Heavy Blade","Bloodletting"],"picked":"Headbutt","floor":22},{"not_picked":["Spot Weakness+1","Anger"],"picked":"Iron Wave+1","floor":24},{"not_picked":["Heavy Blade","Pommel Strike"],"picked":"Double Tap","floor":27}],"player_experience":423881,"relics_obtained":[{"floor":9.0,"key":"Shuriken"},{"floor":12.0,"key":"Champion Belt"},{"floor":26,"key":"Singing Bowl"}],"event_choices":[{"cards_removed":["Strike_R"],"damage_healed":0.0,"max_hp_gain":0.0,"max_hp_loss":0.0,"gold_gain":0.0,"event_name":"The Cleric","player_choice":"Card Removal","floor":4.0,"gold_loss":50.0,"damage_taken":0.0},{"damage_healed":0.0,"max_hp_gain":0.0,"max_hp_loss":0.0,"gold_gain":57.0,"event_name":"Golden Wing","player_choice":"Gained Gold","floor":10.0,"gold_loss":0.0,"damage_taken":0.0},{"damage_healed":0,"gold_gain":0,"player_choice":"Ignored","damage_taken":0,"max_hp_gain":0,"max_hp_loss":0,"event_name":"Beggar","floor":21,"gold_loss":0},{"damage_healed":0,"gold_gain":0,"cards_transformed":["Strike_R"],"player_choice":"Transformed","damage_taken":0,"max_hp_gain":0,"max_hp_loss":0,"event_name":"Transmorgrifier","floor":25,"gold_loss":0,"cards_obtained":["Rage"]}],"is_beta":false,"boss_relics":[{"not_picked":["Sozu","White Beast Statue"],"picked":"Ectoplasm"}],"items_purged_floors":[20],"is_endless":false,"potions_floor_spawned":[1,2,11,13,18,24],"killed_by":"Snake Plant","ascension_level":0}