{"gold_per_floor":[111,128,139,155,165,192,203,203,203,217,217,246,246,262,262,262],"floor_reached":16,"playtime":1360,"items_purged":[],"score":116,"play_id":"4f4b9216-4f7c-48ff-b525-b0e5779b3f16","local_time":"20190428173023","is_ascension_mode":false,"campfire_choices":[{"floor":8,"key":"REST"},{"floor":11,"key":"REST"},{"floor":15,"key":"REST"}],"neow_cost":"NONE","seed_source_timestamp":1120455068125509,"circlet_count":0,"master_deck":["Defend_G","Defend_G","Defend_G","Defend_G","Defend_G","Strike_G","Strike_G","Strike_G","Strike_G","Strike_G","Survivor","Neutralize","Accuracy","Blade Dance","Blade Dance","Bouncing Flask","Cloak And Dagger","Infinite Blades","All Out Attack","Setup","Burst","Distraction"],"relics":["Ring of the Snake","Blood Vial","Boot","PreservedInsect"],"potions_floor_usage":[6,7,16,16],"damage_taken":[{"damage":5,"enemies":"2 Louse","floor":1,"turns":4},{"damage":1,"enemies":"Cultist","floor":2,"turns":4},{"damage":0,"enemies":"Small Slimes","floor":3,"turns":4},{"damage":13,"enemies":"Red Slaver","floor":4,"turns":3},{"damage":18,"enemies":"Large Slime","floor":5,"turns":7},{"damage":40,"enemies":"Lagavulin","floor":6,"turns":6},{"damage":0,"enemies":"3 Louse","floor":7,"turns":4},{"damage":8,"enemies":"Exordium Wildlife","floor":10,"turns":4},{"damage":25,"enemies":"Gremlin Nob","floor":12,"turns":5},{"damage":4,"enemies":"Blue Slaver","floor":14,"turns":3},{"damage":32,"enemies":"Hexaghost","floor":16,"turns":9}],"seed_played":"-8166794066129218657","potions_obtained":[{"floor":1,"key":"Poison Potion"},{"floor":3,"key":"SteroidPotion"},{"floor":12,"key":"Strength Potion"},{"floor":14,"key":"Swift Potion"}],"is_trial":false,"path_per_floor":["M","M","M","M","M","E","M","R","T","M","R","E","?","M","R","B"],"character_chosen":"THE_SILENT","items_purchased":[],"campfire_rested":3,"item_purchase_floors":[],"current_hp_per_floor":[65,66,68,57,41,3,5,26,26,20,41,18,11,9,30,0],"gold":262,"neow_bonus":"RANDOM_COMMON_RELIC","is_prod":false,"is_daily":false,"chose_seed":false,"campfire_upgraded":0,"win_rate":0,"timestamp":1556487023,"path_taken":["M","M","M","M","M","E","M","R","T","M","R","E","?","?","R","BOSS"],"build_version":"2019-01-23","purchased_purges":0,"victory":false,"max_hp_per_floor":[70,70,70,70,70,70,70,70,70,70,70,70,70,70,70,70],"card_choices":[{"not_picked":["Noxious Fumes","Dodge and Roll"],"picked":"Accuracy","floor":1},{"not_picked":["Slice","Reflex"],"picked":"Blade Dance","floor":2},{"not_picked":["Skewer","Deadly Poison"],"picked":"Blade Dance","floor":3},{"not_picked":["Dagger Throw","Quick Slash"],"picked":"Bouncing Flask","floor":4},{"not_picked":["Endless Agony","Slice"],"picked":"Cloak And Dagger","floor":5},{"not_picked":["Acrobatics","Accuracy"],"picked":"Infinite Blades","floor":6},{"not_picked":["Calculated Gamble","Heel Hook"],"picked":"All Out Attack","floor":7},{"not_picked":["Heel Hook","All Out Attack"],"picked":"Setup","floor":10},{"not_picked":["Deflect","Acrobatics"],"picked":"Burst","floor":12},{"not_picked":["Sucker Punch","Tactician"],"picked":"Distraction","floor":14}],"player_experience":299097,"relics_obtained":[{"floor":6,"key":"Boot"},{"floor":12,"key":"PreservedInsect"}],"event_choices":[{"damage_healed":0,"gold_gain":0,"player_choice":"Damaged","damage_taken":7,"max_hp_gain":0,"max_hp_loss":0,"event_name":"Wheel of Change","floor":13,"gold_loss":0}],"is_beta":false,"boss_relics":[],"items_purged_floors":[],"is_endless":false,"potions_floor_spawned":[1,3,12,14],"killed_by":"Hexaghost","ascension_level":0}