{"gold_per_floor":[117,131,144,44,60,93,104,121,121,136,136,149,149,167,167,267,267,287,301,301,332,0,35,35,35,61,61,61,61,72,91,91,91],"floor_reached":33,"playtime":2653,"items_purged":[],"score":296,"play_id":"b7b0c027-19f5-42e3-a9f8-74d7c1797d0a","local_time":"20180625212143","is_ascension_mode":false,"campfire_choices":[{"floor":11.0,"key":"DIG"},{"floor":13.0,"key":"DIG"},{"floor":15.0,"key":"REST"},{"floor":25.0,"key":"DIG"},{"floor":27.0,"key":"DIG"},{"floor":32,"key":"REST"}],"neow_cost":"","seed_source_timestamp":0,"circlet_count":0,"master_deck":["Defend_R","Defend_R","Defend_R","Defend_R","Bash","Flex","Flex+1","Rage","Uppercut","Trip","Rampage","Dropkick","Cleave","Flex+1","Thunderclap","Thunderclap","Warcry","Feed","Sever Soul","Sever Soul+1","Bite","Bite","Bite","Bite","Bite","Infernal Blade+1","Secret Weapon","Finesse","Twin Strike","Decay","Cleave+1","Iron Wave"],"special_seed":0,"relics":["Burning Blood","Shovel","Letter Opener","Bag of Preparation","War Paint","Lizard Tail","Red Mask","Shuriken","Sundial","Strawberry","Meat on the Bone","Bird Faced Urn"],"potions_floor_usage":[31,33],"damage_taken":[{"damage":5.0,"enemies":"Cultist","floor":1.0,"turns":4.0},{"damage":6.0,"enemies":"2 Louse","floor":2.0,"turns":2.0},{"damage":14.0,"enemies":"Small Slimes","floor":3.0,"turns":4.0},{"damage":14.0,"enemies":"Exordium Thugs","floor":5.0,"turns":4.0},{"damage":19.0,"enemies":"Gremlin Nob","floor":6.0,"turns":4.0},{"damage":17.0,"enemies":"2 Fungi Beasts","floor":7.0,"turns":5.0},{"damage":8.0,"enemies":"Large Slime","floor":8.0,"turns":4.0},{"damage":0.0,"enemies":"3 Louse","floor":10.0,"turns":1.0},{"damage":7.0,"enemies":"Exordium Wildlife","floor":12.0,"turns":2.0},{"damage":20.0,"enemies":"Large Slime","floor":14.0,"turns":5.0},{"damage":26.0,"enemies":"Hexaghost","floor":16.0,"turns":7.0},{"damage":0.0,"enemies":"Chosen","floor":18.0,"turns":4.0},{"damage":25.0,"enemies":"2 Thieves","floor":19.0,"turns":4.0},{"damage":3.0,"floor":21.0,"turns":3.0},{"damage":31.0,"enemies":"Book of Stabbing","floor":23.0,"turns":5.0},{"damage":29.0,"enemies":"Snake Plant","floor":30.0,"turns":5.0},{"damage":14,"enemies":"3 Cultists","floor":31,"turns":4},{"damage":117,"enemies":"Collector","floor":33,"turns":9}],"seed_played":"-2485579140762017423","potions_obtained":[{"floor":1.0,"key":"Poison Potion"},{"floor":6.0,"key":"Swift Potion"},{"floor":10.0,"key":"Weak Potion"},{"floor":14.0,"key":"Fire Potion"},{"floor":16.0,"key":"Dexterity Potion"},{"floor":18.0,"key":"Explosive Potion"},{"floor":21.0,"key":"Dexterity Potion"}],"is_trial":false,"path_per_floor":["M","M","M","$","M","E","M","M","T","M","R","M","R","M","R","B",null,"M","M","?","?","$","E","?","R","T","R","?","T","M","M","R"],"character_chosen":"IRONCLAD","items_purchased":["Trip","Secret Weapon","Finesse","SkillPotion"],"campfire_rested":2,"item_purchase_floors":[],"current_hp_per_floor":[80,80,72,72,64,51,40,38,38,44,44,43,43,29,53,33,80,83,64,58,58,58,33,33,33,40,40,40,40,33,41,60,0],"gold":91,"neow_bonus":"","is_prod":false,"is_daily":false,"chose_seed":false,"campfire_upgraded":0,"win_rate":0.0,"timestamp":1529976103,"path_taken":["M","?","M","$","M","E","M","M","T","M","R","M","R","M","R","BOSS","M","M","?","?","$","E","?","R","T","R","?","?","M","M","R","BOSS"],"build_version":"2018-06-21v2","purchased_purges":0,"victory":false,"max_hp_per_floor":[80,80,80,80,80,80,80,80,80,80,80,80,80,80,80,80,80,83,83,58,58,58,58,58,58,65,65,65,65,65,65,65,65],"card_choices":[{"not_picked":["Sword Boomerang","Clothesline"],"picked":"Flex","floor":0.0},{"not_picked":["Pommel Strike","Headbutt"],"picked":"Flex","floor":1.0},{"not_picked":["Wild Strike","Corruption"],"picked":"Rage","floor":2.0},{"not_picked":["True Grit","Ghostly Armor"],"picked":"Uppercut","floor":3.0},{"not_picked":["Pommel Strike","Sentinel"],"picked":"Rampage","floor":5.0},{"not_picked":["Feel No Pain","Juggernaut"],"picked":"Dropkick","floor":6.0},{"not_picked":["Fire Breathing","Warcry"],"picked":"Cleave","floor":7.0},{"not_picked":["Anger","Clothesline"],"picked":"Flex","floor":8.0},{"not_picked":["Dual Wield","Armaments"],"picked":"Thunderclap","floor":10.0},{"not_picked":["Rupture","Heavy Blade"],"picked":"Thunderclap","floor":12.0},{"not_picked":["Ghostly Armor","Burning Pact"],"picked":"Warcry","floor":14.0},{"not_picked":["Impervious","Bludgeon"],"picked":"Feed","floor":16.0},{"not_picked":["Wild Strike","Headbutt"],"picked":"Sever Soul","floor":18.0},{"not_picked":["Flex","Body Slam"],"picked":"Sever Soul+1","floor":19.0},{"not_picked":["Anger","Feel No Pain"],"picked":"Infernal Blade+1","floor":21.0},{"not_picked":["Warcry","Reckless Charge"],"picked":"Twin Strike","floor":23.0},{"not_picked":["Havoc","Reckless Charge+1"],"picked":"Cleave+1","floor":30},{"not_picked":["Clash","Exhume"],"picked":"Iron Wave","floor":31}],"player_experience":65373,"relics_obtained":[{"floor":6.0,"key":"Shovel"},{"floor":9.0,"key":"Letter Opener"},{"floor":11.0,"key":"Bag of Preparation"},{"floor":13.0,"key":"War Paint"},{"floor":21.0,"key":"Red Mask"},{"floor":23.0,"key":"Shuriken"},{"floor":25.0,"key":"Sundial"},{"floor":26.0,"key":"Strawberry"},{"floor":27.0,"key":"Meat on the Bone"},{"floor":29.0,"key":"Bird Faced Urn"}],"event_choices":[{"event_name":"Vampires","player_choice":"Became a vampire","floor":20.0,"damage_taken":0.0},{"event_name":"Masked Bandits","player_choice":"Fought over 301 gold","floor":21.0,"damage_taken":0.0},{"event_name":"Beggar","player_choice":"Ignored","floor":24.0,"damage_taken":0.0},{"event_name":"Forgotten Altar","player_choice":"Smashed Altar","floor":28.0,"damage_taken":0.0}],"boss_relics":[{"not_picked":["Eternal Feather","Snecko Eye"],"picked":"Lizard Tail"}],"items_purged_floors":[],"is_endless":false,"potions_floor_spawned":[1,6,10,14,16,18,21],"killed_by":"Collector","ascension_level":0}