{"gold_per_floor":[365,290,303,322,337,337,487,507,507,507,520,6,22,52,52,130,130,140,140,96,96],"floor_reached":21,"playtime":867,"items_purged":["Doubt"],"score":329,"play_id":"c1238fc6-471d-48d4-b303-95a1a4c41043","local_time":"20190205121751","is_ascension_mode":true,"campfire_choices":[{"data":"Defragment","floor":6.0,"key":"SMITH"},{"data":"Beam Cell","floor":10.0,"key":"SMITH"},{"data":"Defragment","floor":15,"key":"SMITH"}],"neow_cost":"CURSE","seed_source_timestamp":599278347586382,"circlet_count":0,"master_deck":["AscendersBane","Strike_B","Strike_B","Strike_B","Strike_B","Defend_B","Defend_B","Defend_B","Defend_B+1","Zap","Dualcast","FTL","Defragment+1","Beam Cell+1","Coolheaded","Echo Form","Chill+1","Defragment+1","Glacier","Conserve Battery","Enlightenment","Gash+1","Core Surge+1","Go for the Eyes+1","Beam Cell+1"],"special_seed":0,"relics":["Cracked Core","Molten Egg 2","War Paint","Nuclear Battery"],"potions_floor_usage":[16,18,20],"damage_taken":[{"damage":1.0,"enemies":"2 Louse","floor":1.0,"turns":3.0},{"damage":4.0,"enemies":"Small Slimes","floor":3.0,"turns":4.0},{"damage":7.0,"enemies":"Jaw Worm","floor":4.0,"turns":3.0},{"damage":2.0,"enemies":"Looter","floor":5.0,"turns":3.0},{"damage":7.0,"enemies":"Blue Slaver","floor":8.0,"turns":3.0},{"damage":8.0,"enemies":"Red Slaver","floor":11.0,"turns":4.0},{"damage":10.0,"enemies":"3 Louse","floor":13.0,"turns":5.0},{"damage":14,"enemies":"Hexaghost","floor":16,"turns":9},{"damage":43,"enemies":"3 Byrds","floor":18,"turns":5},{"damage":12,"enemies":"2 Thieves","floor":20,"turns":5},{"damage":16,"enemies":"Snake Plant","floor":21,"turns":1}],"seed_played":"-4365303551030728052","potions_obtained":[{"floor":3.0,"key":"EssenceOfSteel"},{"floor":4.0,"key":"EssenceOfSteel"},{"floor":11.0,"key":"Dexterity Potion"},{"floor":16,"key":"PowerPotion"},{"floor":20,"key":"Strength Potion"}],"is_trial":false,"path_per_floor":["M","?","M","M","M","R","?","M","T","R","M","$","M","?","R","B",null,"M","?","M","M"],"character_chosen":"DEFECT","items_purchased":["Defragment","Glacier","Conserve Battery","War Paint","Enlightenment"],"campfire_rested":0,"item_purchase_floors":[12,12,12,12,12],"current_hp_per_floor":[63,63,59,52,50,50,50,43,43,43,35,35,25,25,25,11,56,13,27,15,0],"gold":96,"neow_bonus":"TWO_FIFTY_GOLD","is_prod":false,"is_daily":false,"chose_seed":false,"campfire_upgraded":3,"win_rate":0,"timestamp":1549387071,"path_taken":["M","?","M","M","M","R","?","M","T","R","M","$","M","?","R","BOSS","M","?","M","M"],"build_version":"2019-01-23","purchased_purges":1,"victory":false,"max_hp_per_floor":[71,71,71,71,71,71,71,71,71,71,71,71,71,71,71,71,71,71,71,71,71],"card_choices":[{"not_picked":["Chaos","Cold Snap"],"picked":"FTL","floor":1.0},{"not_picked":["Barrage","Conserve Battery"],"picked":"Defragment","floor":3.0},{"not_picked":["Turbo","Compile Driver"],"picked":"Beam Cell","floor":4.0},{"not_picked":["Auto Shields","Compile Driver"],"picked":"Coolheaded","floor":5.0},{"not_picked":["Stack","Tempest"],"picked":"Echo Form","floor":8.0},{"not_picked":["BootSequence","Fusion"],"picked":"Chill","floor":11.0},{"not_picked":["Aggregate","Rebound+1"],"picked":"Gash+1","floor":13.0},{"not_picked":["Amplify","Hyperbeam+1"],"picked":"Core Surge+1","floor":16},{"not_picked":["Storm","Coolheaded"],"picked":"Go for the Eyes+1","floor":18},{"not_picked":["Compile Driver+1","Consume"],"picked":"Beam Cell+1","floor":20}],"player_experience":913999,"relics_obtained":[{"floor":9.0,"key":"Molten Egg 2"}],"event_choices":[{"cards_removed":["Writhe"],"damage_healed":0.0,"max_hp_gain":0.0,"max_hp_loss":0.0,"gold_gain":0.0,"event_name":"The Cleric","player_choice":"Card Removal","floor":2.0,"gold_loss":75.0,"damage_taken":0.0},{"damage_healed":0.0,"max_hp_gain":0.0,"max_hp_loss":0.0,"gold_gain":150.0,"event_name":"Liars Game","player_choice":"AGREE","floor":7.0,"gold_loss":0.0,"damage_taken":0.0,"cards_obtained":["Doubt"]},{"damage_healed":0,"gold_gain":30,"player_choice":"Searched \u00272\u0027 times","damage_taken":0,"max_hp_gain":0,"max_hp_loss":0,"event_name":"Dead Adventurer","floor":14,"gold_loss":0},{"damage_healed":14,"gold_gain":0,"player_choice":"Heal","damage_taken":0,"max_hp_gain":0,"max_hp_loss":0,"event_name":"The Library","floor":19,"gold_loss":0}],"is_beta":true,"boss_relics":[{"not_picked":["Runic Dome","Calling Bell"],"picked":"Nuclear Battery"}],"items_purged_floors":[12],"is_endless":false,"potions_floor_spawned":[3,4,11,16,20],"killed_by":"Snake Plant","ascension_level":18}