{"gold_per_floor":[110,128,139,157,175,201,215,248,325,325,164,164,189,209,209,310,310,329,348,107,123,123,123,151,151,151,164,164],"floor_reached":28,"playtime":1299,"items_purged":["Strike_R"],"score":275,"play_id":"d28b9e17-e7c8-4a83-b87f-561e349552e2","local_time":"20190713233721","is_ascension_mode":true,"campfire_choices":[{"data":"Fire Breathing","floor":12,"key":"SMITH"},{"data":"Trip","floor":15,"key":"SMITH"},{"data":"Fiend Fire","floor":23,"key":"SMITH"}],"neow_cost":"NONE","seed_source_timestamp":1562927828144900,"circlet_count":0,"master_deck":["Strike_R+1","Strike_R+1","Strike_R+1","Defend_R+1","Defend_R+1","Defend_R+1","Defend_R+1","Bash+1","Anger","Metallicize","Anger","Shockwave","Inflame","Fire Breathing+1","Headbutt","Pommel Strike","Trip+1","Fiend Fire+1","Clash","Offering","Uppercut+1","Limit Break","Cleave","Jack Of All Trades","Heavy Blade+1","Rampage","Barricade","Flex+1","Flame Barrier+1","Searing Blow+1"],"relics":["Burning Blood","Blood Vial","Prayer Wheel","Pear","Dead Branch","Runic Pyramid","Regal Pillow","Ice Cream","Toxic Egg 2"],"potions_floor_usage":[6,8,16],"damage_taken":[{"damage":8,"enemies":"Jaw Worm","floor":1,"turns":3},{"damage":0,"enemies":"Cultist","floor":2,"turns":3},{"damage":2,"enemies":"Small Slimes","floor":3,"turns":4},{"damage":5,"enemies":"2 Fungi Beasts","floor":4,"turns":3},{"damage":5,"enemies":"Large Slime","floor":5,"turns":6},{"damage":17,"enemies":"Lagavulin","floor":6,"turns":4},{"damage":17,"enemies":"Exordium Wildlife","floor":7,"turns":3},{"damage":22,"enemies":"3 Sentries","floor":8,"turns":7},{"damage":21,"enemies":"Gremlin Nob","floor":13,"turns":4},{"damage":6,"enemies":"2 Fungi Beasts","floor":14,"turns":2},{"damage":28,"enemies":"The Guardian","floor":16,"turns":8},{"damage":28,"enemies":"Spheric Guardian","floor":18,"turns":4},{"damage":27,"enemies":"3 Byrds","floor":19,"turns":4},{"damage":16,"enemies":"Centurion and Healer","floor":21,"turns":3},{"damage":19,"enemies":"Gremlin Leader","floor":24,"turns":5},{"damage":29,"enemies":"Snecko","floor":27,"turns":6},{"damage":13,"enemies":"Sentry and Sphere","floor":28,"turns":3}],"seed_played":"-2668517152726125945","potions_obtained":[{"floor":4,"key":"EssenceOfSteel"},{"floor":6,"key":"SpeedPotion"},{"floor":8,"key":"GamblersBrew"},{"floor":16,"key":"FearPotion"},{"floor":19,"key":"Weak Potion"},{"floor":24,"key":"Dexterity Potion"}],"is_trial":false,"path_per_floor":["M","M","M","M","M","E","M","E","T","?","$","R","E","M","R","B",null,"M","M","$","M","?","R","E","?","T","M","M"],"character_chosen":"IRONCLAD","items_purchased":["Trip","Regal Pillow","Jack Of All Trades"],"campfire_rested":0,"item_purchase_floors":[11,20,20],"current_hp_per_floor":[78,80,80,80,80,69,60,46,56,56,56,56,43,45,45,25,90,68,49,49,41,41,41,30,30,30,9,0],"gold":164,"neow_bonus":"UPGRADE_CARD","is_prod":false,"is_daily":false,"chose_seed":false,"campfire_upgraded":3,"win_rate":0,"timestamp":1563075441,"path_taken":["M","M","M","M","M","E","M","E","T","?","$","R","E","M","R","BOSS","M","?","$","M","?","R","E","?","T","M","M"],"build_version":"2019-07-05","purchased_purges":1,"victory":false,"max_hp_per_floor":[80,80,80,80,80,80,80,80,90,90,90,90,90,90,90,90,90,90,90,90,90,90,90,90,90,90,90,90],"card_choices":[{"not_picked":["Havoc","True Grit"],"picked":"Anger","floor":1},{"not_picked":["Flex","Heavy Blade"],"picked":"Metallicize","floor":2},{"not_picked":["Flex","Heavy Blade"],"picked":"Anger","floor":3},{"not_picked":["Headbutt","Clothesline"],"picked":"Shockwave","floor":4},{"not_picked":["Ghostly Armor","Barricade"],"picked":"Inflame","floor":5},{"not_picked":["Flex","Searing Blow"],"picked":"Fire Breathing","floor":6},{"not_picked":["Shrug It Off","Thunderclap"],"picked":"Infernal Blade","floor":7},{"not_picked":["Anger","Bloodletting"],"picked":"Headbutt","floor":8},{"not_picked":["Clash","Body Slam"],"picked":"Fiend Fire","floor":13},{"not_picked":["Flex","Thunderclap"],"picked":"Clash","floor":14},{"not_picked":["Anger","Body Slam"],"picked":"Fiend Fire","floor":14},{"not_picked":["Exhume","Demon Form"],"picked":"Offering","floor":16},{"not_picked":["Clash","Sword Boomerang"],"picked":"Uppercut+1","floor":18},{"not_picked":["Sword Boomerang","Rupture","Body Slam"],"picked":"SKIP","floor":18},{"not_picked":["Sword Boomerang","Pummel"],"picked":"Limit Break","floor":19},{"not_picked":["Uppercut","Hemokinesis"],"picked":"Cleave","floor":19},{"not_picked":["Thunderclap","Intimidate"],"picked":"Heavy Blade+1","floor":21},{"not_picked":["Sword Boomerang","Dropkick","Clash"],"picked":"SKIP","floor":21},{"not_picked":["Flame Barrier","Carnage+1"],"picked":"Flex+1","floor":24},{"not_picked":["Headbutt","Clothesline"],"picked":"Flame Barrier+1","floor":27},{"not_picked":["Heavy Blade","Feel No Pain"],"picked":"Searing Blow+1","floor":27}],"player_experience":632344,"relics_obtained":[{"floor":6,"key":"Blood Vial"},{"floor":8,"key":"Prayer Wheel"},{"floor":9,"key":"Pear"},{"floor":13,"key":"Dead Branch"},{"floor":24,"key":"Ice Cream"},{"floor":26,"key":"Toxic Egg 2"}],"event_choices":[{"cards_removed":["Infernal Blade"],"damage_healed":0,"gold_gain":0,"player_choice":"Took Card","damage_taken":0,"max_hp_gain":0,"max_hp_loss":0,"event_name":"NoteForYourself","floor":10,"gold_loss":0,"cards_obtained":["Pommel Strike"]},{"damage_healed":0,"gold_gain":0,"cards_transformed":["Strike_R","Fiend Fire"],"player_choice":"Became Test Subject","damage_taken":0,"max_hp_gain":0,"max_hp_loss":0,"event_name":"Drug Dealer","floor":22,"gold_loss":0,"cards_obtained":["Rampage","Barricade"]},{"damage_healed":0,"gold_gain":0,"player_choice":"Simplicity","damage_taken":0,"max_hp_gain":0,"max_hp_loss":0,"event_name":"Back to Basics","floor":25,"gold_loss":0,"cards_upgraded":["Strike_R","Strike_R","Strike_R","Defend_R","Defend_R","Defend_R","Defend_R"]}],"is_beta":false,"boss_relics":[{"not_picked":["Runic Cube","Tiny House"],"picked":"Runic Pyramid"}],"items_purged_floors":[11],"is_endless":false,"potions_floor_spawned":[4,6,8,16,19,24],"killed_by":"Sentry and Sphere","ascension_level":1}