{"gold_per_floor":[116,39,109,121,196,196,221,253,337,349,390,402,414,442,454,571,583,614,636,648,660,687],"floor_reached":22,"playtime":827,"items_purged":[],"score":219,"play_id":"c50d9b6a-1bd0-4c71-9080-1086273456f4","local_time":"20190623214024","is_ascension_mode":false,"campfire_choices":[{"data":"Metallicize","floor":6,"key":"SMITH"},{"data":"Inflame","floor":10,"key":"SMITH"},{"data":"Thunderclap","floor":13,"key":"SMITH"},{"data":"Spot Weakness","floor":15,"key":"SMITH"}],"neow_cost":"NONE","seed_source_timestamp":156547436998392,"circlet_count":0,"master_deck":["Strike_R","Strike_R","Strike_R","Strike_R","Strike_R","Defend_R","Defend_R","Defend_R","Defend_R+1","Bash","Headbutt","Metallicize+1","Anger","Inflame+1","Thunderclap+1","Spot Weakness+1","Barricade","Flex","Rage+1","Necronomicurse","Writhe"],"relics":["Burning Blood","NeowsBlessing","Sundial","MawBank","Mummified Hand","Bottled Lightning","Lizard Tail","Necronomicon","Torii"],"potions_floor_usage":[22,22],"damage_taken":[{"damage":0,"enemies":"Cultist","floor":1,"turns":1},{"damage":0,"enemies":"Jaw Worm","floor":4,"turns":1},{"damage":0,"enemies":"3 Sentries","floor":7,"turns":1},{"damage":10,"enemies":"2 Louse","floor":8,"turns":3},{"damage":14,"enemies":"Gremlin Nob","floor":11,"turns":3},{"damage":0,"enemies":"Exordium Thugs","floor":14,"turns":3},{"damage":33,"enemies":"Slime Boss","floor":16,"turns":6},{"damage":47,"enemies":"Spheric Guardian","floor":18,"turns":6},{"damage":3,"enemies":"Shell Parasite","floor":19,"turns":3},{"damage":28,"enemies":"Snake Plant","floor":22,"turns":4}],"seed_played":"6023895653234250979","potions_obtained":[{"floor":7,"key":"Explosive Potion"},{"floor":19,"key":"EssenceOfSteel"}],"is_trial":false,"path_per_floor":["M","$","T","M","?","R","E","M","T","R","E","?","R","M","R","B",null,"M","M","?","?","M"],"character_chosen":"IRONCLAD","items_purchased":["Metallicize"],"campfire_rested":0,"item_purchase_floors":[2],"current_hp_per_floor":[80,80,80,80,69,69,75,71,71,71,63,63,63,69,69,42,80,39,42,26,26,46],"gold":687,"neow_bonus":"THREE_ENEMY_KILL","is_prod":false,"is_daily":false,"chose_seed":false,"campfire_upgraded":4,"win_rate":0,"timestamp":1561344024,"path_taken":["M","$","?","M","?","R","E","M","T","R","E","?","R","M","R","BOSS","M","M","?","?","M"],"build_version":"2019-01-23","purchased_purges":0,"victory":false,"max_hp_per_floor":[80,80,80,80,80,80,80,80,80,80,80,80,80,80,80,80,80,80,80,80,80,80],"card_choices":[{"not_picked":["Infernal Blade","Cleave"],"picked":"Headbutt","floor":1},{"not_picked":["Pommel Strike","Wild Strike"],"picked":"Anger","floor":4},{"not_picked":["Havoc","Clothesline"],"picked":"Inflame","floor":7},{"not_picked":["Headbutt","Rampage"],"picked":"Thunderclap","floor":8},{"not_picked":["Carnage","Twin Strike","Heavy Blade"],"picked":"SKIP","floor":11},{"not_picked":["Thunderclap","Twin Strike"],"picked":"Spot Weakness","floor":14},{"not_picked":["Reaper","Juggernaut"],"picked":"Barricade","floor":16},{"not_picked":["Clash","Warcry"],"picked":"Flex","floor":18},{"not_picked":["Intimidate","Iron Wave"],"picked":"Rage+1","floor":19}],"player_experience":84478,"relics_obtained":[{"floor":3,"key":"Sundial"},{"floor":7,"key":"MawBank"},{"floor":9,"key":"Mummified Hand"},{"floor":11,"key":"Bottled Lightning"},{"floor":20,"key":"Necronomicon"}],"event_choices":[{"damage_healed":0,"gold_gain":75,"player_choice":"Gather Gold","damage_taken":11,"max_hp_gain":0,"max_hp_loss":0,"event_name":"World of Goop","floor":5,"gold_loss":0},{"damage_healed":0,"gold_gain":0,"player_choice":"Upgraded","damage_taken":0,"max_hp_gain":0,"max_hp_loss":0,"event_name":"Upgrade Shrine","floor":12,"gold_loss":0,"cards_upgraded":["Defend_R"]},{"damage_healed":0,"gold_gain":0,"player_choice":"Obtained Book","damage_taken":16,"max_hp_gain":0,"max_hp_loss":0,"event_name":"Cursed Tome","floor":20,"gold_loss":0},{"damage_healed":0,"gold_gain":0,"player_choice":"Opened","damage_taken":0,"relics_obtained":["Torii"],"max_hp_gain":0,"max_hp_loss":0,"event_name":"The Mausoleum","floor":21,"gold_loss":0,"cards_obtained":["Writhe"]}],"is_beta":false,"boss_relics":[{"not_picked":["Empty Cage","Calling Bell"],"picked":"Lizard Tail"}],"items_purged_floors":[],"is_endless":false,"potions_floor_spawned":[7,19],"killed_by":"Snake Plant","ascension_level":0}