{"gold_per_floor":[218,228,242,256,268,268,334,334,334,37,37,49,77,96,96,195,195,210,220,220,220,237,237,249,199,199,218,253,18,18,38,38,143,143,163,263,263,279,294,294,329,329,329,329,329,31,43,56,56,56],"floor_reached":50,"playtime":4540,"items_purged":["Strike_G"],"score":546,"play_id":"9a77528a-2f71-4700-8463-270f2a71284a","local_time":"20190630093130","is_ascension_mode":true,"campfire_choices":[{"data":"Predator","floor":6.0,"key":"SMITH"},{"data":"Dodge and Roll","floor":8.0,"key":"SMITH"},{"data":"Dagger Spray","floor":11.0,"key":"SMITH"},{"data":"Neutralize","floor":15.0,"key":"SMITH"},{"data":"Storm of Steel","floor":23.0,"key":"SMITH"},{"data":"Concentrate","floor":30.0,"key":"SMITH"},{"floor":32.0,"key":"REST"},{"data":"Corpse Explosion","floor":40.0,"key":"SMITH"},{"data":"Survivor","floor":42.0,"key":"SMITH"},{"floor":49.0,"key":"REST"}],"neow_cost":"NONE","seed_source_timestamp":0,"circlet_count":0,"master_deck":["Defend_G","Defend_G","Defend_G","Defend_G","Defend_G","Strike_G","Strike_G","Strike_G","Strike_G","Survivor+1","Neutralize+1","Escape Plan","Terror","Predator+1","PiercingWail","Dodge and Roll+1","Flying Knee","Dagger Spray+1","Dagger Throw","Acrobatics","Deflect","Storm of Steel+1","Underhanded Strike+1","Prepared+1","RitualDagger","Dagger Throw+1","Slice+1","Concentrate+1","Poisoned Stab+1","Swift Strike+1","Dodge and Roll","Corpse Explosion+1","Underhanded Strike+1","Tactician+1","Expertise+1","Dagger Spray+1","Skewer+1","Underhanded Strike+1","Flechettes+1","Parasite","Heel Hook+1"],"special_seed":0,"relics":["Ring of the Snake","Frozen Egg 2","Toolbox","Tingsha","Eternal Feather","Molten Egg 2","The Specimen","PreservedInsect","Philosopher\u0027s Stone","Peace Pipe","Lantern","Blue Candle","Snake Skull","Paper Crane"],"potions_floor_usage":[50],"damage_taken":[{"damage":0.0,"enemies":"Cultist","floor":1.0,"turns":5.0},{"damage":0.0,"enemies":"2 Louse","floor":2.0,"turns":3.0},{"damage":1.0,"enemies":"Jaw Worm","floor":3.0,"turns":5.0},{"damage":8.0,"enemies":"2 Fungi Beasts","floor":4.0,"turns":3.0},{"damage":4.0,"enemies":"Red Slaver","floor":5.0,"turns":3.0},{"damage":0.0,"enemies":"Large Slime","floor":12.0,"turns":4.0},{"damage":6.0,"enemies":"Lagavulin","floor":13.0,"turns":4.0},{"damage":5.0,"enemies":"Looter","floor":14.0,"turns":3.0},{"damage":12.0,"enemies":"Slime Boss","floor":16.0,"turns":14.0},{"damage":1.0,"enemies":"Shell Parasite","floor":18.0,"turns":5.0},{"damage":8.0,"enemies":"Spheric Guardian","floor":19.0,"turns":4.0},{"damage":6.0,"enemies":"3 Cultists","floor":22.0,"turns":5.0},{"damage":0.0,"enemies":"Centurion and Healer","floor":24.0,"turns":7.0},{"damage":21.0,"enemies":"Snake Plant","floor":27.0,"turns":5.0},{"damage":24.0,"enemies":"Slavers","floor":28.0,"turns":5.0},{"damage":16.0,"enemies":"Sentry and Sphere","floor":31.0,"turns":4.0},{"damage":57.0,"enemies":"Collector","floor":33.0,"turns":6.0},{"damage":12.0,"enemies":"3 Darklings","floor":35.0,"turns":2.0},{"damage":0.0,"enemies":"Mind Bloom Boss Battle","floor":36.0,"turns":4.0},{"damage":12.0,"enemies":"Orb Walker","floor":38.0,"turns":4.0},{"damage":17.0,"enemies":"Maw","floor":39.0,"turns":7.0},{"damage":7.0,"enemies":"Reptomancer","floor":41.0,"turns":5.0},{"damage":17.0,"enemies":"Transient","floor":47.0,"turns":5.0},{"damage":13.0,"enemies":"Writhing Mass","floor":48.0,"turns":6.0},{"damage":56,"enemies":"Awakened One","floor":50,"turns":10}],"seed_played":"842972877377488914","potions_obtained":[{"floor":2.0,"key":"AttackPotion"},{"floor":5.0,"key":"AttackPotion"},{"floor":12.0,"key":"Dexterity Potion"},{"floor":13.0,"key":"Regen Potion"},{"floor":16.0,"key":"Ancient Potion"},{"floor":18.0,"key":"Dexterity Potion"},{"floor":19.0,"key":"AttackPotion"},{"floor":28.0,"key":"Energy Potion"},{"floor":31.0,"key":"Weak Potion"},{"floor":33.0,"key":"Fire Potion"},{"floor":47.0,"key":"Dexterity Potion"},{"floor":48.0,"key":"EssenceOfSteel"}],"is_trial":false,"path_per_floor":["M","M","M","M","M","R","?","R","T","$","R","M","E","M","R","B",null,"M","M","?","?","M","R","M","?","T","M","E","$","R","M","R","B",null,"M","?","?","M","M","R","E","R","T","?","T","$","M","M","R","B"],"character_chosen":"THE_SILENT","items_purchased":["Toolbox","Flying Knee","Dagger Spray","Well Laid Plans+1","Swift Strike+1","Paper Crane","Underhanded Strike+1"],"campfire_rested":2,"item_purchase_floors":[10,10,10,29,29,46,46],"current_hp_per_floor":[70,70,69,61,57,57,57,57,57,57,57,57,51,46,46,49,70,69,61,55,55,49,64,64,64,64,43,19,19,37,21,60,3,70,58,58,58,46,29,50,43,64,64,64,64,64,47,34,66,10],"gold":56,"neow_bonus":"HUNDRED_GOLD","is_prod":false,"is_daily":false,"chose_seed":false,"campfire_upgraded":8,"win_rate":0,"timestamp":1561901490,"path_taken":["M","M","M","M","M","R","?","R","T","$","R","M","E","M","R","BOSS","M","M","?","?","M","R","M","?","T","M","E","$","R","M","R","BOSS","M","?","?","M","M","R","E","R","T","?","?","$","?","M","R","BOSS"],"build_version":"2019-01-23","purchased_purges":1,"victory":false,"max_hp_per_floor":[70,70,70,70,70,70,70,70,70,70,70,70,70,70,70,70,70,70,70,70,70,70,70,70,70,70,70,70,70,70,70,70,70,70,70,70,66,66,66,66,66,66,66,66,66,66,66,66,66,66],"card_choices":[{"not_picked":["Backflip","Flechettes"],"picked":"Escape Plan","floor":1.0},{"not_picked":["Underhanded Strike","Quick Slash"],"picked":"Terror","floor":2.0},{"not_picked":["Flying Knee","Underhanded Strike"],"picked":"Predator","floor":3.0},{"not_picked":["Outmaneuver","Bouncing Flask"],"picked":"PiercingWail","floor":4.0},{"not_picked":["Riddle With Holes","Blade Dance"],"picked":"Dodge and Roll","floor":5.0},{"not_picked":["Blade Dance","Cloak And Dagger"],"picked":"Dagger Throw","floor":12.0},{"not_picked":["Dagger Throw","Deadly Poison"],"picked":"Acrobatics","floor":13.0},{"not_picked":["Heel Hook","All Out Attack"],"picked":"Deflect","floor":14.0},{"not_picked":["Envenom+1","Phantasmal Killer"],"picked":"Storm of Steel","floor":16.0},{"not_picked":["Distraction","Outmaneuver"],"picked":"Underhanded Strike+1","floor":18.0},{"not_picked":["Underhanded Strike","Accuracy+1"],"picked":"Prepared+1","floor":19.0},{"not_picked":["Crippling Poison+1","Endless Agony+1"],"picked":"Dagger Throw+1","floor":22.0},{"not_picked":["Dagger Spray+1","Prepared"],"picked":"Slice+1","floor":24.0},{"not_picked":["Acrobatics","Escape Plan"],"picked":"Concentrate","floor":27.0},{"not_picked":["Prepared+1","Glass Knife+1"],"picked":"Poisoned Stab+1","floor":28.0},{"not_picked":["Well Laid Plans+1","Dagger Spray+1"],"picked":"Dodge and Roll","floor":31.0},{"not_picked":["Unload+1","Wraith Form v2+1"],"picked":"Corpse Explosion","floor":33.0},{"not_picked":["Sucker Punch+1","Terror+1"],"picked":"Underhanded Strike+1","floor":35.0},{"not_picked":["Dodge and Roll","Slice+1"],"picked":"Tactician+1","floor":36.0},{"not_picked":["Backflip+1","Bane+1"],"picked":"Expertise+1","floor":38.0},{"not_picked":["Dodge and Roll+1","PiercingWail+1"],"picked":"Dagger Spray+1","floor":39.0},{"not_picked":["Terror","Endless Agony+1"],"picked":"Skewer+1","floor":41.0},{"not_picked":["Eviscerate+1","Grand Finale+1"],"picked":"Flechettes+1","floor":47.0},{"not_picked":["Acrobatics+1","Deflect+1"],"picked":"Heel Hook+1","floor":48.0}],"player_experience":521455,"relics_obtained":[{"floor":9.0,"key":"Frozen Egg 2"},{"floor":13.0,"key":"Tingsha"},{"floor":26.0,"key":"The Specimen"},{"floor":28.0,"key":"PreservedInsect"},{"floor":36.0,"key":"Peace Pipe"},{"floor":41.0,"key":"Lantern"},{"floor":43.0,"key":"Blue Candle"},{"floor":45.0,"key":"Snake Skull"}],"event_choices":[{"damage_healed":0.0,"max_hp_gain":0.0,"max_hp_loss":0.0,"gold_gain":66.0,"event_name":"Golden Wing","player_choice":"Gained Gold","floor":7.0,"gold_loss":0.0,"damage_taken":0.0},{"damage_healed":0.0,"max_hp_gain":0.0,"max_hp_loss":0.0,"gold_gain":0.0,"event_name":"Nest","player_choice":"Joined the Cult","floor":20.0,"gold_loss":0.0,"damage_taken":6.0,"cards_obtained":["RitualDagger"]},{"damage_healed":0.0,"max_hp_gain":0.0,"max_hp_loss":0.0,"gold_gain":0.0,"event_name":"The Mausoleum","player_choice":"Opened","floor":21.0,"gold_loss":0.0,"damage_taken":0.0,"relics_obtained":["Molten Egg 2"]},{"damage_healed":0.0,"max_hp_gain":0.0,"max_hp_loss":0.0,"gold_gain":0.0,"event_name":"The Joust","player_choice":"Bet on Owner","floor":25.0,"gold_loss":50.0,"damage_taken":0.0},{"damage_healed":0.0,"max_hp_gain":0.0,"max_hp_loss":0.0,"gold_gain":0.0,"event_name":"MindBloom","player_choice":"Fight","floor":36.0,"gold_loss":0.0,"damage_taken":0.0},{"damage_healed":0.0,"max_hp_gain":0.0,"max_hp_loss":4.0,"gold_gain":0.0,"event_name":"Winding Halls","player_choice":"Max HP","floor":37.0,"gold_loss":0.0,"damage_taken":0.0},{"cards_removed":["Well Laid Plans"],"damage_healed":0.0,"max_hp_gain":0.0,"max_hp_loss":0.0,"gold_gain":0.0,"event_name":"Falling","player_choice":"Removed Power","floor":44.0,"gold_loss":0.0,"damage_taken":0.0}],"is_beta":false,"boss_relics":[{"not_picked":["Black Star","Ectoplasm"],"picked":"Eternal Feather"},{"not_picked":["Runic Dome","White Beast Statue"],"picked":"Philosopher\u0027s Stone"}],"items_purged_floors":[29],"is_endless":false,"potions_floor_spawned":[2,5,12,13,16,18,19,28,31,33,47,48],"killed_by":"Awakened One","ascension_level":1}