{"gold_per_floor":[117,136,101,113,113,113,123,135,165,165,190,190,23,46,46,46],"floor_reached":16,"playtime":696,"items_purged":[],"score":183,"play_id":"58a314cb-9fe7-4075-b558-a3002bfaed6d","local_time":"20190221164314","is_ascension_mode":true,"campfire_choices":[{"data":"Skewer","floor":6,"key":"SMITH"},{"data":"Leg Sweep","floor":15,"key":"SMITH"}],"neow_cost":"NONE","seed_source_timestamp":676919725131334,"circlet_count":0,"master_deck":["AscendersBane","Defend_G","Defend_G","Defend_G","Defend_G","Defend_G","Strike_G","Strike_G","Strike_G","Strike_G","Strike_G","Survivor","Neutralize","Skewer+1","PiercingWail","Reflex","Cloak And Dagger","Tools of the Trade","Crippling Poison","Infinite Blades","Leg Sweep+1","Outmaneuver"],"relics":["Ring of the Snake","Ancient Tea Set","Tiny Chest","Golden Idol"],"potions_floor_usage":[8,16,16],"damage_taken":[{"damage":9,"enemies":"Small Slimes","floor":1,"turns":6},{"damage":0,"enemies":"Jaw Worm","floor":2,"turns":4},{"damage":3,"enemies":"2 Louse","floor":4,"turns":4},{"damage":12,"enemies":"Gremlin Gang","floor":7,"turns":5},{"damage":0,"enemies":"Large Slime","floor":8,"turns":6},{"damage":15,"enemies":"Lots of Slimes","floor":11,"turns":8},{"damage":2,"enemies":"Red Slaver","floor":14,"turns":5},{"damage":27,"enemies":"Hexaghost","floor":16,"turns":11}],"seed_played":"7536538869497945783","potions_obtained":[{"floor":2,"key":"Swift Potion"},{"floor":4,"key":"Swift Potion"},{"floor":8,"key":"SteroidPotion"},{"floor":14,"key":"LiquidBronze"}],"is_trial":false,"path_per_floor":["M","M","?","M","?","R","M","M","T","?","M","?","$","M","R","B"],"character_chosen":"THE_SILENT","items_purchased":["Infinite Blades","Leg Sweep"],"campfire_rested":0,"item_purchase_floors":[13,13],"current_hp_per_floor":[56,56,72,69,51,51,39,39,39,39,24,24,24,22,22,0],"gold":46,"neow_bonus":"TEN_PERCENT_HP_BONUS","is_prod":false,"is_daily":false,"chose_seed":false,"campfire_upgraded":2,"win_rate":0,"timestamp":1550785394,"path_taken":["M","M","?","M","?","R","M","M","T","?","M","?","$","M","R","BOSS"],"build_version":"2019-02-06","purchased_purges":0,"victory":false,"max_hp_per_floor":[72,72,72,72,72,72,72,72,72,72,72,72,72,72,72,72],"card_choices":[{"not_picked":["Dagger Throw","Tactician"],"picked":"Skewer","floor":1},{"not_picked":["Prepared","Flying Knee"],"picked":"PiercingWail","floor":2},{"not_picked":["Dagger Spray","Setup"],"picked":"Reflex","floor":4},{"not_picked":["Bouncing Flask","Slice"],"picked":"Cloak And Dagger","floor":7},{"not_picked":["Escape Plan","Eviscerate"],"picked":"Tools of the Trade","floor":8},{"not_picked":["Prepared","Eviscerate"],"picked":"Crippling Poison","floor":11},{"not_picked":["Dagger Spray","Riddle With Holes"],"picked":"Outmaneuver","floor":14}],"player_experience":1002823,"relics_obtained":[{"floor":9,"key":"Tiny Chest"}],"event_choices":[{"damage_healed":18,"gold_gain":0,"player_choice":"Healed","damage_taken":0,"max_hp_gain":0,"max_hp_loss":0,"event_name":"The Cleric","floor":3,"gold_loss":35},{"damage_healed":0,"gold_gain":0,"player_choice":"Success","damage_taken":18,"relics_obtained":["Ancient Tea Set"],"max_hp_gain":0,"max_hp_loss":0,"event_name":"Scrap Ooze","floor":5,"gold_loss":0},{"damage_healed":0,"gold_gain":0,"player_choice":"Take Wound","damage_taken":0,"relics_obtained":["Golden Idol"],"max_hp_gain":0,"max_hp_loss":0,"event_name":"Golden Idol","floor":10,"gold_loss":0,"cards_obtained":["Injury"]},{"cards_removed":["Injury"],"damage_healed":0,"gold_gain":0,"player_choice":"Forget","damage_taken":0,"max_hp_gain":0,"max_hp_loss":0,"event_name":"Living Wall","floor":12,"gold_loss":0}],"is_beta":true,"boss_relics":[],"items_purged_floors":[],"is_endless":false,"potions_floor_spawned":[2,4,8,14],"killed_by":"Hexaghost","ascension_level":19}