{"gold_per_floor":[110,127,202,202,202,229,244,244,269,269,90,109,128,153,153,257,257,240,339,355,355,355,355],"floor_reached":23,"playtime":1243,"items_purged":[],"score":199,"play_id":"f50fdce8-a4cd-4440-8ed3-2b0f99045754","local_time":"20180919162351","is_ascension_mode":false,"campfire_choices":[{"data":"Seeing Red","floor":8,"key":"SMITH"},{"floor":15,"key":"REST"}],"neow_cost":"NONE","seed_source_timestamp":56007471874418,"circlet_count":0,"master_deck":["Strike_R","Strike_R","Strike_R","Strike_R","Strike_R","Defend_R","Defend_R","Defend_R","Defend_R","Bash","Flame Barrier+1","Shrug It Off","Pommel Strike","Seeing Red+1","Wild Strike","Iron Wave","Perfected Strike","Impervious","Cleave","Wild Strike+1"],"relics":["Burning Blood","Red Skull","Omamori","Anchor","Ginger","Eternal Feather"],"potions_floor_usage":[14,16,23],"damage_taken":[{"damage":5,"enemies":"Small Slimes","floor":1,"turns":3},{"damage":2,"enemies":"2 Louse","floor":2,"turns":3},{"damage":28,"enemies":"3 Sentries","floor":6,"turns":12},{"damage":2,"enemies":"Jaw Worm","floor":7,"turns":4},{"damage":20,"enemies":"Large Slime","floor":12,"turns":5},{"damage":0,"enemies":"Blue Slaver","floor":13,"turns":3},{"damage":40,"enemies":"Gremlin Nob","floor":14,"turns":5},{"damage":51,"enemies":"Hexaghost","floor":16,"turns":9},{"damage":25,"enemies":"2 Thieves","floor":18,"turns":4},{"damage":17,"enemies":"Spheric Guardian","floor":20,"turns":5},{"damage":58,"enemies":"Slavers","floor":23,"turns":4}],"seed_played":"-5671146712591230323","potions_obtained":[{"floor":2,"key":"LiquidBronze"},{"floor":6,"key":"SkillPotion"},{"floor":20,"key":"FearPotion"}],"is_trial":false,"path_per_floor":["M","M","?","?","?","E","M","R","T","?","$","M","M","E","R","B",null,"M","?","M","?","?"],"character_chosen":"IRONCLAD","items_purchased":["Anchor","Wild Strike"],"campfire_rested":1,"item_purchase_floors":[11,11],"current_hp_per_floor":[88,88,77,77,77,55,59,59,59,81,81,67,73,39,65,20,88,69,69,58,41,41,0],"gold":355,"neow_bonus":"TEN_PERCENT_HP_BONUS","is_prod":false,"is_daily":false,"chose_seed":false,"campfire_upgraded":1,"win_rate":0.0,"timestamp":1537392231,"path_taken":["M","M","?","?","?","E","M","R","T","?","$","?","M","E","R","BOSS","M","?","M","?","?","E"],"build_version":"2018-09-06","purchased_purges":0,"victory":false,"max_hp_per_floor":[88,88,88,88,88,88,88,88,88,88,88,88,88,88,88,88,88,88,88,88,93,93,93],"card_choices":[{"not_picked":["Warcry","True Grit"],"picked":"Flame Barrier","floor":1},{"not_picked":["Warcry","Power Through"],"picked":"Shrug It Off","floor":2},{"not_picked":["Pummel","Juggernaut"],"picked":"Pommel Strike","floor":6},{"not_picked":["Sword Boomerang","Ghostly Armor"],"picked":"Seeing Red","floor":7},{"not_picked":["Headbutt","Infernal Blade","Sword Boomerang"],"picked":"SKIP","floor":12},{"not_picked":["Sentinel","Clash"],"picked":"Iron Wave","floor":13},{"not_picked":["Double Tap","Searing Blow"],"picked":"Perfected Strike","floor":14},{"not_picked":["Feed","Dark Embrace"],"picked":"Impervious","floor":16},{"not_picked":["Body Slam+1","Entrench+1"],"picked":"Cleave","floor":18},{"not_picked":["Sword Boomerang","Havoc+1"],"picked":"Wild Strike+1","floor":20}],"player_experience":40987,"relics_obtained":[{"floor":6,"key":"Red Skull"},{"floor":9,"key":"Omamori"},{"floor":14,"key":"Ginger"}],"event_choices":[{"event_name":"World of Goop","player_choice":"Gather Gold","floor":3,"damage_taken":0},{"event_name":"The Cleric","player_choice":"Leave","floor":4,"damage_taken":0},{"event_name":"Living Wall","player_choice":"Grow","floor":5,"damage_taken":0},{"event_name":"Mushrooms","player_choice":"Healed and dodged fight","floor":10,"damage_taken":0},{"event_name":"Nest","player_choice":"Stole From Cult","floor":19,"damage_taken":0},{"event_name":"Forgotten Altar","player_choice":"Shed Blood","floor":21,"damage_taken":0},{"event_name":"Ghosts","player_choice":"Ignored","floor":22,"damage_taken":0}],"is_beta":false,"boss_relics":[{"not_picked":["Velvet Choker","Busted Crown"],"picked":"Eternal Feather"}],"items_purged_floors":[],"is_endless":false,"potions_floor_spawned":[2,6,20],"killed_by":"Slavers","ascension_level":0}