{"gold_per_floor":[114,114,129,144,144,144,174,174,249],"floor_reached":9,"playtime":509,"items_purged":[],"score":61,"play_id":"45cf4c03-a08a-42d0-9d4b-3ecde43dd2af","local_time":"20190726185109","daily_mods":["Draft","Diverse","Elite Swarm"],"is_ascension_mode":false,"campfire_choices":[{"data":"Entrench","floor":6,"key":"SMITH"},{"floor":8,"key":"REST"}],"neow_cost":"","seed_source_timestamp":0,"circlet_count":0,"master_deck":["Reinforced Body","Rebound","Gash","Slice","Concentrate","Hello World","True Grit","Intimidate","Carnage","Blade Dance","Darkness","Entrench+1","Cleave","Blade Dance","Prepared","Conserve Battery","Second Wind"],"special_seed":18104,"relics":["Ring of the Snake","Bottled Tornado","Bottled Flame"],"potions_floor_usage":[],"damage_taken":[{"damage":0,"enemies":"Cultist","floor":1,"turns":3},{"damage":0,"enemies":"2 Louse","floor":3,"turns":2},{"damage":9,"enemies":"Small Slimes","floor":4,"turns":4},{"damage":22,"enemies":"3 Sentries","floor":7,"turns":7}],"seed_played":"-8369019304944216632","potions_obtained":[{"floor":3,"key":"SpeedPotion"},{"floor":4,"key":"SkillPotion"}],"is_trial":false,"path_per_floor":["M","$","M","M","?","R","E","R","T"],"character_chosen":"THE_SILENT","items_purchased":[],"campfire_rested":1,"item_purchase_floors":[],"current_hp_per_floor":[70,70,70,61,61,61,39,60,60],"gold":249,"neow_bonus":"","is_prod":false,"is_daily":true,"chose_seed":false,"campfire_upgraded":1,"win_rate":0,"timestamp":1564192269,"path_taken":["M","?","M","M","?","R","E","R","T"],"build_version":"2019-07-17","purchased_purges":0,"victory":false,"max_hp_per_floor":[70,70,70,70,70,70,70,70,70],"card_choices":[{"not_picked":["Redo","Chill"],"picked":"Reinforced Body","floor":0},{"not_picked":["Underhanded Strike","Turbo"],"picked":"Rebound","floor":0},{"not_picked":["Crippling Poison","Deadly Poison"],"picked":"Gash","floor":0},{"not_picked":["Underhanded Strike","Combust"],"picked":"Slice","floor":0},{"not_picked":["Bouncing Flask","Flex"],"picked":"Concentrate","floor":0},{"not_picked":["Heavy Blade","Wild Strike"],"picked":"Hello World","floor":0},{"not_picked":["Havoc","Coolheaded"],"picked":"True Grit","floor":0},{"not_picked":["Armaments","Coolheaded"],"picked":"Intimidate","floor":0},{"not_picked":["Beam Cell","Compile Driver"],"picked":"Carnage","floor":0},{"not_picked":["Crippling Poison","Ball Lightning"],"picked":"Blade Dance","floor":0},{"not_picked":["Cloak And Dagger","Reinforced Body"],"picked":"Darkness","floor":0},{"not_picked":["Leap","Gash"],"picked":"Entrench","floor":0},{"not_picked":["Deadly Poison","Clash"],"picked":"Cleave","floor":0},{"not_picked":["Twin Strike","Clothesline"],"picked":"Blade Dance","floor":0},{"not_picked":["Sentinel","Cloak And Dagger"],"picked":"Prepared","floor":0},{"not_picked":["Chaos","Blizzard"],"picked":"Conserve Battery","floor":1},{"not_picked":["Thunderclap","Riddle With Holes","Blood for Blood"],"picked":"SKIP","floor":3},{"not_picked":["Leap","Rebound"],"picked":"Second Wind","floor":4},{"not_picked":["Exhume","Storm of Steel","Reboot"],"picked":"SKIP","floor":7}],"player_experience":216701,"relics_obtained":[{"floor":7,"key":"Bottled Tornado"},{"floor":9,"key":"Bottled Flame"}],"event_choices":[{"damage_healed":0,"gold_gain":0,"player_choice":"Ignored","damage_taken":0,"max_hp_gain":0,"max_hp_loss":0,"event_name":"Liars Game","floor":5,"gold_loss":0}],"is_beta":false,"boss_relics":[],"items_purged_floors":[],"is_endless":false,"potions_floor_spawned":[3,4],"ascension_level":0}