{"gold_per_floor":[215,226,238,250,137,137,152,152,152,152,179,197,208,218,218,322,322,306,320,332,345,365,365,376,376,676,676,204,217,167,181,181,181],"floor_reached":33,"playtime":4189,"items_purged":["Strike_G"],"score":257,"play_id":"623bc3d4-990a-464b-9d71-be833d4d1c85","local_time":"20190623195403","is_ascension_mode":false,"campfire_choices":[{"data":"Finisher","floor":6,"key":"SMITH"},{"data":"Backstab","floor":8,"key":"SMITH"},{"data":"Deadly Poison","floor":10,"key":"SMITH"},{"data":"Footwork","floor":15,"key":"SMITH"},{"data":"Catalyst","floor":23,"key":"SMITH"},{"data":"Cloak And Dagger","floor":25,"key":"SMITH"},{"data":"Cloak And Dagger","floor":27,"key":"SMITH"},{"data":"Unload","floor":32,"key":"SMITH"}],"neow_cost":"NONE","seed_source_timestamp":63808992263000,"circlet_count":0,"master_deck":["Defend_G","Defend_G","Defend_G","Defend_G","Defend_G","Strike_G","Strike_G","Strike_G","Strike_G","Survivor","Neutralize","Bouncing Flask","Finisher+1","Deadly Poison+1","Cloak And Dagger+1","Flying Knee","Swift Strike","Backstab+1","Catalyst+1","Dagger Throw","Footwork+1","Caltrops","Unload+1","Dagger Spray","Cloak And Dagger+1","Deflect","Well Laid Plans","Leg Sweep","Slice","Panache","Caltrops","Dagger Spray+1","Dodge and Roll"],"relics":["Ring of the Snake","Pear","Ninja Scroll","WristBlade","Old Coin","Anchor"],"potions_floor_usage":[16,31,33,33,33,33,33],"damage_taken":[{"damage":0,"enemies":"Small Slimes","floor":1,"turns":4},{"damage":0,"enemies":"Cultist","floor":2,"turns":3},{"damage":1,"enemies":"Jaw Worm","floor":3,"turns":4},{"damage":4,"enemies":"Exordium Wildlife","floor":4,"turns":7},{"damage":0,"enemies":"3 Louse","floor":7,"turns":4},{"damage":22,"enemies":"3 Sentries","floor":11,"turns":8},{"damage":0,"enemies":"Looter","floor":12,"turns":1},{"damage":0,"enemies":"2 Fungi Beasts","floor":13,"turns":2},{"damage":0,"enemies":"Red Slaver","floor":14,"turns":1},{"damage":22,"enemies":"Slime Boss","floor":16,"turns":12},{"damage":0,"enemies":"2 Thieves","floor":18,"turns":4},{"damage":5,"enemies":"Shell Parasite","floor":19,"turns":4},{"damage":17,"enemies":"Snake Plant","floor":20,"turns":3},{"damage":0,"enemies":"3 Cultists","floor":21,"turns":4},{"damage":0,"enemies":"Centurion and Healer","floor":22,"turns":3},{"damage":0,"enemies":"Cultist and Chosen","floor":24,"turns":3},{"damage":6,"enemies":"Shelled Parasite and Fungi","floor":29,"turns":2},{"damage":5,"enemies":"Sentry and Sphere","floor":31,"turns":4},{"damage":109,"enemies":"Automaton","floor":33,"turns":12}],"seed_played":"517641705171815535","potions_obtained":[{"floor":2,"key":"SpeedPotion"},{"floor":3,"key":"GhostInAJar"},{"floor":13,"key":"EntropicBrew"},{"floor":18,"key":"GamblersBrew"}],"is_trial":false,"path_per_floor":["M","M","M","M","$","R","M","R","T","R","E","M","M","M","R","B",null,"M","M","M","M","M","R","M","R","T","R","$","M","?","M","R","B"],"character_chosen":"THE_SILENT","items_purchased":["Flying Knee","Swift Strike","Panache","Anchor","Caltrops"],"campfire_rested":0,"item_purchase_floors":[5,5,28,28,28],"current_hp_per_floor":[70,70,69,65,65,65,65,65,75,75,53,53,53,53,53,31,80,80,75,58,58,58,58,58,58,58,58,58,52,52,47,47,0],"gold":181,"neow_bonus":"HUNDRED_GOLD","is_prod":false,"is_daily":false,"chose_seed":false,"campfire_upgraded":8,"win_rate":0,"timestamp":1561334043,"path_taken":["M","M","M","M","$","R","M","R","T","R","E","M","M","M","R","BOSS","M","M","M","M","M","R","M","R","T","R","$","M","?","M","R","BOSS"],"build_version":"2019-01-23","purchased_purges":1,"victory":false,"max_hp_per_floor":[70,70,70,70,70,70,70,70,80,80,80,80,80,80,80,80,80,80,80,80,80,80,80,80,80,80,80,80,80,80,80,80,80],"card_choices":[{"not_picked":["Cloak And Dagger","Concentrate"],"picked":"Bouncing Flask","floor":1},{"not_picked":["Backflip","Flying Knee"],"picked":"Finisher","floor":2},{"not_picked":["Poisoned Stab","Acrobatics"],"picked":"Deadly Poison","floor":3},{"not_picked":["Accuracy","Skewer"],"picked":"Cloak And Dagger","floor":4},{"not_picked":["Infinite Blades","A Thousand Cuts"],"picked":"Backstab","floor":7},{"not_picked":["PiercingWail","Cloak And Dagger"],"picked":"Catalyst","floor":11},{"not_picked":["Blade Dance","Cloak And Dagger"],"picked":"Dagger Throw","floor":12},{"not_picked":["Skewer","Prepared"],"picked":"Footwork","floor":13},{"not_picked":["Reflex","Accuracy"],"picked":"Caltrops","floor":14},{"not_picked":["Phantasmal Killer","Wraith Form v2"],"picked":"Unload","floor":16},{"not_picked":["Underhanded Strike+1","Sucker Punch"],"picked":"Dagger Spray","floor":18},{"not_picked":["Concentrate","Blade Dance"],"picked":"Cloak And Dagger","floor":19},{"not_picked":["Catalyst+1","Caltrops+1"],"picked":"Deflect","floor":20},{"not_picked":["Poisoned Stab+1","PiercingWail"],"picked":"Well Laid Plans","floor":21},{"not_picked":["Dagger Throw","Underhanded Strike+1"],"picked":"Leg Sweep","floor":22},{"not_picked":["Noxious Fumes","Outmaneuver+1"],"picked":"Slice","floor":24},{"not_picked":["Wraith Form v2","Acrobatics"],"picked":"Dagger Spray+1","floor":29},{"not_picked":["Calculated Gamble","Deflect"],"picked":"Dodge and Roll","floor":31}],"player_experience":470570,"relics_obtained":[{"floor":9,"key":"Pear"},{"floor":11,"key":"Ninja Scroll"},{"floor":26,"key":"Old Coin"}],"event_choices":[{"damage_healed":0,"gold_gain":0,"player_choice":"Bet on Owner","damage_taken":0,"max_hp_gain":0,"max_hp_loss":0,"event_name":"The Joust","floor":30,"gold_loss":50}],"is_beta":false,"boss_relics":[{"not_picked":["White Beast Statue","Orrery"],"picked":"WristBlade"}],"items_purged_floors":[28],"is_endless":false,"potions_floor_spawned":[2,3,13,14,18,22,24],"killed_by":"Automaton","ascension_level":0}