{"gold_per_floor":[117,137,212,232,232,265,265,282,282,40,54,73,89,103,103,206,206,221,237,253,268,268,268,282,282,354,369,397,397,122,137,137,137],"floor_reached":33,"playtime":2600,"items_purged":[],"score":302,"play_id":"75948bad-8880-4f04-90a1-33b86c850546","local_time":"20190512092213","is_ascension_mode":false,"campfire_choices":[{"floor":7.0,"key":"REST"},{"floor":15.0,"key":"REST"},{"floor":23.0,"key":"RECALL"},{"floor":25.0,"key":"REST"},{"floor":32,"key":"REST"}],"neow_cost":"NONE","seed_source_timestamp":0,"circlet_count":0,"master_deck":["Defend_G","Defend_G","Defend_G","Defend_G","Defend_G","Strike_G","Strike_G","Strike_G","Strike_G","Survivor","Neutralize","Deadly Poison","Dagger Spray","Terror","Strike_B","Poisoned Stab","Predator","Cloak And Dagger","Quick Slash","Catalyst","Bane","Endless Agony","Die Die Die","Backstab","Backstab+1","Cloak And Dagger+1","Flying Knee","Dark Shackles","Quick Slash","Deflect","Skewer+1","Infinite Blades","Deadly Poison","Bane","Riddle With Holes"],"special_seed":0,"relics":["Ring of the Snake","NeowsBlessing","Potion Belt","Medical Kit","Fusion Hammer","Paper Crane","Gremlin Horn","Cauldron"],"potions_floor_usage":[28,29,31,31,33,33],"damage_taken":[{"damage":0.0,"enemies":"Cultist","floor":1.0,"turns":1.0},{"damage":0.0,"enemies":"Small Slimes","floor":2.0,"turns":1.0},{"damage":0.0,"enemies":"2 Louse","floor":4.0,"turns":1.0},{"damage":36.0,"enemies":"Lagavulin","floor":6.0,"turns":9.0},{"damage":0.0,"enemies":"Red Slaver","floor":8.0,"turns":5.0},{"damage":2.0,"enemies":"Blue Slaver","floor":11.0,"turns":4.0},{"damage":13.0,"enemies":"2 Fungi Beasts","floor":12.0,"turns":4.0},{"damage":1.0,"enemies":"Looter","floor":13.0,"turns":3.0},{"damage":3.0,"enemies":"Red Slaver","floor":14.0,"turns":3.0},{"damage":20.0,"enemies":"Hexaghost","floor":16.0,"turns":8.0},{"damage":3.0,"enemies":"3 Byrds","floor":18.0,"turns":5.0},{"damage":0.0,"enemies":"Chosen","floor":19.0,"turns":3.0},{"damage":17.0,"enemies":"Snake Plant","floor":20.0,"turns":4.0},{"damage":8.0,"enemies":"Snecko","floor":21.0,"turns":3.0},{"damage":27.0,"enemies":"Shelled Parasite and Fungi","floor":24.0,"turns":4.0},{"damage":15.0,"enemies":"Centurion and Healer","floor":27.0,"turns":4.0},{"damage":8,"enemies":"Slavers","floor":28,"turns":5},{"damage":2,"enemies":"Snecko","floor":29,"turns":3},{"damage":8,"enemies":"Sentry and Sphere","floor":31,"turns":6},{"damage":34,"enemies":"Champ","floor":33,"turns":6}],"seed_played":"2479792937521688556","potions_obtained":[{"floor":2.0,"key":"GamblersBrew"},{"floor":6.0,"key":"SmokeBomb"},{"floor":11.0,"key":"GhostInAJar"},{"floor":14.0,"key":"FearPotion"},{"floor":16.0,"key":"PowerPotion"},{"floor":18.0,"key":"Explosive Potion"},{"floor":19.0,"key":"SkillPotion"},{"floor":21.0,"key":"Ancient Potion"},{"floor":28,"key":"GhostInAJar"},{"floor":30,"key":"Block Potion"},{"floor":30,"key":"FairyPotion"},{"floor":30,"key":"Explosive Potion"},{"floor":30,"key":"Ancient Potion"}],"is_trial":false,"path_per_floor":["M","M","?","M","?","E","R","M","T","$","M","M","M","M","R","B",null,"M","M","M","M","?","R","M","R","T","M","E","M","$","M","R","B"],"character_chosen":"THE_SILENT","items_purchased":["Medical Kit","Cloak And Dagger","Deadly Poison","Bane","Cauldron"],"campfire_rested":4,"item_purchase_floors":[10,10,30,30,30],"current_hp_per_floor":[70,70,59,59,59,23,44,44,44,44,42,29,28,25,46,26,70,67,67,50,42,42,42,15,36,36,21,13,11,11,3,24,0],"gold":137,"neow_bonus":"THREE_ENEMY_KILL","is_prod":false,"is_daily":false,"chose_seed":false,"campfire_upgraded":0,"win_rate":0,"timestamp":1557667333,"path_taken":["M","?","?","M","?","E","R","M","T","$","M","M","M","M","R","BOSS","M","M","M","M","?","R","M","R","T","M","E","M","$","M","R","BOSS"],"build_version":"2019-01-23","purchased_purges":0,"victory":false,"max_hp_per_floor":[70,70,70,70,70,70,70,70,70,70,70,70,70,70,70,70,70,70,70,70,70,70,70,70,70,70,70,70,70,70,70,70,70],"card_choices":[{"not_picked":["Dagger Throw","Sucker Punch"],"picked":"Deadly Poison","floor":1.0},{"not_picked":["Expertise","Quick Slash"],"picked":"Dagger Spray","floor":2.0},{"not_picked":["Quick Slash","Slice"],"picked":"Terror","floor":4.0},{"not_picked":["Predator","Well Laid Plans"],"picked":"Poisoned Stab","floor":6.0},{"not_picked":["Blur","Backflip"],"picked":"Predator","floor":8.0},{"not_picked":["Underhanded Strike","Predator"],"picked":"Quick Slash","floor":11.0},{"not_picked":["Prepared","Envenom"],"picked":"Catalyst","floor":12.0},{"not_picked":["Terror","Dodge and Roll"],"picked":"Bane","floor":13.0},{"not_picked":["Dagger Throw","Prepared"],"picked":"Endless Agony","floor":14.0},{"not_picked":["A Thousand Cuts","Glass Knife"],"picked":"Die Die Die","floor":16.0},{"not_picked":["Concentrate","Backflip"],"picked":"Backstab","floor":18.0},{"not_picked":["Infinite Blades","Quick Slash"],"picked":"Backstab+1","floor":19.0},{"not_picked":["Poisoned Stab","Caltrops"],"picked":"Cloak And Dagger+1","floor":20.0},{"not_picked":["Acrobatics","Footwork"],"picked":"Flying Knee","floor":21.0},{"not_picked":["Eviscerate","Quick Slash+1"],"picked":"Deflect","floor":24.0},{"not_picked":["Dodge and Roll","Footwork"],"picked":"Skewer+1","floor":27.0},{"not_picked":["Acrobatics","All Out Attack+1"],"picked":"Infinite Blades","floor":28},{"not_picked":["Well Laid Plans+1","Tactician"],"picked":"Riddle With Holes","floor":31}],"player_experience":336736,"relics_obtained":[{"floor":6.0,"key":"Potion Belt"},{"floor":26.0,"key":"Paper Crane"},{"floor":28,"key":"Gremlin Horn"}],"event_choices":[{"damage_healed":0.0,"max_hp_gain":0.0,"max_hp_loss":0.0,"gold_gain":75.0,"event_name":"World of Goop","player_choice":"Gather Gold","floor":3.0,"gold_loss":0.0,"damage_taken":11.0},{"cards_removed":["Strike_G"],"damage_healed":0.0,"max_hp_gain":0.0,"max_hp_loss":0.0,"gold_gain":0.0,"event_name":"NoteForYourself","player_choice":"Took Card","floor":5.0,"gold_loss":0.0,"damage_taken":0.0,"cards_obtained":["Strike_B"]},{"damage_healed":0.0,"max_hp_gain":0.0,"max_hp_loss":0.0,"gold_gain":0.0,"event_name":"Match and Keep!","player_choice":"2 cards matched","floor":22.0,"gold_loss":0.0,"damage_taken":0.0,"cards_obtained":["Dark Shackles","Quick Slash"]}],"is_beta":false,"boss_relics":[{"not_picked":["Pandora\u0027s Box","Snecko Eye"],"picked":"Fusion Hammer"}],"items_purged_floors":[],"is_endless":false,"potions_floor_spawned":[2,6,11,14,16,18,19,21,28],"killed_by":"Champ","ascension_level":0}