{"gold_per_floor":[116,127,142,154,164,193,193,93,93,93,104,124,138,138,138,240,240,256,355,355,374,95,129,129,147,147,164,187,187,205,224,224,329,329,345,345,345,445,12,12],"floor_reached":40,"playtime":2786,"items_purged":[],"score":456,"play_id":"4e142d65-7e66-4a3e-a0e0-2d8a165e0fb7","local_time":"20190501224434","is_ascension_mode":true,"campfire_choices":[{"data":"Static Discharge","floor":7.0,"key":"SMITH"},{"floor":10.0,"key":"REST"},{"floor":15.0,"key":"REST"},{"floor":32,"key":"REST"}],"neow_cost":"NONE","seed_source_timestamp":0,"circlet_count":0,"master_deck":["Zap","Dualcast","Static Discharge+1","Capacitor","Doom and Gloom","Tempest","Chill","Reprogram","Defragment","Coolheaded","Go for the Eyes","Undo","FTL","Seek","Multi-Cast","Recycle","BootSequence","Gash","Sunder","Self Repair","Compile Driver","Tempest","Go for the Eyes","Defragment","Static Discharge+1","Loop+1","Self Repair","Necronomicurse","Leap","Buffer","Steam+1","Madness","Madness","Madness","Steam+1","Swift Strike"],"special_seed":0,"relics":["Cracked Core","Vajra","Bronze Scales","Pandora\u0027s Box","HandDrill","DataDisk","Juzu Bracelet","Necronomicon","Sozu","Bird Faced Urn","Boot","PrismaticShard"],"potions_floor_usage":[27,30,30,31,35],"damage_taken":[{"damage":1.0,"enemies":"Cultist","floor":1.0,"turns":3.0},{"damage":8.0,"enemies":"Jaw Worm","floor":2.0,"turns":3.0},{"damage":9.0,"enemies":"Small Slimes","floor":3.0,"turns":4.0},{"damage":5.0,"enemies":"Looter","floor":4.0,"turns":4.0},{"damage":6.0,"enemies":"Large Slime","floor":5.0,"turns":5.0},{"damage":34.0,"enemies":"Lagavulin","floor":6.0,"turns":7.0},{"damage":10.0,"enemies":"Exordium Wildlife","floor":11.0,"turns":3.0},{"damage":1.0,"enemies":"2 Fungi Beasts","floor":12.0,"turns":3.0},{"damage":2.0,"enemies":"Looter","floor":13.0,"turns":4.0},{"damage":25.0,"enemies":"Slime Boss","floor":16.0,"turns":7.0},{"damage":17.0,"enemies":"Spheric Guardian","floor":18.0,"turns":3.0},{"damage":7.0,"enemies":"Chosen","floor":21.0,"turns":4.0},{"damage":24,"enemies":"Book of Stabbing","floor":23,"turns":4},{"damage":12,"enemies":"3 Cultists","floor":25,"turns":6},{"damage":20,"enemies":"Centurion and Healer","floor":27,"turns":5},{"damage":2,"enemies":"Snecko","floor":30,"turns":4},{"damage":8,"enemies":"Snake Plant","floor":31,"turns":5},{"damage":40,"enemies":"Champ","floor":33,"turns":8},{"damage":11,"enemies":"3 Darklings","floor":35,"turns":4},{"damage":1,"enemies":"Mind Bloom Boss Battle","floor":38,"turns":7},{"damage":97,"enemies":"Giant Head","floor":40,"turns":9}],"seed_played":"-1094276302833441836","potions_obtained":[{"floor":3.0,"key":"SneckoOil"},{"floor":4.0,"key":"FearPotion"},{"floor":6.0,"key":"FearPotion"},{"floor":12.0,"key":"Weak Potion"},{"floor":16.0,"key":"SteroidPotion"},{"floor":21.0,"key":"FocusPotion"},{"floor":25,"key":"Regen Potion"},{"floor":30,"key":"Dexterity Potion"},{"floor":33,"key":"Block Potion"}],"is_trial":false,"path_per_floor":["M","M","M","M","M","E","R","$","T","R","M","M","M","?","R","B",null,"M","?","?","M","$","E","?","M","T","M","T","?","M","M","R","B",null,"M","?","?","?","$","E"],"character_chosen":"DEFECT","items_purchased":["Defragment","Coolheaded","Defragment","HandDrill","Boot","PrismaticShard","Swift Strike"],"campfire_rested":3,"item_purchase_floors":[8,8,22,22,39,39,39],"current_hp_per_floor":[81,73,64,59,53,19,19,19,19,43,33,32,30,35,61,36,87,70,70,70,63,63,39,39,34,34,36,36,20,25,31,57,17,87,83,72,72,85,85,0],"gold":12,"neow_bonus":"TEN_PERCENT_HP_BONUS","is_prod":false,"is_daily":false,"chose_seed":false,"campfire_upgraded":1,"win_rate":0,"timestamp":1556765074,"path_taken":["M","M","M","M","M","E","R","?","T","R","M","?","M","?","R","BOSS","M","?","?","M","$","E","?","M","T","M","?","?","M","M","R","BOSS","M","?","?","?","$","E"],"build_version":"2019-01-23","purchased_purges":0,"victory":false,"max_hp_per_floor":[82,82,82,82,82,82,82,82,82,82,82,82,82,87,87,87,87,87,87,87,87,87,87,87,87,87,87,87,87,87,87,87,87,87,87,87,87,87,87,87],"card_choices":[{"not_picked":["Stack","Darkness"],"picked":"Static Discharge","floor":1.0},{"not_picked":["Compile Driver","Reprogram"],"picked":"Capacitor","floor":2.0},{"not_picked":["FTL","Redo"],"picked":"Doom and Gloom","floor":3.0},{"not_picked":["Turbo","Stack"],"picked":"Tempest","floor":4.0},{"not_picked":["Darkness","Consume"],"picked":"Chill","floor":5.0},{"not_picked":["Heatsinks","Force Field"],"picked":"Reprogram","floor":6.0},{"not_picked":["Ball Lightning","Doom and Gloom"],"picked":"Go for the Eyes","floor":11.0},{"not_picked":["Doom and Gloom","Ball Lightning"],"picked":"Undo","floor":12.0},{"not_picked":["Hyperbeam","Compile Driver"],"picked":"FTL","floor":13.0},{"not_picked":["Amplify","Rainbow"],"picked":"Seek","floor":16.0},{"not_picked":["Turbo","Recycle","Ball Lightning"],"picked":"SKIP","floor":18.0},{"not_picked":["Streamline","FTL"],"picked":"Go for the Eyes","floor":21.0},{"not_picked":["Amplify","White Noise"],"picked":"Static Discharge+1","floor":23},{"not_picked":["Storm","BootSequence+1"],"picked":"Loop+1","floor":25},{"not_picked":["BootSequence+1","White Noise+1"],"picked":"Self Repair","floor":27},{"not_picked":["Streamline","Blizzard"],"picked":"Leap","floor":30},{"not_picked":["Go for the Eyes","Chaos","Loop"],"picked":"SKIP","floor":31},{"not_picked":["Echo Form","Amplify"],"picked":"Buffer","floor":33},{"not_picked":["Rip and Tear","Steam Power+1"],"picked":"Steam+1","floor":35},{"not_picked":["PanicButton","Impatience"],"picked":"Madness","floor":37},{"not_picked":["Go for the Eyes","Stack+1"],"picked":"Steam+1","floor":38}],"player_experience":303969,"relics_obtained":[{"floor":6.0,"key":"Vajra"},{"floor":9.0,"key":"Bronze Scales"},{"floor":23,"key":"DataDisk"},{"floor":28,"key":"Juzu Bracelet"},{"floor":29,"key":"Necronomicon"},{"floor":38,"key":"Bird Faced Urn"}],"event_choices":[{"damage_healed":0.0,"max_hp_gain":5.0,"max_hp_loss":0.0,"gold_gain":0.0,"event_name":"Big Fish","player_choice":"Donut","floor":14.0,"gold_loss":0.0,"damage_taken":0.0},{"damage_healed":0.0,"max_hp_gain":0.0,"max_hp_loss":0.0,"gold_gain":99.0,"event_name":"Nest","player_choice":"Stole From Cult","floor":19.0,"gold_loss":0.0,"damage_taken":0.0},{"damage_healed":0.0,"max_hp_gain":0.0,"max_hp_loss":0.0,"gold_gain":0.0,"event_name":"Vampires","player_choice":"Ignored","floor":20.0,"gold_loss":0.0,"damage_taken":0.0},{"damage_healed":0,"gold_gain":0,"player_choice":"Ignored","damage_taken":0,"max_hp_gain":0,"max_hp_loss":0,"event_name":"Ghosts","floor":24,"gold_loss":0},{"damage_healed":0,"gold_gain":0,"player_choice":"Obtained Book","damage_taken":16,"max_hp_gain":0,"max_hp_loss":0,"event_name":"Cursed Tome","floor":29,"gold_loss":0},{"damage_healed":0,"gold_gain":0,"player_choice":"Embrace Madness","damage_taken":11,"max_hp_gain":0,"max_hp_loss":0,"event_name":"Winding Halls","floor":36,"gold_loss":0,"cards_obtained":["Madness","Madness"]},{"damage_healed":0,"gold_gain":0,"player_choice":"Memory 1","damage_taken":0,"max_hp_gain":0,"max_hp_loss":0,"event_name":"SensoryStone","floor":37,"gold_loss":0},{"damage_healed":0,"gold_gain":0,"player_choice":"Fight","damage_taken":0,"max_hp_gain":0,"max_hp_loss":0,"event_name":"MindBloom","floor":38,"gold_loss":0}],"is_beta":false,"boss_relics":[{"not_picked":["Runic Dome","White Beast Statue"],"picked":"Pandora\u0027s Box"},{"not_picked":["Fusion Hammer","Astrolabe"],"picked":"Sozu"}],"items_purged_floors":[],"is_endless":false,"potions_floor_spawned":[3,4,6,12,16,21,25,30,33,35],"killed_by":"Giant Head","ascension_level":1}