{"gold_per_floor":[111,128,128,138,158,190,190,210,237,263,263],"floor_reached":11,"playtime":512,"items_purged":[],"score":98,"play_id":"35d728ad-8590-4508-8aaa-cb881e2b26da","local_time":"20190629210216","is_ascension_mode":true,"campfire_choices":[{"floor":7,"key":"REST"}],"neow_cost":"PERCENT_DAMAGE","seed_source_timestamp":253792729933800,"circlet_count":0,"master_deck":["Defend_G","Defend_G","Defend_G","Defend_G","Defend_G","Strike_G","Strike_G","Strike_G","Strike_G","Survivor","Neutralize","Bullet Time","Noxious Fumes","Deadly Poison","Catalyst","Catalyst","All Out Attack","Blade Dance"],"special_seed":0,"relics":["Ring of the Snake","Sundial","Omamori"],"potions_floor_usage":[5,6,10],"damage_taken":[{"damage":1,"enemies":"2 Louse","floor":1,"turns":2},{"damage":0,"enemies":"Cultist","floor":2,"turns":5},{"damage":0,"enemies":"Small Slimes","floor":4,"turns":3},{"damage":4,"enemies":"Red Slaver","floor":5,"turns":4},{"damage":22,"enemies":"Gremlin Nob","floor":6,"turns":4},{"damage":0,"enemies":"Looter","floor":8,"turns":2},{"damage":35,"enemies":"3 Sentries","floor":10,"turns":9},{"damage":10,"enemies":"2 Fungi Beasts","floor":11,"turns":3}],"seed_played":"3365833909011270966","potions_obtained":[{"floor":1,"key":"AttackPotion"},{"floor":2,"key":"Energy Potion"},{"floor":4,"key":"SpeedPotion"}],"is_trial":false,"path_per_floor":["M","M","?","M","M","E","R","M","T","E","M"],"character_chosen":"THE_SILENT","items_purchased":[],"campfire_rested":1,"item_purchase_floors":[],"current_hp_per_floor":[48,48,48,48,44,22,43,43,43,8,0],"gold":263,"neow_bonus":"THREE_RARE_CARDS","is_prod":false,"is_daily":false,"chose_seed":false,"campfire_upgraded":0,"win_rate":0,"timestamp":1561856536,"path_taken":["M","M","?","M","M","E","R","M","T","E","M"],"build_version":"2019-01-23","purchased_purges":0,"victory":false,"max_hp_per_floor":[70,70,70,70,70,70,70,70,70,70,70],"card_choices":[{"not_picked":["Storm of Steel","Grand Finale"],"picked":"Bullet Time","floor":0.0},{"not_picked":["Dagger Spray","Predator"],"picked":"Noxious Fumes","floor":1},{"not_picked":["Riddle With Holes","Dodge and Roll"],"picked":"Deadly Poison","floor":2},{"not_picked":["Distraction","Blur"],"picked":"Catalyst","floor":4},{"not_picked":["Grand Finale","Blade Dance"],"picked":"Catalyst","floor":5},{"not_picked":["Catalyst","Dodge and Roll"],"picked":"All Out Attack","floor":6},{"not_picked":["Reflex","Dagger Throw"],"picked":"Blade Dance","floor":8},{"not_picked":["Dodge and Roll","Endless Agony","Tools of the Trade"],"picked":"SKIP","floor":10}],"player_experience":518723,"relics_obtained":[{"floor":6,"key":"Sundial"},{"floor":10,"key":"Omamori"}],"event_choices":[{"cards_removed":["Strike_G"],"damage_healed":0,"gold_gain":0,"player_choice":"Purged","damage_taken":0,"max_hp_gain":0,"max_hp_loss":0,"event_name":"Purifier","floor":3,"gold_loss":0}],"is_beta":false,"boss_relics":[],"items_purged_floors":[],"is_endless":false,"potions_floor_spawned":[1,2,4],"killed_by":"2 Fungi Beasts","ascension_level":3}