{"gold_per_floor":[116,291,291,308,325,325,339,356,356,326,326,96,112,112,112,241,241,229,229,7,23,23],"floor_reached":22,"playtime":1473,"items_purged":["Shame"],"score":273,"play_id":"8a571897-b450-4329-8907-c8ece5946c22","local_time":"20190107212859","is_ascension_mode":true,"campfire_choices":[{"data":"Dash","floor":6.0,"key":"SMITH"},{"data":"Well Laid Plans","floor":15,"key":"SMITH"}],"neow_cost":"TEN_PERCENT_HP_LOSS","seed_source_timestamp":637722532747292,"circlet_count":0,"master_deck":["AscendersBane","Defend_G","Defend_G","Defend_G","Defend_G","Defend_G","Strike_G","Strike_G","Strike_G","Strike_G","Strike_G","Survivor+1","Neutralize","Night Terror","Flechettes","Night Terror","Purity","Neutralize","Dash+1","Blur","Deflect","Backflip","Infinite Blades","Crippling Poison","Blur+1","Well Laid Plans+1","Caltrops","Injury","A Thousand Cuts","Clumsy","Doubt","Quick Slash+1","Noxious Fumes"],"special_seed":0,"relics":["Ring of the Snake","Gremlin Horn","Tiny Chest","Golden Idol","Calling Bell","War Paint","Matryoshka","Peace Pipe","Pen Nib"],"potions_floor_usage":[13,13,18],"damage_taken":[{"damage":4.0,"enemies":"Small Slimes","floor":1.0,"turns":5.0},{"damage":0.0,"enemies":"2 Louse","floor":4.0,"turns":2.0},{"damage":0.0,"enemies":"Cultist","floor":5.0,"turns":4.0},{"damage":26.0,"enemies":"Large Slime","floor":7.0,"turns":8.0},{"damage":6.0,"enemies":"Lots of Slimes","floor":8.0,"turns":8.0},{"damage":1,"enemies":"Looter","floor":10,"turns":4},{"damage":0,"enemies":"Gremlin Gang","floor":13,"turns":4},{"damage":11,"enemies":"Hexaghost","floor":16,"turns":14},{"damage":17,"enemies":"2 Thieves","floor":18,"turns":4},{"damage":10,"enemies":"3 Byrds","floor":21,"turns":6},{"damage":28,"enemies":"Centurion and Healer","floor":22,"turns":4}],"seed_played":"-387759330129929796","potions_obtained":[{"floor":4.0,"key":"Energy Potion"},{"floor":7.0,"key":"SpeedPotion"},{"floor":8.0,"key":"EssenceOfSteel"},{"floor":16,"key":"AttackPotion"}],"is_trial":false,"path_per_floor":["M","?","?","M","M","R","M","M","T","M","?","$","M","?","R","B",null,"M","?","$","M","M"],"character_chosen":"THE_SILENT","items_purchased":["Tiny Chest","Blur","Well Laid Plans","Pen Nib"],"campfire_rested":0,"item_purchase_floors":[12,12,12,20],"current_hp_per_floor":[59,59,59,59,59,59,33,27,27,26,26,26,26,26,26,15,51,34,34,34,24,0],"gold":23,"neow_bonus":"THREE_RARE_CARDS","is_prod":false,"is_daily":false,"chose_seed":false,"campfire_upgraded":2,"win_rate":0,"timestamp":1546914539,"path_taken":["M","?","?","M","M","R","?","M","T","M","?","$","?","?","R","BOSS","M","?","$","M","M"],"build_version":"2019-01-03v4","purchased_purges":1,"victory":false,"max_hp_per_floor":[63,63,63,63,63,63,63,63,63,63,63,63,63,63,63,63,63,63,63,63,63,63],"card_choices":[{"not_picked":["Doppelganger","Die Die Die"],"picked":"Night Terror","floor":0.0},{"not_picked":["Slice","Dagger Spray"],"picked":"Flechettes","floor":1.0},{"not_picked":["Choke","Cloak And Dagger"],"picked":"Blur","floor":4.0},{"not_picked":["Slice","Sucker Punch"],"picked":"Deflect","floor":5.0},{"not_picked":["Accuracy","Dagger Spray"],"picked":"Backflip","floor":7.0},{"not_picked":["Outmaneuver","Catalyst"],"picked":"Infinite Blades","floor":8.0},{"not_picked":["Deadly Poison","All Out Attack"],"picked":"Crippling Poison","floor":10},{"not_picked":["Deadly Poison","Quick Slash"],"picked":"Caltrops","floor":13},{"not_picked":["Doppelganger","Night Terror"],"picked":"A Thousand Cuts","floor":16},{"not_picked":["Outmaneuver","Accuracy+1"],"picked":"Quick Slash+1","floor":18},{"not_picked":["Acrobatics","Dagger Throw"],"picked":"Noxious Fumes","floor":21}],"player_experience":763818,"relics_obtained":[{"floor":9.0,"key":"Gremlin Horn"},{"floor":17,"key":"War Paint"},{"floor":17,"key":"Matryoshka"},{"floor":17,"key":"Peace Pipe"}],"event_choices":[{"damage_healed":0.0,"max_hp_gain":0.0,"max_hp_loss":0.0,"gold_gain":175.0,"event_name":"Liars Game","player_choice":"AGREE","floor":2.0,"gold_loss":0.0,"damage_taken":0.0,"cards_obtained":["Doubt"]},{"damage_healed":0.0,"max_hp_gain":0.0,"max_hp_loss":0.0,"gold_gain":0.0,"event_name":"Match and Keep!","player_choice":"4 cards matched","floor":3.0,"gold_loss":0.0,"damage_taken":0.0,"cards_obtained":["Night Terror","Purity","Neutralize","Dash"]},{"cards_removed":["Doubt"],"damage_healed":0,"gold_gain":0,"player_choice":"Purged","damage_taken":0,"max_hp_gain":0,"max_hp_loss":0,"event_name":"Purifier","floor":11,"gold_loss":0},{"damage_healed":0,"gold_gain":0,"player_choice":"Take Wound","damage_taken":0,"relics_obtained":["Golden Idol"],"max_hp_gain":0,"max_hp_loss":0,"event_name":"Golden Idol","floor":14,"gold_loss":0,"cards_obtained":["Injury"]},{"damage_healed":0,"gold_gain":0,"cards_transformed":["Pain"],"player_choice":"Transformed","damage_taken":0,"max_hp_gain":0,"max_hp_loss":0,"event_name":"Transmorgrifier","floor":19,"gold_loss":0,"cards_obtained":["Shame"]}],"is_beta":true,"boss_relics":[{"not_picked":["Tiny House","Philosopher\u0027s Stone"],"picked":"Calling Bell"}],"items_purged_floors":[20],"is_endless":false,"potions_floor_spawned":[4,7,8,16],"killed_by":"Centurion and Healer","ascension_level":11}