{"gold_per_floor":[118,130,130,18,36,63,63,82,82,82,98,98,98,98],"floor_reached":14,"playtime":299,"items_purged":["Normality"],"score":153,"play_id":"2adee6dc-716e-4110-81bc-ab18bca4522d","local_time":"20190719232221","is_ascension_mode":true,"campfire_choices":[{"data":"Bludgeon","floor":7,"key":"SMITH"},{"data":"Infernal Blade","floor":10,"key":"SMITH"},{"floor":13,"key":"REST"}],"neow_cost":"CURSE","seed_source_timestamp":87257701412800,"circlet_count":0,"master_deck":["AscendersBane","Strike_R","Strike_R","Strike_R","Strike_R","Strike_R","Defend_R","Defend_R","Defend_R","Defend_R","Bash","Bludgeon+1","Rampage","Combust","Uppercut","Infernal Blade+1","Cleave","Impervious"],"relics":["Burning Blood","Boot","Ornamental Fan","WingedGreaves"],"potions_floor_usage":[],"damage_taken":[{"damage":9,"enemies":"Jaw Worm","floor":1,"turns":3},{"damage":6,"enemies":"Cultist","floor":2,"turns":3},{"damage":2,"enemies":"2 Louse","floor":5,"turns":2},{"damage":30,"enemies":"Gremlin Nob","floor":6,"turns":4},{"damage":17,"enemies":"Exordium Wildlife","floor":8,"turns":4},{"damage":16,"enemies":"Exordium Thugs","floor":11,"turns":3},{"damage":37,"enemies":"Lagavulin","floor":14,"turns":5}],"seed_played":"-3455260542048582946","potions_obtained":[{"floor":2,"key":"SpeedPotion"},{"floor":3,"key":"Swift Potion"},{"floor":3,"key":"Explosive Potion"},{"floor":5,"key":"Ancient Potion"},{"floor":8,"key":"GamblersBrew"}],"is_trial":false,"path_per_floor":["M","M","?","$","M","E","R","M","T","R","M","?","R","E"],"character_chosen":"IRONCLAD","items_purchased":["Uppercut"],"campfire_rested":1,"item_purchase_floors":[4],"current_hp_per_floor":[65,65,65,65,69,45,45,34,34,34,24,6,28,0],"gold":98,"neow_bonus":"THREE_RARE_CARDS","is_prod":false,"is_daily":false,"chose_seed":false,"campfire_upgraded":2,"win_rate":0,"timestamp":1563592941,"path_taken":["M","M","?","$","M","E","R","M","T","R","?","?","R","E"],"build_version":"2019-07-17","purchased_purges":1,"victory":false,"max_hp_per_floor":[75,75,75,75,75,75,75,75,75,75,75,75,75,75],"card_choices":[{"not_picked":["Impervious","Fiend Fire"],"picked":"Bludgeon","floor":0},{"not_picked":["Rage","True Grit"],"picked":"Rampage","floor":1},{"not_picked":["Iron Wave","Perfected Strike"],"picked":"Combust","floor":2},{"not_picked":["Headbutt","Uppercut"],"picked":"Infernal Blade","floor":5},{"not_picked":["Sword Boomerang","Shrug It Off"],"picked":"Cleave","floor":6},{"not_picked":["Reckless Charge","Sever Soul","Iron Wave"],"picked":"SKIP","floor":8},{"not_picked":["Heavy Blade","Body Slam"],"picked":"Impervious","floor":11}],"player_experience":664677,"relics_obtained":[{"floor":6,"key":"Boot"},{"floor":9,"key":"Ornamental Fan"}],"event_choices":[{"damage_healed":0,"gold_gain":0,"player_choice":"Got Potions","damage_taken":0,"max_hp_gain":0,"max_hp_loss":0,"event_name":"Lab","floor":3,"gold_loss":0},{"damage_healed":0,"gold_gain":0,"player_choice":"Success","damage_taken":18,"relics_obtained":["WingedGreaves"],"max_hp_gain":0,"max_hp_loss":0,"event_name":"Scrap Ooze","floor":12,"gold_loss":0}],"is_beta":false,"boss_relics":[],"items_purged_floors":[4],"is_endless":false,"potions_floor_spawned":[2,5,8,11],"killed_by":"Lagavulin","ascension_level":14}