{"gold_per_floor":[115,130,145,145,157,157,168,168,168,193,218,243,259,259,259,361,361,381,398,398,409,55,55,90,90,137,148,1,1,1,11,11,11],"floor_reached":33,"playtime":1705,"items_purged":["Strike_R"],"score":332,"play_id":"86c77bcd-c304-4913-b94c-ca7c12a11ffb","local_time":"20190622180138","is_ascension_mode":true,"campfire_choices":[{"floor":6,"key":"RECALL"},{"data":"Anger","floor":8,"key":"SMITH"},{"floor":15,"key":"REST"},{"data":"Anger","floor":23,"key":"SMITH"},{"floor":25,"key":"REST"},{"floor":32,"key":"REST"}],"neow_cost":"NONE","seed_source_timestamp":69546897675300,"circlet_count":0,"master_deck":["Strike_R+1","Strike_R","Strike_R+1","Strike_R","Defend_R","Defend_R","Defend_R","Defend_R","Bash","Iron Wave","Anger+1","Anger+1","Anger","Anger","Anger","Iron Wave","Flex","Reaper","Flex","Clash","Anger+1","Shame","Sever Soul+1"],"relics":["Burning Blood","NeowsBlessing","Oddly Smooth Stone","Odd Mushroom","Ginger","Philosopher\u0027s Stone","Nloth\u0027s Gift","Sling","Tiny Chest","Letter Opener","Blood Vial","Centennial Puzzle"],"potions_floor_usage":[11,12,18,21,24,24,24,31],"damage_taken":[{"damage":0,"enemies":"Cultist","floor":1,"turns":1},{"damage":0,"enemies":"Jaw Worm","floor":2,"turns":1},{"damage":0,"enemies":"2 Louse","floor":3,"turns":1},{"damage":2,"enemies":"Looter","floor":5,"turns":3},{"damage":18,"enemies":"Exordium Wildlife","floor":7,"turns":3},{"damage":8,"enemies":"The Mushroom Lair","floor":11,"turns":4},{"damage":16,"enemies":"3 Sentries","floor":12,"turns":6},{"damage":3,"enemies":"Exordium Thugs","floor":13,"turns":3},{"damage":15,"enemies":"Slime Boss","floor":16,"turns":10},{"damage":6,"enemies":"3 Byrds","floor":18,"turns":6},{"damage":12,"enemies":"Spheric Guardian","floor":19,"turns":4},{"damage":37,"enemies":"Snake Plant","floor":21,"turns":5},{"damage":34,"enemies":"Book of Stabbing","floor":24,"turns":3},{"damage":40,"enemies":"3 Cultists","floor":27,"turns":6},{"damage":19,"enemies":"Chosen and Byrds","floor":31,"turns":4},{"damage":96,"enemies":"Automaton","floor":33,"turns":6}],"seed_played":"8594680776953196037","potions_obtained":[{"floor":3,"key":"Energy Potion"},{"floor":5,"key":"Dexterity Potion"},{"floor":11,"key":"Swift Potion"},{"floor":12,"key":"BloodPotion"},{"floor":13,"key":"EssenceOfSteel"},{"floor":19,"key":"FearPotion"},{"floor":21,"key":"SteroidPotion"}],"is_trial":false,"path_per_floor":["M","M","M","?","M","R","M","R","T","T","?","E","M","T","R","B",null,"M","M","?","M","$","R","E","R","T","M","$","?","?","M","R","B"],"character_chosen":"IRONCLAD","items_purchased":["Sling","Tiny Chest","Flex","LiquidBronze"],"campfire_rested":3,"item_purchase_floors":[22,22,22,28],"current_hp_per_floor":[80,80,80,64,68,68,56,56,56,56,54,44,47,47,71,62,80,80,74,74,43,43,43,32,56,56,32,32,32,32,27,51,0],"gold":11,"neow_bonus":"THREE_ENEMY_KILL","is_prod":false,"is_daily":false,"chose_seed":false,"campfire_upgraded":2,"win_rate":0,"timestamp":1561240898,"path_taken":["M","?","M","?","M","R","M","R","T","?","?","E","M","?","R","BOSS","M","M","?","M","?","R","E","R","T","M","$","?","?","?","R","BOSS"],"build_version":"2019-01-23","purchased_purges":1,"victory":false,"max_hp_per_floor":[80,80,80,80,80,80,80,80,80,80,80,80,80,80,80,80,80,80,80,80,80,80,80,80,80,80,80,80,80,80,80,80,80],"card_choices":[{"not_picked":["Clothesline","Seeing Red"],"picked":"Iron Wave","floor":1},{"not_picked":["Shrug It Off","Pommel Strike"],"picked":"Anger","floor":2},{"not_picked":["Rampage","Shockwave"],"picked":"Anger","floor":3},{"not_picked":["Carnage","Ghostly Armor"],"picked":"Anger","floor":5},{"not_picked":["Corruption","Havoc"],"picked":"Anger","floor":7},{"not_picked":["Cleave","Bloodletting"],"picked":"Anger","floor":11},{"not_picked":["Perfected Strike","Havoc"],"picked":"Iron Wave","floor":12},{"not_picked":["Rupture","Sentinel","Warcry"],"picked":"SKIP","floor":13},{"not_picked":["Body Slam+1","Heavy Blade"],"picked":"Flex","floor":18},{"not_picked":["Body Slam","Havoc","Fire Breathing"],"picked":"SKIP","floor":19},{"not_picked":["Flame Barrier+1","Hemokinesis"],"picked":"Reaper","floor":21},{"not_picked":["Searing Blow","Headbutt"],"picked":"Clash","floor":24},{"not_picked":["Thunderclap","Perfected Strike+1"],"picked":"Anger+1","floor":27},{"not_picked":["Flex","Clash"],"picked":"Sever Soul+1","floor":31}],"player_experience":497470,"relics_obtained":[{"floor":9,"key":"Thread and Needle"},{"floor":10,"key":"Oddly Smooth Stone"},{"floor":11,"key":"Odd Mushroom"},{"floor":12,"key":"Ginger"},{"floor":24,"key":"Letter Opener"},{"floor":26,"key":"Blood Vial"}],"event_choices":[{"damage_healed":0,"gold_gain":0,"player_choice":"Entered Light","damage_taken":16,"max_hp_gain":0,"max_hp_loss":0,"event_name":"Shining Light","floor":4,"gold_loss":0,"cards_upgraded":["Strike_R","Strike_R"]},{"damage_healed":0,"gold_gain":0,"player_choice":"Fought Mushrooms","damage_taken":0,"max_hp_gain":0,"max_hp_loss":0,"event_name":"Mushrooms","floor":11,"gold_loss":0},{"damage_healed":0,"gold_gain":0,"player_choice":"Traded Relic","damage_taken":0,"relics_obtained":["Nloth\u0027s Gift"],"max_hp_gain":0,"max_hp_loss":0,"event_name":"N\u0027loth","floor":20,"relics_lost":["Thread and Needle"],"gold_loss":0},{"damage_healed":0,"gold_gain":0,"player_choice":"Ignored","damage_taken":0,"max_hp_gain":0,"max_hp_loss":0,"event_name":"Beggar","floor":29,"gold_loss":0},{"damage_healed":0,"gold_gain":0,"player_choice":"Stole Relic","damage_taken":0,"relics_obtained":["Centennial Puzzle"],"max_hp_gain":0,"max_hp_loss":0,"event_name":"Addict","floor":30,"gold_loss":0,"cards_obtained":["Shame"]}],"is_beta":false,"boss_relics":[{"not_picked":["Snecko Eye","Velvet Choker"],"picked":"Philosopher\u0027s Stone"}],"items_purged_floors":[28],"is_endless":false,"potions_floor_spawned":[3,5,11,12,13,19,21],"killed_by":"Automaton","ascension_level":3}