{"gold_per_floor":[117,117,192,204,6,38,38,38,91,91,102,118,118,147,147,147],"floor_reached":16,"playtime":861,"items_purged":[],"score":108,"play_id":"002e46ee-6eec-4b47-8647-8627f4ea97be","local_time":"20190621125522","is_ascension_mode":false,"campfire_choices":[{"data":"Entrench","floor":7,"key":"SMITH"},{"floor":13,"key":"REST"},{"floor":15,"key":"REST"}],"neow_cost":"NONE","seed_source_timestamp":88416719532390,"circlet_count":0,"master_deck":["Strike_R","Strike_R","Strike_R","Strike_R","Strike_R","Defend_R","Defend_R","Defend_R","Defend_R","Bash","Double Tap","Dual Wield","Entrench+1","Flex","Cleave","Cleave","Iron Wave","Exhume"],"relics":["Burning Blood","Bronze Scales","Sundial","Vajra","Boot","Bag of Preparation"],"potions_floor_usage":[16,16],"damage_taken":[{"damage":1,"enemies":"2 Louse","floor":1,"turns":4},{"damage":13,"enemies":"Jaw Worm","floor":4,"turns":3},{"damage":47,"enemies":"3 Sentries","floor":6,"turns":10},{"damage":0,"enemies":"Small Slimes","floor":11,"turns":1},{"damage":26,"enemies":"Exordium Thugs","floor":12,"turns":3},{"damage":22,"enemies":"Gremlin Nob","floor":14,"turns":4},{"damage":58,"enemies":"The Guardian","floor":16,"turns":8}],"seed_played":"-6698074084068688828","potions_obtained":[{"floor":6,"key":"FearPotion"},{"floor":12,"key":"Weak Potion"},{"floor":14,"key":"SteroidPotion"}],"is_trial":false,"path_per_floor":["M","?","?","M","$","E","R","$","T","T","M","M","R","E","R","B"],"character_chosen":"IRONCLAD","items_purchased":["Bronze Scales","Flex"],"campfire_rested":2,"item_purchase_floors":[5,5],"current_hp_per_floor":[80,80,69,62,62,21,21,21,21,21,27,7,31,15,39,0],"gold":147,"neow_bonus":"ONE_RANDOM_RARE_CARD","is_prod":false,"is_daily":false,"chose_seed":false,"campfire_upgraded":1,"win_rate":0,"timestamp":1561139722,"path_taken":["M","?","?","M","$","E","R","$","T","?","?","M","R","E","R","BOSS"],"build_version":"2019-01-23","purchased_purges":0,"victory":false,"max_hp_per_floor":[80,80,80,80,80,80,80,80,80,80,80,80,80,80,80,80],"card_choices":[{"not_picked":["Headbutt","Disarm"],"picked":"Dual Wield","floor":1},{"not_picked":["Burning Pact","Havoc"],"picked":"Entrench","floor":4},{"not_picked":["Shrug It Off","Uppercut"],"picked":"Cleave","floor":6},{"not_picked":["Battle Trance","Clothesline"],"picked":"Cleave","floor":11},{"not_picked":["Disarm","Warcry"],"picked":"Iron Wave","floor":12},{"not_picked":["Pummel","Warcry"],"picked":"Exhume","floor":14}],"player_experience":70879,"relics_obtained":[{"floor":6,"key":"Sundial"},{"floor":9,"key":"Vajra"},{"floor":10,"key":"Boot"},{"floor":14,"key":"Bag of Preparation"}],"event_choices":[{"damage_healed":0,"gold_gain":0,"player_choice":"Leave","damage_taken":0,"max_hp_gain":0,"max_hp_loss":0,"event_name":"The Cleric","floor":2,"gold_loss":0},{"damage_healed":0,"gold_gain":75,"player_choice":"Gather Gold","damage_taken":11,"max_hp_gain":0,"max_hp_loss":0,"event_name":"World of Goop","floor":3,"gold_loss":0}],"is_beta":false,"boss_relics":[],"items_purged_floors":[],"is_endless":false,"potions_floor_spawned":[6,12,14],"killed_by":"The Guardian","ascension_level":0}