{"gold_per_floor":[13,13,31,47,122,157,157,185,185,205,205,237,237,237,237,332,332,349,349,349,365,365,393,393,427,450,450,59,59,59,76,76,76],"floor_reached":33,"playtime":1118,"items_purged":[],"score":366,"play_id":"7dba31d2-1027-4f8d-87de-3e2a907540e6","local_time":"20190708194910","is_ascension_mode":true,"campfire_choices":[{"data":"Combust","floor":7,"key":"SMITH"},{"data":"Demon Form","floor":11,"key":"SMITH"},{"data":"Clothesline","floor":13,"key":"SMITH"},{"data":"Bash","floor":15,"key":"SMITH"},{"data":"Dual Wield","floor":24,"key":"SMITH"},{"data":"Double Tap","floor":30,"key":"SMITH"},{"data":"Shockwave","floor":32,"key":"SMITH"}],"neow_cost":"NO_GOLD","seed_source_timestamp":1117416092878100,"circlet_count":0,"master_deck":["Strike_R+1","Strike_R+1","Strike_R+1","Strike_R+1","Strike_R+1","Defend_R+1","Defend_R+1","Defend_R+1","Defend_R+1","Bash+1","Bludgeon+1","Clothesline+1","Combust+1","Headbutt","Demon Form+1","Sword Boomerang+1","Offering","Thunderclap+1","Writhe","Rupture+1","J.A.X.","Dual Wield+1","Double Tap+1","Hemokinesis+1","Shockwave+1","Rampage+1","Pummel+1"],"relics":["Burning Blood","StoneCalendar","FossilizedHelix","Charon\u0027s Ashes","Molten Egg 2","Coffee Dripper","Blue Candle","Oddly Smooth Stone","Lantern","Pen Nib","Bottled Flame"],"potions_floor_usage":[6,18,23,23,23],"damage_taken":[{"damage":6,"enemies":"Cultist","floor":1,"turns":3},{"damage":8,"enemies":"2 Louse","floor":3,"turns":3},{"damage":5,"enemies":"Small Slimes","floor":4,"turns":2},{"damage":12,"enemies":"3 Sentries","floor":6,"turns":4},{"damage":5,"enemies":"Gremlin Nob","floor":8,"turns":4},{"damage":14,"enemies":"3 Louse","floor":10,"turns":2},{"damage":8,"enemies":"Lagavulin","floor":12,"turns":6},{"damage":1,"enemies":"Slime Boss","floor":16,"turns":5},{"damage":1,"enemies":"3 Byrds","floor":18,"turns":3},{"damage":1,"enemies":"Chosen","floor":21,"turns":3},{"damage":31,"enemies":"Slavers","floor":23,"turns":3},{"damage":44,"enemies":"Book of Stabbing","floor":25,"turns":4},{"damage":0,"enemies":"Centurion and Healer","floor":31,"turns":3},{"damage":30,"enemies":"Automaton","floor":33,"turns":4}],"seed_played":"8066273011631800228","potions_obtained":[{"floor":4,"key":"Fire Potion"},{"floor":10,"key":"SpeedPotion"},{"floor":12,"key":"Strength Potion"},{"floor":18,"key":"SteroidPotion"},{"floor":21,"key":"GamblersBrew"},{"floor":31,"key":"Strength Potion"}],"is_trial":false,"path_per_floor":["M","?","M","M","?","E","R","E","T","M","R","E","R","?","R","B",null,"M","?","?","M","?","E","R","E","T","T","$","?","R","M","R","B"],"character_chosen":"IRONCLAD","items_purchased":["Bottled Flame","Hemokinesis+1","Shockwave"],"campfire_rested":0,"item_purchase_floors":[28,28,28],"current_hp_per_floor":[80,80,78,79,68,62,62,63,63,55,55,53,53,37,37,42,80,80,80,80,80,80,55,55,17,17,17,17,17,17,23,23,0],"gold":76,"neow_bonus":"THREE_RARE_CARDS","is_prod":false,"is_daily":false,"chose_seed":false,"campfire_upgraded":7,"win_rate":0,"timestamp":1562629750,"path_taken":["M","?","M","M","?","E","R","E","T","M","R","E","R","?","R","BOSS","M","?","?","M","?","E","R","E","T","?","?","?","R","M","R","BOSS"],"build_version":"2019-07-05","purchased_purges":0,"victory":false,"max_hp_per_floor":[80,80,80,80,80,80,80,80,80,80,80,80,80,80,80,80,80,80,80,80,80,80,80,80,80,80,80,80,80,80,80,80,80],"card_choices":[{"not_picked":["Barricade","Limit Break"],"picked":"Bludgeon","floor":0},{"not_picked":["Wild Strike","Rage"],"picked":"Clothesline","floor":1},{"not_picked":["Twin Strike","Heavy Blade"],"picked":"Combust","floor":3},{"not_picked":["Clash","Blood for Blood","Flex"],"picked":"SKIP","floor":4},{"not_picked":["Warcry","Thunderclap"],"picked":"Headbutt","floor":6},{"not_picked":["Infernal Blade","Thunderclap"],"picked":"Demon Form","floor":8},{"not_picked":["Wild Strike","Flex"],"picked":"Inflame","floor":10},{"not_picked":["Warcry","Hemokinesis"],"picked":"Sword Boomerang","floor":12},{"not_picked":["Reaper+1","Dark Embrace"],"picked":"Offering","floor":16},{"not_picked":["Armaments","Iron Wave+1"],"picked":"Thunderclap+1","floor":18},{"not_picked":["Twin Strike+1","Body Slam+1"],"picked":"Rupture+1","floor":21},{"not_picked":["Spot Weakness","Shrug It Off"],"picked":"Dual Wield","floor":23},{"not_picked":["Shockwave","Inflame"],"picked":"Double Tap","floor":25},{"not_picked":["Rampage+1","Rage"],"picked":"Pummel+1","floor":31}],"player_experience":592009,"relics_obtained":[{"floor":6,"key":"StoneCalendar"},{"floor":8,"key":"FossilizedHelix"},{"floor":9,"key":"Charon\u0027s Ashes"},{"floor":12,"key":"Molten Egg 2"},{"floor":23,"key":"Oddly Smooth Stone"},{"floor":25,"key":"Lantern"},{"floor":26,"key":"Pen Nib"}],"event_choices":[{"damage_healed":0,"gold_gain":0,"player_choice":"Grow","damage_taken":0,"max_hp_gain":0,"max_hp_loss":0,"event_name":"Living Wall","floor":2,"gold_loss":0,"cards_upgraded":["Bludgeon"]},{"damage_healed":0,"gold_gain":75,"player_choice":"Gather Gold","damage_taken":11,"max_hp_gain":0,"max_hp_loss":0,"event_name":"World of Goop","floor":5,"gold_loss":0},{"damage_healed":0,"gold_gain":0,"player_choice":"Entered Light","damage_taken":16,"max_hp_gain":0,"max_hp_loss":0,"event_name":"Shining Light","floor":14,"gold_loss":0,"cards_upgraded":["Strike_R","Strike_R"]},{"damage_healed":0,"gold_gain":0,"player_choice":"Opened","damage_taken":0,"relics_obtained":["Blue Candle"],"max_hp_gain":0,"max_hp_loss":0,"event_name":"The Mausoleum","floor":19,"gold_loss":0,"cards_obtained":["Writhe"]},{"damage_healed":0,"gold_gain":0,"player_choice":"Simplicity","damage_taken":0,"max_hp_gain":0,"max_hp_loss":0,"event_name":"Back to Basics","floor":20,"gold_loss":0,"cards_upgraded":["Strike_R","Strike_R","Strike_R","Defend_R","Defend_R","Defend_R","Defend_R"]},{"damage_healed":0,"gold_gain":0,"player_choice":"Obtain J.A.X.","damage_taken":0,"max_hp_gain":0,"max_hp_loss":0,"event_name":"Drug Dealer","floor":22,"gold_loss":0,"cards_obtained":["J.A.X."]},{"damage_healed":0,"gold_gain":0,"cards_transformed":["Inflame"],"player_choice":"Transformed","damage_taken":0,"max_hp_gain":0,"max_hp_loss":0,"event_name":"Transmorgrifier","floor":29,"gold_loss":0,"cards_obtained":["Rampage"]}],"is_beta":false,"boss_relics":[{"not_picked":["Runic Cube","Lizard Tail"],"picked":"Coffee Dripper"}],"items_purged_floors":[],"is_endless":false,"potions_floor_spawned":[4,10,12,18,21,31],"killed_by":"Automaton","ascension_level":1}