{"gold_per_floor":[115,125,400,415,428,428,458,458,505,519,536,92,92,92,92,163,163,181,181,456,471,489,489,514,514,598,598],"floor_reached":27,"playtime":964,"items_purged":[],"score":433,"play_id":"fcb74240-2ffd-4e58-b8bc-87507043af72","local_time":"20190726221200","is_ascension_mode":true,"campfire_choices":[{"data":"Twin Strike","floor":6,"key":"SMITH"},{"data":"Bash","floor":8,"key":"SMITH"},{"data":"Apotheosis","floor":15,"key":"SMITH"},{"floor":23,"key":"REST"},{"floor":25,"key":"REST"}],"neow_cost":"NONE","seed_source_timestamp":184267339259000,"circlet_count":0,"master_deck":["AscendersBane","Defend_R","Defend_R","Defend_R","Defend_R","Bash+1","Inflame","Twin Strike+1","True Grit","Feel No Pain+1","Brutality+1","Anger","Rupture+1","Apotheosis+1","Wild Strike","Demon Form+1","Heavy Blade","Bite","Bite","Bite","Bite","Bite","Regret","Power Through","Feed"],"relics":["Burning Blood","Frozen Egg 2","PreservedInsect","Strawberry","Fusion Hammer","Potion Belt","Tiny Chest"],"potions_floor_usage":[7,11,16,18,21,27],"damage_taken":[{"damage":1,"enemies":"Cultist","floor":1,"turns":3},{"damage":10,"enemies":"Small Slimes","floor":2,"turns":4},{"damage":5,"enemies":"2 Louse","floor":4,"turns":3},{"damage":30,"enemies":"Exordium Thugs","floor":5,"turns":5},{"damage":30,"enemies":"Lagavulin","floor":7,"turns":5},{"damage":7,"enemies":"3 Louse","floor":10,"turns":4},{"damage":7,"enemies":"Red Slaver","floor":11,"turns":4},{"damage":43,"enemies":"The Guardian","floor":16,"turns":8},{"damage":40,"enemies":"Shell Parasite","floor":18,"turns":5},{"damage":14,"enemies":"Chosen","floor":21,"turns":4},{"damage":23,"enemies":"Snake Plant","floor":22,"turns":4},{"damage":59,"enemies":"Book of Stabbing","floor":24,"turns":5},{"damage":54,"enemies":"Shelled Parasite and Fungi","floor":27,"turns":3}],"seed_played":"-427187290345410449","potions_obtained":[{"floor":1,"key":"Swift Potion"},{"floor":5,"key":"Poison Potion"},{"floor":10,"key":"Weak Potion"},{"floor":16,"key":"LiquidBronze"},{"floor":18,"key":"Weak Potion"},{"floor":24,"key":"SkillPotion"}],"is_trial":false,"path_per_floor":["M","M","?","M","M","R","E","R","T","M","M","$","?","?","R","B",null,"M","?","?","M","M","R","E","R","T","M"],"character_chosen":"IRONCLAD","items_purchased":["Rupture+1","Strawberry","Apotheosis","Wild Strike"],"campfire_rested":2,"item_purchase_floors":[12,12,12,12],"current_hp_per_floor":[80,76,76,77,53,53,29,29,29,28,27,34,63,63,63,26,73,39,39,39,44,42,60,24,42,42,0],"gold":598,"neow_bonus":"TEN_PERCENT_HP_BONUS","is_prod":false,"is_daily":false,"chose_seed":false,"campfire_upgraded":3,"win_rate":0,"timestamp":1564193520,"path_taken":["M","?","?","M","M","R","E","R","T","M","?","$","?","?","R","BOSS","M","?","?","M","M","R","E","R","T","?"],"build_version":"2019-07-17","purchased_purges":0,"victory":false,"max_hp_per_floor":[82,82,82,82,82,82,82,82,82,82,82,89,89,89,89,89,89,89,62,62,62,62,62,62,62,62,62],"card_choices":[{"not_picked":["Ghostly Armor","Iron Wave"],"picked":"Inflame","floor":1},{"not_picked":["Body Slam","Flex"],"picked":"Twin Strike","floor":2},{"not_picked":["Warcry","Combust"],"picked":"True Grit","floor":4},{"not_picked":["Clash","Heavy Blade","Flex"],"picked":"SKIP","floor":5},{"not_picked":["Warcry","Second Wind"],"picked":"Feel No Pain","floor":7},{"not_picked":["Twin Strike","Metallicize+1"],"picked":"Brutality+1","floor":10},{"not_picked":["Warcry","Heavy Blade"],"picked":"Anger","floor":11},{"not_picked":["Fiend Fire","Feed"],"picked":"Demon Form+1","floor":16},{"not_picked":["Seeing Red","Clothesline"],"picked":"Heavy Blade","floor":18},{"not_picked":["Perfected Strike","Twin Strike"],"picked":"Power Through","floor":21},{"not_picked":["Dual Wield","Heavy Blade","Perfected Strike"],"picked":"SKIP","floor":22},{"not_picked":["Dual Wield","Searing Blow+1"],"picked":"Feed","floor":24}],"player_experience":702559,"relics_obtained":[{"floor":7,"key":"Frozen Egg 2"},{"floor":9,"key":"PreservedInsect"},{"floor":24,"key":"Potion Belt"},{"floor":26,"key":"Tiny Chest"}],"event_choices":[{"damage_healed":0,"gold_gain":275,"player_choice":"Desecrate","damage_taken":0,"max_hp_gain":0,"max_hp_loss":0,"event_name":"Golden Shrine","floor":3,"gold_loss":0,"cards_obtained":["Regret"]},{"damage_healed":29,"gold_gain":0,"player_choice":"Banana","damage_taken":0,"max_hp_gain":0,"max_hp_loss":0,"event_name":"Big Fish","floor":13,"gold_loss":0},{"cards_removed":["Regret"],"damage_healed":0,"gold_gain":0,"player_choice":"Purged","damage_taken":0,"max_hp_gain":0,"max_hp_loss":0,"event_name":"Purifier","floor":14,"gold_loss":0},{"damage_healed":0,"gold_gain":0,"player_choice":"Became a vampire","damage_taken":0,"max_hp_gain":0,"max_hp_loss":27,"event_name":"Vampires","floor":19,"gold_loss":0,"cards_obtained":["Bite","Bite","Bite","Bite","Bite"]},{"damage_healed":0,"gold_gain":275,"player_choice":"Desecrate","damage_taken":0,"max_hp_gain":0,"max_hp_loss":0,"event_name":"Golden Shrine","floor":20,"gold_loss":0,"cards_obtained":["Regret"]}],"is_beta":false,"boss_relics":[{"not_picked":["Ectoplasm","Mark of Pain"],"picked":"Fusion Hammer"}],"items_purged_floors":[],"is_endless":false,"potions_floor_spawned":[1,5,10,16,18,24],"killed_by":"Shelled Parasite and Fungi","ascension_level":15}