{"gold_per_floor":[113,124,199,212,212,212,240,240,310,51,51,91,114,133,133,133],"floor_reached":16,"playtime":446,"items_purged":[],"score":176,"play_id":"41557836-15ba-4b7d-b97f-857a5bf9ac63","local_time":"20190709222106","is_ascension_mode":true,"campfire_choices":[{"data":"Body Slam","floor":6,"key":"SMITH"},{"data":"Uppercut","floor":8,"key":"SMITH"},{"data":"Combust","floor":15,"key":"SMITH"}],"neow_cost":"NONE","seed_source_timestamp":1213604395898500,"circlet_count":0,"master_deck":["AscendersBane","Strike_R","Strike_R","Strike_R","Strike_R","Strike_R","Defend_R","Defend_R","Defend_R","Defend_R","Bash","Havoc","Body Slam+1","Corruption+1","Uppercut+1","Injury","Metallicize","Combust+1"],"relics":["Burning Blood","NeowsBlessing","PreservedInsect","Bottled Flame","Meat on the Bone","Golden Idol","Gremlin Horn"],"potions_floor_usage":[14,14],"damage_taken":[{"damage":0,"enemies":"Jaw Worm","floor":1,"turns":1},{"damage":0,"enemies":"Small Slimes","floor":2,"turns":2},{"damage":0,"enemies":"2 Louse","floor":4,"turns":1},{"damage":45,"enemies":"Lagavulin","floor":7,"turns":7},{"damage":13,"enemies":"Gremlin Nob","floor":12,"turns":3},{"damage":9,"enemies":"Blue Slaver","floor":13,"turns":4},{"damage":8,"enemies":"Lots of Slimes","floor":14,"turns":3},{"damage":48,"enemies":"Slime Boss","floor":16,"turns":9}],"seed_played":"-6774654040955057814","potions_obtained":[{"floor":2,"key":"GamblersBrew"},{"floor":7,"key":"Energy Potion"},{"floor":14,"key":"Strength Potion"}],"is_trial":false,"path_per_floor":["M","M","?","M","?","R","E","R","T","$","?","E","M","M","R","B"],"character_chosen":"IRONCLAD","items_purchased":["Meat on the Bone"],"campfire_rested":0,"item_purchase_floors":[10],"current_hp_per_floor":[78,80,69,75,75,75,36,36,36,36,36,41,50,48,48,0],"gold":133,"neow_bonus":"THREE_ENEMY_KILL","is_prod":false,"is_daily":false,"chose_seed":false,"campfire_upgraded":3,"win_rate":0,"timestamp":1562725266,"path_taken":["M","M","?","M","?","R","E","R","T","$","?","E","?","M","R","BOSS"],"build_version":"2019-07-05","purchased_purges":0,"victory":false,"max_hp_per_floor":[80,80,80,80,80,80,80,80,80,80,80,80,80,80,80,80],"card_choices":[{"not_picked":["Body Slam","Headbutt"],"picked":"Havoc","floor":1},{"not_picked":["Second Wind","Warcry"],"picked":"Body Slam","floor":2},{"not_picked":["Thunderclap","Anger"],"picked":"Corruption","floor":4},{"not_picked":["Dropkick","Anger"],"picked":"Uppercut","floor":7},{"not_picked":["Iron Wave","Havoc"],"picked":"Metallicize","floor":12},{"not_picked":["Battle Trance","Rupture"],"picked":"Combust","floor":13},{"not_picked":["Iron Wave","Blood for Blood","True Grit"],"picked":"SKIP","floor":14}],"player_experience":601800,"relics_obtained":[{"floor":7,"key":"PreservedInsect"},{"floor":9,"key":"Bottled Flame"},{"floor":12,"key":"Gremlin Horn"}],"event_choices":[{"damage_healed":0,"gold_gain":75,"player_choice":"Gather Gold","damage_taken":11,"max_hp_gain":0,"max_hp_loss":0,"event_name":"World of Goop","floor":3,"gold_loss":0},{"damage_healed":0,"gold_gain":0,"player_choice":"Grow","damage_taken":0,"max_hp_gain":0,"max_hp_loss":0,"event_name":"Living Wall","floor":5,"gold_loss":0,"cards_upgraded":["Corruption"]},{"damage_healed":0,"gold_gain":0,"player_choice":"Take Wound","damage_taken":0,"relics_obtained":["Golden Idol"],"max_hp_gain":0,"max_hp_loss":0,"event_name":"Golden Idol","floor":11,"gold_loss":0,"cards_obtained":["Injury"]}],"is_beta":false,"boss_relics":[],"items_purged_floors":[],"is_endless":false,"potions_floor_spawned":[2,7,14],"killed_by":"Slime Boss","ascension_level":12}