{"gold_per_floor":[209,57,74,74,74,74,93,122,122,141,159,159,159,170,170,271,271,284,55,55,67,67,93,93,93,118,217,233,246,5,24,24,24],"floor_reached":33,"playtime":1802,"items_purged":[],"score":292,"play_id":"8a4b48dc-7840-4c7a-9643-2be626e2b738","local_time":"20180918224641","is_ascension_mode":false,"campfire_choices":[{"data":"Clash","floor":6,"key":"SMITH"},{"data":"Flex","floor":12,"key":"SMITH"},{"data":"Flex","floor":15,"key":"SMITH"},{"floor":32,"key":"REST"}],"neow_cost":"NONE","seed_source_timestamp":652443250882791,"circlet_count":0,"master_deck":["Strike_R+1","Strike_R","Strike_R","Strike_R","Strike_R+1","Defend_R","Defend_R","Defend_R","Defend_R","Bash","Clash+1","Inflame+1","Flex+1","Flex+1","Flex","Cleave","Bludgeon","Wild Strike","Searing Blow","Perfected Strike+1","Flex","Wild Strike","Perfected Strike+1","Iron Wave","Wild Strike+1"],"relics":["Burning Blood","Dream Catcher","Bottled Tornado","Letter Opener","White Beast Statue","Orichalcum","Dodecahedron","MutagenicStrength","Whetstone","Mercury Hourglass"],"potions_floor_usage":[11,16,21,21,21,23,23,23,31,33,33,33],"damage_taken":[{"damage":5,"enemies":"Cultist","floor":1,"turns":4},{"damage":7,"enemies":"Small Slimes","floor":3,"turns":3},{"damage":1,"enemies":"Jaw Worm","floor":7,"turns":2},{"damage":26,"enemies":"Lagavulin","floor":8,"turns":6},{"damage":2,"enemies":"3 Louse","floor":10,"turns":2},{"damage":10,"enemies":"Looter","floor":11,"turns":3},{"damage":12,"enemies":"2 Fungi Beasts","floor":14,"turns":3},{"damage":7,"enemies":"Slime Boss","floor":16,"turns":7},{"damage":10,"enemies":"Chosen","floor":18,"turns":3},{"damage":4,"enemies":"Shell Parasite","floor":21,"turns":2},{"damage":20,"enemies":"Slavers","floor":23,"turns":5},{"damage":14,"enemies":"Cultist and Chosen","floor":28,"turns":6},{"damage":9,"enemies":"Centurion and Healer","floor":29,"turns":4},{"damage":9,"enemies":"Snecko","floor":31,"turns":3},{"damage":76,"enemies":"Collector","floor":33,"turns":6}],"seed_played":"-2864225884839488238","potions_obtained":[{"floor":3,"key":"Poison Potion"},{"floor":7,"key":"Energy Potion"},{"floor":8,"key":"PowerPotion"},{"floor":11,"key":"Explosive Potion"},{"floor":14,"key":"EntropicBrew"},{"floor":18,"key":"AttackPotion"},{"floor":21,"key":"Strength Potion"},{"floor":23,"key":"FearPotion"},{"floor":28,"key":"Strength Potion"},{"floor":29,"key":"Dexterity Potion"},{"floor":31,"key":"SkillPotion"}],"is_trial":false,"path_per_floor":["M","$","M","?","?","R","M","E","T","M","M","R","?","M","R","B",null,"M","$","?","M","?","E","$","?","T","?","M","M","$","M","R"],"character_chosen":"IRONCLAD","items_purchased":["Dream Catcher","Orichalcum","Searing Blow","Mercury Hourglass"],"campfire_rested":1,"item_purchase_floors":[2,19,19,30],"current_hp_per_floor":[80,80,79,79,79,79,80,60,60,64,60,60,65,59,59,58,85,81,81,65,67,67,53,53,53,53,53,45,42,42,39,66,0],"gold":24,"neow_bonus":"HUNDRED_GOLD","is_prod":false,"is_daily":false,"chose_seed":false,"campfire_upgraded":3,"win_rate":0.0,"timestamp":1537328801,"path_taken":["M","?","M","?","?","R","?","E","T","?","M","R","?","M","R","BOSS","M","$","?","M","?","E","$","?","T","?","M","?","$","M","R","BOSS"],"build_version":"2018-09-06","purchased_purges":0,"victory":false,"max_hp_per_floor":[80,80,80,80,80,80,80,80,80,80,80,80,85,85,85,85,85,85,85,90,90,90,90,90,90,90,90,90,90,90,90,90,90],"card_choices":[{"not_picked":["Iron Wave","Heavy Blade"],"picked":"Clash","floor":1},{"not_picked":["Dual Wield","Corruption"],"picked":"Inflame","floor":3},{"not_picked":["Shrug It Off","Juggernaut"],"picked":"Flex","floor":7},{"not_picked":["Perfected Strike","Body Slam"],"picked":"Flex","floor":8},{"not_picked":["Rampage","Armaments","Sword Boomerang"],"picked":"SKIP","floor":10},{"not_picked":["Dual Wield","Immolate"],"picked":"Flex","floor":11},{"not_picked":["Feel No Pain","Iron Wave"],"picked":"Cleave","floor":14},{"not_picked":["Offering","Double Tap"],"picked":"Bludgeon","floor":16},{"not_picked":["Ghostly Armor+1","Heavy Blade+1"],"picked":"Wild Strike","floor":18},{"not_picked":["Shrug It Off","Anger"],"picked":"Perfected Strike+1","floor":21},{"not_picked":["Offering","Power Through"],"picked":"Wild Strike","floor":23},{"not_picked":["Clash","Rampage"],"picked":"Perfected Strike+1","floor":28},{"not_picked":["Headbutt+1","Combust","Rupture"],"picked":"SKIP","floor":29},{"not_picked":["Hemokinesis+1","Spot Weakness"],"picked":"Iron Wave","floor":31},{"not_picked":["Rampage","Anger+1"],"picked":"Wild Strike+1","floor":32}],"player_experience":37179,"relics_obtained":[{"floor":8,"key":"Bottled Tornado"},{"floor":9,"key":"Letter Opener"},{"floor":23,"key":"Dodecahedron"},{"floor":26,"key":"Whetstone"}],"event_choices":[{"event_name":"Living Wall","player_choice":"Grow","floor":4,"damage_taken":0},{"event_name":"The Cleric","player_choice":"Leave","floor":5,"damage_taken":0},{"event_name":"Big Fish","player_choice":"Donut","floor":13,"damage_taken":0},{"event_name":"Forgotten Altar","player_choice":"Shed Blood","floor":20,"damage_taken":0},{"event_name":"The Library","player_choice":"Read","floor":22,"damage_taken":0},{"event_name":"Drug Dealer","player_choice":"Inject Mutagens","floor":25,"damage_taken":0},{"event_name":"Nest","player_choice":"Stole From Cult","floor":27,"damage_taken":0}],"is_beta":false,"boss_relics":[{"not_picked":["Velvet Choker","Runic Dome"],"picked":"White Beast Statue"}],"items_purged_floors":[],"is_endless":false,"potions_floor_spawned":[3,7,8,11,14,18,21,23,28,29,31],"killed_by":"Collector","ascension_level":0}