{"gold_per_floor":[116,128,128,143,143,143,44,54,129,158,158,193,193,42,42,145,145,163,183,198,213,224,224,256,256,256,355,355,35,35,67,67,164,214,227,239,47,47,64,64,89,89,89,118,118,133,144,161,161,161],"floor_reached":51,"playtime":5784,"items_purged":["Defend_R","Strike_R","Defend_R"],"score":928,"play_id":"6e5351b3-312e-4f89-9fe9-0fac178d55bc","local_time":"20190725095107","is_ascension_mode":true,"campfire_choices":[{"data":"Cleave","floor":6,"key":"SMITH"},{"data":"Sword Boomerang","floor":11,"key":"SMITH"},{"floor":15,"key":"REST"},{"floor":23,"key":"REST"},{"floor":25,"key":"REST"},{"data":"Demon Form","floor":28,"key":"SMITH"},{"floor":32,"key":"REST"},{"data":"Dark Embrace","floor":40,"key":"SMITH"},{"floor":42,"key":"REST"},{"data":"Corruption","floor":49,"key":"SMITH"}],"neow_cost":"NONE","seed_source_timestamp":336551083500303,"circlet_count":0,"master_deck":["Strike_R","Strike_R+1","Defend_R","Defend_R","Bash","Cleave+1","Sword Boomerang+1","Anger","Shrug It Off","Flex+1","True Grit+1","Limit Break+1","Double Tap+1","Heavy Blade","Ghostly Armor+1","Shockwave+1","Burning Pact+1","Demon Form+1","Battle Trance+1","Infernal Blade+1","Dark Embrace+1","Wild Strike+1","Dark Shackles+1","Corruption+1"],"relics":["Black Blood","Pantograph","Toxic Egg 2","Incense Burner","Magic Flower","Omamori","Dead Branch","Bronze Scales","Blue Candle","Tiny House","Happy Flower","Oddly Smooth Stone","Bottled Tornado","Pear"],"potions_floor_usage":[10,16,16,16,21,31,35,36,39,39,41,44,47,48,50],"damage_taken":[{"damage":1,"enemies":"Cultist","floor":1,"turns":3},{"damage":9,"enemies":"2 Louse","floor":2,"turns":2},{"damage":9,"enemies":"Jaw Worm","floor":4,"turns":3},{"damage":5,"enemies":"3 Louse","floor":8,"turns":4},{"damage":14,"enemies":"Gremlin Nob","floor":10,"turns":3},{"damage":20,"enemies":"Lagavulin","floor":12,"turns":5},{"damage":20,"enemies":"The Guardian","floor":16,"turns":6},{"damage":33,"enemies":"Shell Parasite","floor":18,"turns":6},{"damage":11,"enemies":"Spheric Guardian","floor":19,"turns":3},{"damage":12,"enemies":"Chosen and Byrds","floor":20,"turns":5},{"damage":19,"enemies":"Shelled Parasite and Fungi","floor":21,"turns":6},{"damage":37,"enemies":"Snake Plant","floor":22,"turns":4},{"damage":52,"enemies":"Book of Stabbing","floor":24,"turns":8},{"damage":17,"enemies":"Gremlin Leader","floor":31,"turns":5},{"damage":29,"enemies":"Champ","floor":33,"turns":8},{"damage":30,"enemies":"3 Darklings","floor":35,"turns":4},{"damage":6,"enemies":"Orb Walker","floor":36,"turns":2},{"damage":36,"enemies":"Sphere and 2 Shapes","floor":39,"turns":5},{"damage":38,"enemies":"Giant Head","floor":41,"turns":8},{"damage":33,"enemies":"Reptomancer","floor":44,"turns":5},{"damage":16,"enemies":"3 Darklings","floor":46,"turns":6},{"damage":26,"enemies":"Jaw Worm Horde","floor":47,"turns":3},{"damage":15,"enemies":"Writhing Mass","floor":48,"turns":7},{"damage":2,"enemies":"Donu and Deca","floor":50,"turns":5}],"seed_played":"-500551584694345638","potions_obtained":[{"floor":2,"key":"Swift Potion"},{"floor":8,"key":"Poison Potion"},{"floor":12,"key":"AttackPotion"},{"floor":18,"key":"SpeedPotion"},{"floor":21,"key":"Ancient Potion"},{"floor":34,"key":"EntropicBrew"},{"floor":41,"key":"Swift Potion"},{"floor":46,"key":"BloodPotion"},{"floor":47,"key":"EssenceOfSteel"},{"floor":48,"key":"Block Potion"}],"is_trial":false,"path_per_floor":["M","M","T","M","?","R","$","M","T","E","R","E","?","$","R","B",null,"M","M","M","M","M","R","E","R","T","?","R","$","?","E","R","B",null,"M","M","$","?","M","R","E","R","T","E","T","M","M","M","R","B",null],"character_chosen":"IRONCLAD","items_purchased":["Shrug It Off","Strength Potion","Battle Trance+1","Bronze Scales","Happy Flower","Energy Potion"],"campfire_rested":5,"item_purchase_floors":[7,14,29,29,37,37],"current_hp_per_floor":[80,77,77,74,67,67,67,68,68,60,60,46,46,46,70,69,80,62,66,69,65,43,67,30,54,54,54,54,54,54,52,76,66,85,70,79,79,79,58,58,35,60,60,52,52,51,75,75,75,95],"gold":161,"neow_bonus":"THREE_CARDS","is_prod":false,"is_daily":false,"chose_seed":false,"campfire_upgraded":5,"win_rate":0,"timestamp":1564066267,"path_taken":["M","M","?","M","?","R","?","M","T","E","R","E","?","$","R","BOSS","M","?","M","M","M","R","E","R","T","?","R","$","?","E","R","BOSS","M","?","$","?","M","R","E","R","T","E","?","M","M","M","R","BOSS"],"build_version":"2019-07-17","purchased_purges":3,"victory":true,"max_hp_per_floor":[80,80,80,80,80,80,80,80,80,80,80,80,80,80,80,80,80,80,80,80,80,80,80,80,80,80,80,80,80,80,80,80,80,85,85,85,85,85,85,85,85,85,85,95,95,95,95,95,95,95],"card_choices":[{"not_picked":["Havoc","Power Through"],"picked":"Cleave","floor":0},{"not_picked":["Body Slam","Clash"],"picked":"Sword Boomerang","floor":1},{"not_picked":["Cleave","Burning Pact"],"picked":"Anger","floor":2},{"not_picked":["True Grit","Blood for Blood","Body Slam"],"picked":"SKIP","floor":4},{"not_picked":["Dark Embrace","Heavy Blade","Body Slam"],"picked":"SKIP","floor":8},{"not_picked":["Combust","Iron Wave"],"picked":"Flex+1","floor":10},{"not_picked":["Pummel","Intimidate+1"],"picked":"True Grit+1","floor":12},{"not_picked":["Feed","Bludgeon"],"picked":"Double Tap+1","floor":16},{"not_picked":["Pommel Strike","Clash+1"],"picked":"Heavy Blade","floor":18},{"not_picked":["Sword Boomerang+1","Armaments+1"],"picked":"Ghostly Armor+1","floor":19},{"not_picked":["Wild Strike+1","Clash","Uppercut"],"picked":"SKIP","floor":20},{"not_picked":["Thunderclap","Shrug It Off+1"],"picked":"Shockwave+1","floor":21},{"not_picked":["Combust","Havoc+1"],"picked":"Burning Pact+1","floor":22},{"not_picked":["Shrug It Off+1","Havoc+1"],"picked":"Demon Form","floor":24},{"not_picked":["Combust","Flex+1"],"picked":"Infernal Blade+1","floor":31},{"not_picked":["Double Tap+1","Exhume+1"],"picked":"Dark Embrace","floor":33},{"not_picked":["Searing Blow","Ghostly Armor+1"],"picked":"Wild Strike+1","floor":35},{"not_picked":["Shockwave+1","Clash+1","Armaments+1"],"picked":"SKIP","floor":36},{"not_picked":["Forethought+1","Swift Strike"],"picked":"Dark Shackles+1","floor":38},{"not_picked":["Clothesline","Sword Boomerang","Sever Soul"],"picked":"SKIP","floor":39},{"not_picked":["Barricade","Bloodletting+1","Pommel Strike"],"picked":"SKIP","floor":41},{"not_picked":["Perfected Strike","True Grit+1","Clothesline+1"],"picked":"SKIP","floor":44},{"not_picked":["Flame Barrier+1","Sever Soul+1"],"picked":"Corruption","floor":46},{"not_picked":["Armaments+1","Body Slam","Havoc+1"],"picked":"SKIP","floor":47},{"not_picked":["Body Slam+1","Combust","Rampage"],"picked":"SKIP","floor":48}],"player_experience":237178,"relics_obtained":[{"floor":3,"key":"Pantograph"},{"floor":9,"key":"Toxic Egg 2"},{"floor":10,"key":"Incense Burner"},{"floor":12,"key":"Magic Flower"},{"floor":24,"key":"Omamori"},{"floor":26,"key":"Dead Branch"},{"floor":31,"key":"Blue Candle"},{"floor":41,"key":"Oddly Smooth Stone"},{"floor":43,"key":"Bottled Tornado"},{"floor":44,"key":"Pear"}],"event_choices":[{"cards_removed":["Strike_R"],"damage_healed":0,"gold_gain":0,"player_choice":"Card Removal","damage_taken":7,"max_hp_gain":0,"max_hp_loss":0,"event_name":"Golden Wing","floor":5,"gold_loss":0},{"damage_healed":0,"gold_gain":0,"player_choice":"1 cards matched","damage_taken":0,"max_hp_gain":0,"max_hp_loss":0,"event_name":"Match and Keep!","floor":13,"gold_loss":0,"cards_obtained":["Limit Break"]},{"damage_healed":0,"gold_gain":99,"player_choice":"Stole From Cult","damage_taken":0,"max_hp_gain":0,"max_hp_loss":0,"event_name":"Nest","floor":27,"gold_loss":0},{"cards_removed":["Strike_R"],"damage_healed":0,"gold_gain":0,"player_choice":"Purged","damage_taken":0,"max_hp_gain":0,"max_hp_loss":0,"event_name":"Purifier","floor":30,"gold_loss":0},{"damage_healed":0,"gold_gain":0,"player_choice":"Memory 1","damage_taken":0,"max_hp_gain":0,"max_hp_loss":0,"event_name":"SensoryStone","floor":38,"gold_loss":0}],"is_beta":false,"boss_relics":[{"not_picked":["Coffee Dripper","Cursed Key"],"picked":"Black Blood"},{"not_picked":["Runic Dome","White Beast Statue"],"picked":"Tiny House"}],"items_purged_floors":[7,14,29],"is_endless":false,"potions_floor_spawned":[2,8,12,18,21,41,46,47,48],"ascension_level":2}