{"gold_per_floor":[109,109,126,141,152,152,164,180,205,96,96,128,204,204,204,304,304,315,331,351,363,59,59,159,192,265,69,88,88,103,113,113,113],"floor_reached":33,"playtime":3231,"items_purged":["Strike_B","Cold Snap"],"score":326,"play_id":"4877c9bb-cca4-4468-8af0-a14386a37e8f","local_time":"20190705192818","is_ascension_mode":true,"campfire_choices":[{"data":"Cold Snap","floor":6,"key":"SMITH"},{"data":"Barrage","floor":11,"key":"SMITH"},{"data":"Loop","floor":15,"key":"SMITH"},{"data":"Go for the Eyes","floor":23,"key":"SMITH"},{"data":"Loop","floor":29,"key":"SMITH"},{"floor":32,"key":"REST"}],"neow_cost":"NONE","seed_source_timestamp":1100025166597200,"circlet_count":0,"master_deck":["Defend_B","Defend_B","Defend_B","Zap","Dualcast","Blind","Stack","Go for the Eyes+1","Cold Snap+1","Reprogram","Barrage+1","Darkness","Loop+1","Cold Snap+1","Tempest+1","Ball Lightning+1","Beam Cell+1","Capacitor","Coolheaded+1","Steam","Conserve Battery","Loop+1","Redo+1","Self Repair+1","Turbo+1","Core Surge+1"],"relics":["Cracked Core","DataDisk","Letter Opener","Molten Egg 2","Astrolabe","Blood Vial","Anchor","Bronze Scales","Toxic Egg 2"],"potions_floor_usage":[7,21,25,30,33],"damage_taken":[{"damage":0,"enemies":"Cultist","floor":1,"turns":5},{"damage":0,"enemies":"Jaw Worm","floor":3,"turns":3},{"damage":0,"enemies":"Small Slimes","floor":4,"turns":2},{"damage":1,"enemies":"Blue Slaver","floor":5,"turns":3},{"damage":17,"enemies":"Lots of Slimes","floor":7,"turns":5},{"damage":2,"enemies":"Exordium Thugs","floor":8,"turns":6},{"damage":8,"enemies":"Gremlin Nob","floor":12,"turns":4},{"damage":3,"enemies":"The Guardian","floor":16,"turns":11},{"damage":1,"enemies":"Spheric Guardian","floor":18,"turns":3},{"damage":21,"enemies":"3 Byrds","floor":19,"turns":4},{"damage":27,"enemies":"Snake Plant","floor":20,"turns":3},{"damage":3,"enemies":"3 Cultists","floor":21,"turns":5},{"damage":3,"enemies":"Gremlin Leader","floor":25,"turns":9},{"damage":8,"enemies":"Shelled Parasite and Fungi","floor":28,"turns":5},{"damage":8,"enemies":"Snake Plant","floor":30,"turns":3},{"damage":15,"enemies":"Centurion and Healer","floor":31,"turns":6},{"damage":16,"enemies":"Collector","floor":33,"turns":3}],"seed_played":"-1613676896668486539","potions_obtained":[{"floor":1,"key":"Weak Potion"},{"floor":4,"key":"Weak Potion"},{"floor":8,"key":"Energy Potion"},{"floor":12,"key":"SpeedPotion"},{"floor":21,"key":"Energy Potion"},{"floor":31,"key":"LiquidBronze"}],"is_trial":false,"path_per_floor":["M","?","M","M","M","R","M","M","T","$","R","E","T","?","R","B",null,"M","M","M","M","$","R","?","E","T","$","M","R","M","M","R","B"],"character_chosen":"DEFECT","items_purchased":["Darkness","Blood Vial","Anchor","Loop","Redo+1"],"campfire_rested":1,"item_purchase_floors":[10,22,22,27,27],"current_hp_per_floor":[75,75,75,75,74,74,57,55,55,55,55,47,47,47,47,44,75,74,53,26,23,23,23,23,22,22,22,16,16,20,17,39,25],"gold":113,"neow_bonus":"RANDOM_COLORLESS","is_prod":false,"is_daily":false,"chose_seed":false,"campfire_upgraded":5,"win_rate":0,"timestamp":1562369298,"path_taken":["M","?","M","M","M","R","M","M","T","$","R","E","?","?","R","BOSS","M","M","M","?","$","R","?","E","T","$","?","R","M","M","R","BOSS"],"build_version":"2019-07-05","purchased_purges":2,"victory":false,"max_hp_per_floor":[75,75,75,75,75,75,75,75,75,75,75,75,75,75,75,75,75,75,75,75,75,75,75,75,75,75,75,75,75,75,75,75,75],"card_choices":[{"not_picked":["BootSequence","Steam"],"picked":"Stack","floor":1},{"not_picked":["Hello World","Coolheaded"],"picked":"Cold Snap","floor":3},{"not_picked":["Undo","Steam Power"],"picked":"Reprogram","floor":4},{"not_picked":["Force Field","BootSequence"],"picked":"Cold Snap","floor":5},{"not_picked":["Sweeping Beam","Reprogram"],"picked":"Barrage","floor":7},{"not_picked":["Steam","Barrage","Stack"],"picked":"SKIP","floor":8},{"not_picked":["Rebound","Barrage"],"picked":"Loop","floor":12},{"not_picked":["Reinforced Body","Heatsinks"],"picked":"Beam Cell+1","floor":18},{"not_picked":["Ball Lightning+1","Fusion+1"],"picked":"Capacitor","floor":19},{"not_picked":["Barrage+1","Beam Cell+1"],"picked":"Coolheaded+1","floor":20},{"not_picked":["Gash+1","Chaos"],"picked":"Steam","floor":21},{"not_picked":["Capacitor+1","Stack"],"picked":"Conserve Battery","floor":25},{"not_picked":["Redo+1","Go for the Eyes+1"],"picked":"Self Repair+1","floor":28},{"not_picked":["Sweeping Beam+1","Go for the Eyes+1"],"picked":"Turbo+1","floor":30},{"not_picked":["Steam Power+1","Coolheaded+1"],"picked":"Core Surge+1","floor":31}],"player_experience":620271,"relics_obtained":[{"floor":9,"key":"DataDisk"},{"floor":12,"key":"Letter Opener"},{"floor":13,"key":"Molten Egg 2"},{"floor":25,"key":"Bronze Scales"},{"floor":26,"key":"Toxic Egg 2"}],"event_choices":[{"damage_healed":0,"gold_gain":0,"cards_transformed":["Strike_B"],"player_choice":"Change","damage_taken":0,"max_hp_gain":0,"max_hp_loss":0,"event_name":"Living Wall","floor":2,"gold_loss":0,"cards_obtained":["Go for the Eyes"]},{"damage_healed":0,"gold_gain":0,"player_choice":"Bought 0 Potions","damage_taken":0,"max_hp_gain":0,"max_hp_loss":0,"event_name":"The Woman in Blue","floor":14,"gold_loss":0},{"damage_healed":0,"gold_gain":100,"player_choice":"Pray","damage_taken":0,"max_hp_gain":0,"max_hp_loss":0,"event_name":"Golden Shrine","floor":24,"gold_loss":0}],"is_beta":false,"boss_relics":[{"not_picked":["White Beast Statue","Nuclear Battery"],"picked":"Astrolabe"}],"items_purged_floors":[10,27],"is_endless":false,"potions_floor_spawned":[1,4,8,12,18,19,21,31],"killed_by":"Collector","ascension_level":2}