{"gold_per_floor":[12,12,27,80,80,80,93,93,93,147,147,222,222,242,242,315,315,330,330,348,100,127,127,140,159,159,159,159,159,159,171,171,248,248,264,275,275,275,43,43,53,72,72,82,92,92,92,106,106,106,106],"floor_reached":51,"playtime":1872,"items_purged":["Strike_B"],"score":1299,"play_id":"78c8718e-f8bd-4d2b-b9f6-0423eaa4cc89","local_time":"20190426024913","is_ascension_mode":true,"campfire_choices":[{"data":"Electrodynamics","floor":6.0,"key":"SMITH"},{"data":"Auto Shields","floor":8.0,"key":"SMITH"},{"data":"Zap","floor":11.0,"key":"SMITH"},{"data":"Cold Snap","floor":13.0,"key":"SMITH"},{"data":"Cold Snap","floor":15.0,"key":"SMITH"},{"floor":23.0,"key":"REST"},{"floor":27.0,"key":"REST"},{"floor":29.0,"key":"RECALL"},{"floor":32.0,"key":"REST"},{"floor":40.0,"key":"REST"},{"floor":49.0,"key":"REST"}],"neow_cost":"NO_GOLD","seed_source_timestamp":196911385157414,"circlet_count":0,"master_deck":["AscendersBane","Defend_B+1","Defend_B+1","Defend_B+1","Defend_B+1","Zap+1","Core Surge","Auto Shields+1","Electrodynamics+1","BootSequence","Defragment+1","Cold Snap+1","Cold Snap+1","Echo Form","Storm","White Noise","Chill","Compile Driver+1","Seek","Defragment","White Noise","Echo Form","Coolheaded"],"special_seed":0,"relics":["Cracked Core","Tiny Chest","Cables","Fusion Hammer","Blood Vial","Centennial Puzzle","Bottled Flame","Molten Egg 2","Empty Cage","Art of War","Singing Bowl","Frozen Egg 2"],"potions_floor_usage":[50,50],"damage_taken":[{"damage":0.0,"enemies":"Small Slimes","floor":1.0,"turns":3.0},{"damage":6.0,"enemies":"Cultist","floor":3.0,"turns":3.0},{"damage":0.0,"enemies":"Jaw Worm","floor":7.0,"turns":3.0},{"damage":1.0,"enemies":"Large Slime","floor":14.0,"turns":3.0},{"damage":0.0,"enemies":"Slime Boss","floor":16.0,"turns":5.0},{"damage":0.0,"enemies":"3 Byrds","floor":18.0,"turns":1.0},{"damage":4.0,"enemies":"Spheric Guardian","floor":20.0,"turns":4.0},{"damage":18.0,"enemies":"Shelled Parasite and Fungi","floor":24.0,"turns":6.0},{"damage":13.0,"enemies":"Centurion and Healer","floor":25.0,"turns":4.0},{"damage":0.0,"enemies":"Cultist and Chosen","floor":31.0,"turns":5.0},{"damage":14.0,"enemies":"Automaton","floor":33.0,"turns":11.0},{"damage":3.0,"enemies":"3 Darklings","floor":35.0,"turns":3.0},{"damage":0.0,"enemies":"3 Shapes","floor":36.0,"turns":4.0},{"damage":5.0,"enemies":"Jaw Worm Horde","floor":41.0,"turns":3.0},{"damage":7.0,"enemies":"3 Darklings","floor":42.0,"turns":3.0},{"damage":17.0,"enemies":"Spire Growth","floor":44.0,"turns":5.0},{"damage":31.0,"enemies":"Transient","floor":45.0,"turns":6.0},{"damage":2.0,"enemies":"Sphere and 2 Shapes","floor":48.0,"turns":3.0},{"damage":39,"enemies":"Donu and Deca","floor":50,"turns":18},{"damage":19,"enemies":"Awakened One","floor":51,"turns":2}],"seed_played":"-3396234249637999355","potions_obtained":[{"floor":7.0,"key":"Energy Potion"},{"floor":24.0,"key":"Regen Potion"},{"floor":25.0,"key":"SkillPotion"},{"floor":33.0,"key":"FocusPotion"},{"floor":36.0,"key":"Dexterity Potion"}],"is_trial":false,"path_per_floor":["M","?","M","T","?","R","M","R","T","?","R","?","R","M","R","B",null,"M","?","M","$","T","R","M","M","T","R","?","R","?","M","R","B",null,"M","M","?","?","$","R","M","M","T","M","M","T","?","M","R","B","B"],"character_chosen":"DEFECT","items_purchased":["Blood Vial","Defragment","Art of War"],"campfire_rested":5,"item_purchase_floors":[21,39,39],"current_hp_per_floor":[64,64,58,58,58,58,58,58,58,58,58,47,47,46,46,46,65,65,65,61,61,61,71,53,54,54,71,71,71,71,71,71,57,68,67,69,69,69,69,71,66,61,61,48,19,19,19,21,43,6,0],"gold":106,"neow_bonus":"THREE_RARE_CARDS","is_prod":false,"is_daily":false,"chose_seed":false,"campfire_upgraded":5,"win_rate":0,"timestamp":1556261353,"path_taken":["M","?","?","?","?","R","?","R","T","?","R","?","R","M","R","BOSS","M","?","M","$","?","R","M","M","T","R","?","R","?","?","R","BOSS","M","M","?","?","$","R","?","?","T","M","M","?","?","?","R","BOSS","BOSS"],"build_version":"2019-04-23","purchased_purges":1,"victory":false,"max_hp_per_floor":[71,71,71,71,71,71,71,71,71,71,71,71,71,71,71,71,71,71,71,71,71,71,71,71,71,71,71,71,71,71,71,71,71,71,71,71,71,71,71,71,71,71,71,73,73,73,73,75,75,75,75],"card_choices":[{"not_picked":["Seek","Buffer"],"picked":"Core Surge","floor":0.0},{"not_picked":["Turbo","Force Field"],"picked":"Auto Shields","floor":1.0},{"not_picked":["Chaos","Blizzard"],"picked":"Defragment","floor":3.0},{"not_picked":["Steam","Tempest"],"picked":"Cold Snap","floor":7.0},{"not_picked":["Barrage","Leap"],"picked":"Cold Snap","floor":14.0},{"not_picked":["Multi-Cast","Fission"],"picked":"Echo Form","floor":16.0},{"not_picked":["Ball Lightning","Steam"],"picked":"Storm","floor":18.0},{"not_picked":["Steam","Rebound"],"picked":"White Noise","floor":20.0},{"not_picked":["Turbo","Hologram","Beam Cell"],"picked":"SKIP","floor":24.0},{"not_picked":["Force Field","Cold Snap+1"],"picked":"Chill","floor":25.0},{"not_picked":["Barrage+1","Gash+1"],"picked":"Compile Driver+1","floor":31.0},{"not_picked":["Hyperbeam+1","Multi-Cast"],"picked":"Seek","floor":33.0},{"not_picked":["Skim","Redo","Darkness+1"],"picked":"SKIP","floor":35.0},{"not_picked":["Go for the Eyes+1","Rebound+1","Compile Driver+1"],"picked":"SKIP","floor":36.0},{"not_picked":["Steam","Hologram"],"picked":"White Noise","floor":41.0},{"not_picked":["Consume+1","Fusion"],"picked":"Echo Form","floor":42.0},{"not_picked":["Streamline+1","Go for the Eyes+1","Barrage+1"],"picked":"Singing Bowl","floor":44.0},{"not_picked":["Darkness","Turbo"],"picked":"Coolheaded","floor":45.0},{"not_picked":["Barrage+1","Leap","Ball Lightning+1"],"picked":"Singing Bowl","floor":48.0}],"player_experience":1065681,"relics_obtained":[{"floor":4.0,"key":"Tiny Chest"},{"floor":9.0,"key":"Cables"},{"floor":22.0,"key":"Centennial Puzzle"},{"floor":26.0,"key":"Bottled Flame"},{"floor":43.0,"key":"Singing Bowl"},{"floor":46.0,"key":"Frozen Egg 2"}],"event_choices":[{"damage_healed":0.0,"max_hp_gain":0.0,"max_hp_loss":0.0,"gold_gain":0.0,"event_name":"Match and Keep!","player_choice":"2 cards matched","floor":2.0,"gold_loss":0.0,"damage_taken":0.0,"cards_obtained":["Electrodynamics","BootSequence"]},{"damage_healed":0.0,"max_hp_gain":0.0,"max_hp_loss":0.0,"gold_gain":0.0,"event_name":"Upgrade Shrine","player_choice":"Upgraded","floor":5.0,"gold_loss":0.0,"damage_taken":0.0,"cards_upgraded":["Defragment"]},{"damage_healed":0.0,"max_hp_gain":0.0,"max_hp_loss":0.0,"gold_gain":54.0,"event_name":"Golden Wing","player_choice":"Gained Gold","floor":10.0,"gold_loss":0.0,"damage_taken":0.0},{"damage_healed":0.0,"max_hp_gain":0.0,"max_hp_loss":0.0,"gold_gain":75.0,"event_name":"World of Goop","player_choice":"Gather Gold","floor":12.0,"gold_loss":0.0,"damage_taken":11.0},{"damage_healed":0.0,"max_hp_gain":0.0,"max_hp_loss":0.0,"gold_gain":0.0,"event_name":"Beggar","player_choice":"Ignored","floor":19.0,"gold_loss":0.0,"damage_taken":0.0},{"damage_healed":0.0,"max_hp_gain":0.0,"max_hp_loss":0.0,"gold_gain":0.0,"event_name":"The Mausoleum","player_choice":"Opened","floor":28.0,"gold_loss":0.0,"damage_taken":0.0,"relics_obtained":["Molten Egg 2"],"cards_obtained":["Writhe"]},{"damage_healed":0.0,"max_hp_gain":0.0,"max_hp_loss":0.0,"gold_gain":0.0,"event_name":"Back to Basics","player_choice":"Simplicity","floor":30.0,"gold_loss":0.0,"damage_taken":0.0,"cards_upgraded":["Strike_B","Strike_B","Strike_B","Defend_B","Defend_B","Defend_B","Defend_B"]},{"cards_removed":["Strike_B"],"damage_healed":0.0,"max_hp_gain":0.0,"max_hp_loss":0.0,"gold_gain":0.0,"event_name":"Falling","player_choice":"Removed Attack","floor":37.0,"gold_loss":0.0,"damage_taken":0.0},{"cards_removed":["Strike_B"],"damage_healed":0.0,"max_hp_gain":0.0,"max_hp_loss":0.0,"gold_gain":0.0,"event_name":"Bonfire Elementals","player_choice":"Offered Basic","floor":38.0,"gold_loss":0.0,"damage_taken":0.0},{"cards_removed":["Dualcast"],"damage_healed":0.0,"max_hp_gain":0.0,"max_hp_loss":0.0,"gold_gain":0.0,"event_name":"Purifier","player_choice":"Purged","floor":47.0,"gold_loss":0.0,"damage_taken":0.0}],"is_beta":true,"boss_relics":[{"not_picked":["Runic Dome","Black Star"],"picked":"Fusion Hammer"},{"not_picked":["Busted Crown","Eternal Feather"],"picked":"Empty Cage"}],"items_purged_floors":[21],"is_endless":false,"potions_floor_spawned":[7,24,25,33,36,41],"killed_by":"Awakened One","ascension_level":20}