{"gold_per_floor":[115,265,279,279,292,292,292,292,292,60,80,0,10,44,44,44],"floor_reached":16,"playtime":466,"items_purged":["Doubt","Doubt"],"score":200,"play_id":"ff700af4-ca37-4a91-a9cc-1382de7f33af","local_time":"20190403192500","is_ascension_mode":true,"campfire_choices":[{"data":"Recycle","floor":6,"key":"SMITH"},{"data":"Defend_B","floor":8,"key":"SMITH"},{"data":"Sunder","floor":15,"key":"SMITH"}],"neow_cost":"CURSE","seed_source_timestamp":980302621749987,"circlet_count":0,"master_deck":["AscendersBane","Strike_B","Strike_B","Strike_B","Strike_B","Defend_B","Defend_B","Defend_B","Defend_B+1","Zap","Dualcast","Ball Lightning","Cold Snap","Recycle+1","Genetic Algorithm","Tempest","Sunder+1"],"special_seed":0,"relics":["Cracked Core","FossilizedHelix","Ornamental Fan","Ancient Tea Set","The Courier","Lee\u0027s Waffle","Sundial"],"potions_floor_usage":[16],"damage_taken":[{"damage":0,"enemies":"Jaw Worm","floor":1,"turns":3},{"damage":0,"enemies":"Cultist","floor":3,"turns":3},{"damage":0,"enemies":"2 Louse","floor":5,"turns":2},{"damage":0,"enemies":"2 Fungi Beasts","floor":11,"turns":3},{"damage":0,"enemies":"Large Slime","floor":13,"turns":5},{"damage":38,"enemies":"3 Sentries","floor":14,"turns":6},{"damage":46,"enemies":"Slime Boss","floor":16,"turns":9}],"seed_played":"-6687860131882765718","potions_obtained":[{"floor":5,"key":"Weak Potion"},{"floor":14,"key":"SteroidPotion"}],"is_trial":false,"path_per_floor":["M","?","M","?","M","R","T","R","T","$","M","$","M","E","R","B"],"character_chosen":"DEFECT","items_purchased":["Lee\u0027s Waffle"],"campfire_rested":0,"item_purchase_floors":[10],"current_hp_per_floor":[64,64,64,38,38,38,38,38,38,78,78,78,78,40,40,0],"gold":44,"neow_bonus":"ONE_RARE_RELIC","is_prod":false,"is_daily":false,"chose_seed":false,"campfire_upgraded":3,"win_rate":0,"timestamp":1554333900,"path_taken":["M","?","M","?","M","R","?","R","T","$","M","?","M","E","R","BOSS"],"build_version":"2019-03-15","purchased_purges":2,"victory":false,"max_hp_per_floor":[71,71,71,71,71,71,71,71,71,78,78,78,78,78,78,78],"card_choices":[{"not_picked":["Beam Cell","Hello World"],"picked":"Ball Lightning","floor":1},{"not_picked":["Ball Lightning","Streamline"],"picked":"Cold Snap","floor":3},{"not_picked":["Doom and Gloom","Go for the Eyes"],"picked":"Recycle","floor":5},{"not_picked":["Hologram","Ball Lightning"],"picked":"Genetic Algorithm","floor":11},{"not_picked":["Redo","Hyperbeam"],"picked":"Tempest","floor":13},{"not_picked":["Conserve Battery","Consume"],"picked":"Sunder","floor":14}],"player_experience":1055411,"relics_obtained":[{"floor":7,"key":"Ancient Tea Set"},{"floor":9,"key":"The Courier"},{"floor":14,"key":"Sundial"}],"event_choices":[{"damage_healed":0,"gold_gain":150,"player_choice":"AGREE","damage_taken":0,"max_hp_gain":0,"max_hp_loss":0,"event_name":"Liars Game","floor":2,"gold_loss":0,"cards_obtained":["Doubt"]},{"damage_healed":0,"gold_gain":0,"player_choice":"Success","damage_taken":26,"relics_obtained":["Ornamental Fan"],"max_hp_gain":0,"max_hp_loss":0,"event_name":"Scrap Ooze","floor":4,"gold_loss":0}],"is_beta":true,"boss_relics":[],"items_purged_floors":[10,12],"is_endless":false,"potions_floor_spawned":[5,14],"killed_by":"Slime Boss","ascension_level":20}