{"gold_per_floor":[20,20,30,86,98,98,110,110,110,127,18,3],"floor_reached":12,"playtime":457,"items_purged":["Strike_B"],"score":77,"play_id":"42987ff0-9ade-4ca7-b080-95b7ea1df406","local_time":"20190704213326","is_ascension_mode":true,"campfire_choices":[{"data":"Zap","floor":6,"key":"SMITH"},{"data":"Loop","floor":8,"key":"SMITH"}],"neow_cost":"NO_GOLD","seed_source_timestamp":1023907916257500,"circlet_count":0,"master_deck":["Strike_B","Defend_B","Defend_B","Defend_B","Zap+1","Dualcast","Rip and Tear","Aggregate","White Noise","Melter","Leap","Beam Cell","Loop+1","Biased Cognition","FTL"],"relics":["Cracked Core","Bottled Tornado"],"potions_floor_usage":[],"damage_taken":[{"damage":9,"enemies":"2 Louse","floor":1,"turns":3},{"damage":0,"enemies":"Cultist","floor":3,"turns":2},{"damage":1,"enemies":"Small Slimes","floor":5,"turns":4},{"damage":4,"enemies":"Blue Slaver","floor":7,"turns":2},{"damage":0,"enemies":"Large Slime","floor":10,"turns":4},{"damage":2,"enemies":"Exordium Thugs","floor":12,"turns":1}],"seed_played":"8423041735776708845","potions_obtained":[{"floor":3,"key":"Strength Potion"},{"floor":10,"key":"GamblersBrew"}],"is_trial":false,"path_per_floor":["M","?","M","?","M","R","M","R","T","M","$","M"],"character_chosen":"DEFECT","items_purchased":["FTL"],"campfire_rested":0,"item_purchase_floors":[11],"current_hp_per_floor":[66,66,66,66,65,65,61,61,61,61,61,59],"gold":3,"neow_bonus":"TRANSFORM_TWO_CARDS","is_prod":false,"is_daily":false,"chose_seed":false,"campfire_upgraded":2,"win_rate":0,"timestamp":1562290406,"path_taken":["M","?","?","?","M","R","M","R","T","M","$","M"],"build_version":"2019-07-01","purchased_purges":1,"victory":false,"max_hp_per_floor":[75,75,75,75,75,75,75,75,75,75,75,75],"card_choices":[{"not_picked":["Turbo","Rebound"],"picked":"White Noise","floor":1},{"not_picked":["Barrage","Doom and Gloom"],"picked":"Leap","floor":3},{"not_picked":["Ball Lightning","Blizzard"],"picked":"Beam Cell","floor":5},{"not_picked":["Cold Snap","Streamline"],"picked":"Loop","floor":7},{"not_picked":["Beam Cell","Ball Lightning"],"picked":"Biased Cognition","floor":10}],"player_experience":605599,"relics_obtained":[{"floor":9,"key":"Bottled Tornado"}],"event_choices":[{"damage_healed":0,"gold_gain":0,"cards_transformed":["Defend_B"],"player_choice":"Transformed","damage_taken":0,"max_hp_gain":0,"max_hp_loss":0,"event_name":"Transmorgrifier","floor":2,"gold_loss":0,"cards_obtained":["Melter"]},{"damage_healed":0,"gold_gain":56,"player_choice":"Gained Gold","damage_taken":0,"max_hp_gain":0,"max_hp_loss":0,"event_name":"Golden Wing","floor":4,"gold_loss":0}],"is_beta":false,"boss_relics":[],"items_purged_floors":[11],"is_endless":false,"potions_floor_spawned":[3,10],"killed_by":"Exordium Thugs","ascension_level":2}