{"gold_per_floor":[109,109,128,93,104,104,137,137,190,205,205,219,219,231,231,309,309],"floor_reached":17,"playtime":581,"items_purged":[],"score":314,"play_id":"1ddb4736-bd37-4357-9631-a79008d70d88","local_time":"20190325123004","is_ascension_mode":true,"campfire_choices":[{"data":"Go for the Eyes","floor":6,"key":"SMITH"},{"floor":8,"key":"REST"},{"data":"Zap","floor":11,"key":"SMITH"},{"floor":15,"key":"REST"}],"neow_cost":"PERCENT_DAMAGE","seed_source_timestamp":177681153695828,"circlet_count":0,"master_deck":["AscendersBane","Strike_B+1","Strike_B+1","Strike_B","Defend_B","Defend_B","Defend_B","Defend_B","Zap+1","Dualcast","Machine Learning","Ball Lightning","Go for the Eyes+1","Recycle","Ball Lightning","FTL","Blizzard","Coolheaded","All For One"],"relics":["Cracked Core","Whetstone","Ancient Tea Set","Lizard Tail"],"potions_floor_usage":[7,12],"damage_taken":[{"damage":15,"enemies":"Small Slimes","floor":1,"turns":4},{"damage":1,"enemies":"2 Louse","floor":3,"turns":3},{"damage":7,"enemies":"Jaw Worm","floor":5,"turns":2},{"damage":20,"enemies":"Lagavulin","floor":7,"turns":5},{"damage":1,"enemies":"Looter","floor":10,"turns":2},{"damage":12,"enemies":"3 Louse","floor":12,"turns":3},{"damage":14,"enemies":"Lots of Slimes","floor":14,"turns":3},{"damage":21,"enemies":"The Guardian","floor":16,"turns":14}],"seed_played":"-369807743849402123","potions_obtained":[{"floor":3,"key":"SpeedPotion"},{"floor":5,"key":"Fire Potion"},{"floor":7,"key":"SneckoOil"}],"is_trial":false,"path_per_floor":["M","?","M","?","M","R","E","R","T","M","R","M","?","M","R","B",null],"character_chosen":"DEFECT","items_purchased":[],"campfire_rested":2,"item_purchase_floors":[],"current_hp_per_floor":[31,24,23,40,33,33,13,34,34,33,33,21,21,7,28,7,55],"gold":309,"neow_bonus":"THREE_RARE_CARDS","is_prod":false,"is_daily":false,"chose_seed":false,"campfire_upgraded":2,"win_rate":0,"timestamp":1553531404,"path_taken":["M","?","M","?","M","R","E","R","T","M","R","M","?","M","R","BOSS"],"build_version":"2019-03-15","purchased_purges":0,"victory":false,"max_hp_per_floor":[71,71,71,71,71,71,71,71,71,71,71,71,71,71,71,71,71],"card_choices":[{"not_picked":["Multi-Cast","Rainbow"],"picked":"Machine Learning","floor":0},{"not_picked":["Redo","Steam"],"picked":"Ball Lightning","floor":1},{"not_picked":["Ball Lightning","Hello World"],"picked":"Go for the Eyes","floor":3},{"not_picked":["Go for the Eyes","Rip and Tear"],"picked":"Recycle","floor":5},{"not_picked":["Multi-Cast","Double Energy"],"picked":"Ball Lightning","floor":7},{"not_picked":["Turbo","Coolheaded"],"picked":"FTL","floor":10},{"not_picked":["Turbo","Redo"],"picked":"Blizzard","floor":12},{"not_picked":["Tempest","Barrage"],"picked":"Coolheaded","floor":14},{"not_picked":["Rainbow","Multi-Cast"],"picked":"All For One","floor":16}],"player_experience":1046806,"relics_obtained":[{"floor":7,"key":"Whetstone"},{"floor":9,"key":"Ancient Tea Set"}],"event_choices":[{"cards_removed":["Strike_B"],"damage_healed":0,"gold_gain":0,"player_choice":"Card Removal","damage_taken":7,"max_hp_gain":0,"max_hp_loss":0,"event_name":"Golden Wing","floor":2,"gold_loss":0},{"damage_healed":17,"gold_gain":0,"player_choice":"Healed","damage_taken":0,"max_hp_gain":0,"max_hp_loss":0,"event_name":"The Cleric","floor":4,"gold_loss":35},{"damage_healed":0,"gold_gain":0,"player_choice":"Ignored","damage_taken":0,"max_hp_gain":0,"max_hp_loss":0,"event_name":"Liars Game","floor":13,"gold_loss":0}],"is_beta":true,"boss_relics":[{"not_picked":["Philosopher\u0027s Stone","Velvet Choker"],"picked":"Lizard Tail"}],"items_purged_floors":[],"is_endless":false,"potions_floor_spawned":[3,5,7],"ascension_level":20}