{"gold_per_floor":[15,30,45,45,58,86,86,116,116,146,160,160,178,38,38,143,143,159,159,176,192,207,207,26,51,51,51,79,97,97,109,109,206,206,225,243,260,260],"floor_reached":38,"playtime":4618,"items_purged":[],"score":564,"play_id":"2818aff9-c8be-408d-90fc-6d7c2e07d521","local_time":"20190721201858","is_ascension_mode":true,"campfire_choices":[{"floor":7,"key":"REST"},{"data":"Carnage","floor":15,"key":"SMITH"},{"data":"True Grit","floor":23,"key":"SMITH"},{"data":"Armaments","floor":27,"key":"SMITH"},{"data":"Evolve","floor":32,"key":"SMITH"}],"neow_cost":"NO_GOLD","seed_source_timestamp":29802674755662,"circlet_count":0,"master_deck":["Strike_R","Strike_R","Strike_R","Strike_R","Defend_R","Defend_R","Defend_R","Bash","Offering","Cleave","Armaments+1","True Grit+1","Shrug It Off","Carnage+1","Violence","Fiend Fire","Power Through","Evolve+1","Wild Strike+1","Battle Trance","Reaper","Second Wind","Dark Embrace","Parasite","Corruption"],"relics":["Burning Blood","Ancient Tea Set","Dodecahedron","The Courier","Singing Bowl","Happy Flower","Mark of Pain","PreservedInsect","Gremlin Horn","Matryoshka","Empty Cage"],"potions_floor_usage":[6,8,10,10,19,25,25,29,31,33,37,37],"damage_taken":[{"damage":6,"enemies":"2 Louse","floor":1,"turns":3},{"damage":7,"enemies":"Jaw Worm","floor":2,"turns":3},{"damage":12,"enemies":"Cultist","floor":3,"turns":4},{"damage":19,"enemies":"Exordium Thugs","floor":5,"turns":3},{"damage":31,"enemies":"3 Sentries","floor":6,"turns":10},{"damage":29,"enemies":"Lagavulin","floor":8,"turns":5},{"damage":31,"enemies":"Gremlin Nob","floor":10,"turns":4},{"damage":9,"enemies":"Blue Slaver","floor":11,"turns":6},{"damage":1,"enemies":"Gremlin Gang","floor":13,"turns":3},{"damage":6,"enemies":"Slime Boss","floor":16,"turns":8},{"damage":16,"enemies":"Shell Parasite","floor":18,"turns":7},{"damage":6,"enemies":"Spheric Guardian","floor":20,"turns":3},{"damage":6,"enemies":"Cultist and Chosen","floor":21,"turns":6},{"damage":6,"enemies":"Snake Plant","floor":22,"turns":2},{"damage":6,"enemies":"Gremlin Leader","floor":25,"turns":4},{"damage":15,"enemies":"Book of Stabbing","floor":28,"turns":4},{"damage":12,"enemies":"Snecko","floor":29,"turns":4},{"damage":23,"enemies":"Shelled Parasite and Fungi","floor":31,"turns":5},{"damage":63,"enemies":"Automaton","floor":33,"turns":10},{"damage":4,"enemies":"3 Shapes","floor":35,"turns":5},{"damage":43,"enemies":"3 Darklings","floor":36,"turns":7},{"damage":47,"enemies":"Writhing Mass","floor":37,"turns":9},{"damage":31,"enemies":"4 Shapes","floor":38,"turns":3}],"seed_played":"4482968077473627659","potions_obtained":[{"floor":1,"key":"Weak Potion"},{"floor":2,"key":"Regen Potion"},{"floor":6,"key":"BloodPotion"},{"floor":8,"key":"Poison Potion"},{"floor":11,"key":"Energy Potion"},{"floor":19,"key":"Fruit Juice"},{"floor":19,"key":"Ancient Potion"},{"floor":19,"key":"Weak Potion"},{"floor":28,"key":"Energy Potion"},{"floor":29,"key":"Block Potion"},{"floor":31,"key":"Strength Potion"},{"floor":35,"key":"Fire Potion"}],"is_trial":false,"path_per_floor":["M","M","M","?","M","E","R","E","T","E","M","T","M","$","R","B",null,"M","?","M","M","M","R","$","E","T","R","E","M","?","M","R","B",null,"M","M","M","M"],"character_chosen":"IRONCLAD","items_purchased":["Violence","Battle Trance","PreservedInsect"],"campfire_rested":1,"item_purchase_floors":[14,24,24],"current_hp_per_floor":[80,79,73,73,60,50,74,51,51,48,45,45,52,52,52,52,84,74,79,79,81,81,81,81,81,81,81,78,79,79,62,62,17,95,97,62,26,0],"gold":260,"neow_bonus":"THREE_RARE_CARDS","is_prod":false,"is_daily":false,"chose_seed":false,"campfire_upgraded":4,"win_rate":0,"timestamp":1563758338,"path_taken":["M","M","M","?","M","E","R","E","T","E","M","?","M","$","R","BOSS","M","?","M","?","M","R","$","E","T","R","E","M","?","M","R","BOSS","M","M","M","M"],"build_version":"2019-07-17","purchased_purges":0,"victory":false,"max_hp_per_floor":[80,80,80,80,80,80,80,80,80,82,82,82,84,84,84,84,84,84,89,89,91,91,91,91,91,91,91,93,95,95,95,95,95,95,97,99,99,99],"card_choices":[{"not_picked":["Barricade","Impervious"],"picked":"Offering","floor":0},{"not_picked":["Iron Wave","Searing Blow","Thunderclap"],"picked":"SKIP","floor":1},{"not_picked":["Perfected Strike","True Grit"],"picked":"Cleave","floor":2},{"not_picked":["Thunderclap","Feel No Pain","Heavy Blade"],"picked":"SKIP","floor":3},{"not_picked":["Rupture","Cleave"],"picked":"Armaments","floor":5},{"not_picked":["Body Slam","Twin Strike"],"picked":"True Grit","floor":6},{"not_picked":["Flex","Infernal Blade"],"picked":"Shrug It Off","floor":8},{"not_picked":["Shrug It Off","Evolve","Anger"],"picked":"Singing Bowl","floor":10},{"not_picked":["Havoc","Iron Wave"],"picked":"Carnage","floor":11},{"not_picked":["Pummel","Cleave","Reaper"],"picked":"Singing Bowl","floor":13},{"not_picked":["Bludgeon","Offering"],"picked":"Fiend Fire","floor":16},{"not_picked":["Pommel Strike","Dual Wield"],"picked":"Power Through","floor":18},{"not_picked":["Pommel Strike","Sever Soul"],"picked":"Evolve","floor":20},{"not_picked":["Bloodletting+1","Inflame","Twin Strike"],"picked":"Singing Bowl","floor":21},{"not_picked":["Sword Boomerang","Cleave"],"picked":"Wild Strike+1","floor":22},{"not_picked":["Body Slam+1","Perfected Strike"],"picked":"Reaper","floor":25},{"not_picked":["Thunderclap+1","Rage","Anger"],"picked":"Singing Bowl","floor":28},{"not_picked":["Headbutt","Clash","Disarm+1"],"picked":"Singing Bowl","floor":29},{"not_picked":["Twin Strike","Pommel Strike"],"picked":"Second Wind","floor":31},{"not_picked":["Juggernaut","Reaper"],"picked":"Dark Embrace","floor":33},{"not_picked":["Clash+1","Iron Wave","Bloodletting+1"],"picked":"Singing Bowl","floor":35},{"not_picked":["Sword Boomerang+1","Havoc","Dropkick"],"picked":"Singing Bowl","floor":36},{"not_picked":["Sword Boomerang","Perfected Strike+1"],"picked":"Corruption","floor":37}],"player_experience":210189,"relics_obtained":[{"floor":6,"key":"Ancient Tea Set"},{"floor":8,"key":"Dodecahedron"},{"floor":9,"key":"The Courier"},{"floor":10,"key":"Singing Bowl"},{"floor":12,"key":"Happy Flower"},{"floor":25,"key":"Gremlin Horn"},{"floor":28,"key":"Matryoshka"}],"event_choices":[{"damage_healed":0,"gold_gain":0,"player_choice":"Ignored","damage_taken":0,"max_hp_gain":0,"max_hp_loss":0,"event_name":"Shining Light","floor":4,"gold_loss":0},{"damage_healed":0,"gold_gain":0,"player_choice":"Got Potions","damage_taken":0,"max_hp_gain":0,"max_hp_loss":0,"event_name":"Lab","floor":19,"gold_loss":0},{"damage_healed":0,"gold_gain":0,"player_choice":"Ignored","damage_taken":0,"max_hp_gain":0,"max_hp_loss":0,"event_name":"Vampires","floor":30,"gold_loss":0}],"is_beta":false,"boss_relics":[{"not_picked":["Snecko Eye","Tiny House"],"picked":"Mark of Pain"},{"not_picked":["Eternal Feather","Busted Crown"],"picked":"Empty Cage"}],"items_purged_floors":[],"is_endless":false,"potions_floor_spawned":[1,2,6,8,11,20,22,28,29,31,35],"killed_by":"4 Shapes","ascension_level":2}