{"gold_per_floor":[115,64,41,51,62,87,87,107,107,117,117,117,117,132,132,230,230,249,249,261,31,31,31,42,73,99,14,14,14,14,27,27,122,172,191,203,27,42,42,42,58,58,85,85,85,100,100,100,100,100],"floor_reached":50,"playtime":5027,"items_purged":["Defend_G"],"score":485,"play_id":"fe15a609-6f9c-41f0-a144-a934b1c0da83","local_time":"20190622181932","is_ascension_mode":false,"campfire_choices":[{"data":"Bouncing Flask","floor":7,"key":"SMITH"},{"data":"Deflect","floor":11,"key":"SMITH"},{"floor":13,"key":"REST"},{"data":"Deadly Poison","floor":15,"key":"SMITH"},{"data":"Slice","floor":23,"key":"SMITH"},{"data":"1","floor":28,"key":"LIFT"},{"data":"Backflip","floor":30,"key":"SMITH"},{"data":"2","floor":32,"key":"LIFT"},{"data":"Metamorphosis","floor":40,"key":"SMITH"},{"data":"3","floor":42,"key":"LIFT"},{"data":"Burst","floor":44,"key":"SMITH"},{"data":"Predator","floor":49,"key":"SMITH"}],"neow_cost":"NONE","seed_source_timestamp":491730867547100,"circlet_count":0,"master_deck":["Defend_G","Defend_G+1","Defend_G","Defend_G","Survivor","Deadly Poison+1","Deflect+1","Slice+1","All Out Attack","Bouncing Flask+1","All Out Attack","Acrobatics","Outmaneuver","Bullet Time","Cloak And Dagger+1","Bite","Bite","Bite","Bite","Choke+1","Calculated Gamble","Backflip+1","Bouncing Flask+1","Predator+1","Burst+1","Dash+1","Noxious Fumes+1","Underhanded Strike","Metamorphosis+1","Poisoned Stab+1","Dagger Spray+1"],"relics":["Ring of the Snake","NeowsBlessing","Meat on the Bone","Pocketwatch","WingedGreaves","Snecko Eye","Happy Flower","MutagenicStrength","Mercury Hourglass","Strawberry","Girya","Tiny House","Regal Pillow"],"potions_floor_usage":[16,24,33,46,50,50],"damage_taken":[{"damage":0,"enemies":"Small Slimes","floor":1,"turns":1},{"damage":0,"enemies":"Cultist","floor":4,"turns":1},{"damage":0,"enemies":"Jaw Worm","floor":5,"turns":1},{"damage":40,"enemies":"Gremlin Nob","floor":6,"turns":5},{"damage":11,"enemies":"Exordium Thugs","floor":8,"turns":4},{"damage":6,"enemies":"Large Slime","floor":10,"turns":5},{"damage":10,"enemies":"3 Louse","floor":14,"turns":2},{"damage":10,"enemies":"Slime Boss","floor":16,"turns":9},{"damage":2,"enemies":"Spheric Guardian","floor":18,"turns":3},{"damage":0,"enemies":"Chosen","floor":20,"turns":4},{"damage":13,"enemies":"Centurion and Healer","floor":24,"turns":5},{"damage":19,"enemies":"Book of Stabbing","floor":25,"turns":4},{"damage":0,"enemies":"3 Cultists","floor":31,"turns":3},{"damage":33,"enemies":"Collector","floor":33,"turns":7},{"damage":0,"enemies":"Orb Walker","floor":35,"turns":3},{"damage":6,"enemies":"3 Shapes","floor":36,"turns":3},{"damage":31,"enemies":"Sphere and 2 Shapes","floor":38,"turns":4},{"damage":0,"enemies":"Spire Growth","floor":41,"turns":3},{"damage":1,"enemies":"Transient","floor":46,"turns":5},{"damage":66,"enemies":"Awakened One","floor":50,"turns":7}],"seed_played":"4451137797112611620","potions_obtained":[{"floor":5,"key":"GhostInAJar"},{"floor":8,"key":"PowerPotion"},{"floor":10,"key":"GhostInAJar"},{"floor":16,"key":"Poison Potion"},{"floor":33,"key":"SpeedPotion"},{"floor":34,"key":"SkillPotion"}],"is_trial":false,"path_per_floor":["M","?","$","M","M","E","R","M","T","M","R","?","R","M","R","B",null,"M","?","M","$","?","R","M","E","T","?","R","?","R","M","R","B",null,"M","M","$","M","$","R","M","R","T","R","?","M","?","?","R","B"],"character_chosen":"THE_SILENT","items_purchased":["Deflect","Happy Flower","Metamorphosis"],"campfire_rested":1,"item_purchase_floors":[3,21,37],"current_hp_per_floor":[70,70,70,70,70,42,42,43,43,37,37,23,44,46,46,36,70,68,49,49,49,49,49,48,34,41,41,41,41,41,49,49,40,61,61,57,57,40,40,40,46,46,46,46,46,51,51,51,51,0],"gold":100,"neow_bonus":"THREE_ENEMY_KILL","is_prod":false,"is_daily":false,"chose_seed":false,"campfire_upgraded":8,"win_rate":0,"timestamp":1561241972,"path_taken":["M","?","$","M","M","E","R","M","T","?","R","?","R","M","R","BOSS","M","?","M","$","?","R","M","E","T","?","R","?","R","M","R","BOSS","M","M","$","M","$","R","M","R","T","R","?","?","?","?","R","BOSS"],"build_version":"2019-01-23","purchased_purges":1,"victory":false,"max_hp_per_floor":[70,70,70,70,70,70,70,70,70,70,70,70,70,70,70,70,70,70,49,49,49,49,49,49,49,56,56,56,56,56,56,56,56,61,61,61,61,61,61,61,61,61,61,61,61,61,61,58,58,58],"card_choices":[{"not_picked":["Dagger Throw","Outmaneuver"],"picked":"Deadly Poison","floor":1},{"not_picked":["Terror","Catalyst"],"picked":"Slice","floor":4},{"not_picked":["Reflex","Flechettes"],"picked":"All Out Attack","floor":5},{"not_picked":["Infinite Blades","Well Laid Plans"],"picked":"Bouncing Flask","floor":6},{"not_picked":["Eviscerate","Skewer"],"picked":"All Out Attack","floor":8},{"not_picked":["Masterful Stab","Deadly Poison"],"picked":"Acrobatics","floor":10},{"not_picked":["Riddle With Holes","All Out Attack"],"picked":"Outmaneuver","floor":14},{"not_picked":["Corpse Explosion","Die Die Die"],"picked":"Bullet Time","floor":16},{"not_picked":["Dagger Spray","Deadly Poison"],"picked":"Cloak And Dagger","floor":18},{"not_picked":["Dagger Spray","Setup"],"picked":"Choke+1","floor":20},{"not_picked":["Choke","Poisoned Stab"],"picked":"Calculated Gamble","floor":24},{"not_picked":["Tactician","Bullet Time"],"picked":"Backflip","floor":25},{"not_picked":["Backflip","Acrobatics"],"picked":"Predator","floor":31},{"not_picked":["Envenom","Bullet Time"],"picked":"Burst","floor":33},{"not_picked":["Bouncing Flask+1","Infinite Blades"],"picked":"Dash+1","floor":34},{"not_picked":["Flying Knee","Dagger Spray+1"],"picked":"Noxious Fumes+1","floor":35},{"not_picked":["Outmaneuver+1","PiercingWail"],"picked":"Underhanded Strike","floor":36},{"not_picked":["Infinite Blades","Accuracy"],"picked":"Poisoned Stab+1","floor":38},{"not_picked":["Bane+1","Skewer","Sucker Punch+1"],"picked":"SKIP","floor":41},{"not_picked":["Predator+1","Dash"],"picked":"Dagger Spray+1","floor":46}],"player_experience":437667,"relics_obtained":[{"floor":6,"key":"Pocketwatch"},{"floor":9,"key":"WingedGreaves"},{"floor":25,"key":"Mercury Hourglass"},{"floor":26,"key":"Strawberry"},{"floor":43,"key":"Regal Pillow"}],"event_choices":[{"damage_healed":0,"gold_gain":0,"player_choice":"Paid Gold","damage_taken":0,"relics_obtained":["Meat on the Bone"],"max_hp_gain":0,"max_hp_loss":0,"event_name":"WeMeetAgain","floor":2,"gold_loss":51},{"damage_healed":0,"gold_gain":0,"player_choice":"Entered Light","damage_taken":14,"max_hp_gain":0,"max_hp_loss":0,"event_name":"Shining Light","floor":12,"gold_loss":0,"cards_upgraded":["Strike_G","Defend_G"]},{"damage_healed":0,"gold_gain":0,"player_choice":"Became a vampire","damage_taken":0,"max_hp_gain":0,"max_hp_loss":21,"event_name":"Vampires","floor":19,"gold_loss":0,"cards_obtained":["Bite","Bite","Bite","Bite","Bite"]},{"damage_healed":0,"gold_gain":0,"player_choice":"Inject Mutagens","damage_taken":0,"relics_obtained":["MutagenicStrength"],"max_hp_gain":0,"max_hp_loss":0,"event_name":"Drug Dealer","floor":22,"gold_loss":0},{"damage_healed":0,"gold_gain":0,"player_choice":"Obtained Relic","damage_taken":0,"relics_obtained":["Girya"],"max_hp_gain":0,"max_hp_loss":0,"event_name":"Addict","floor":27,"gold_loss":85},{"damage_healed":0,"gold_gain":0,"player_choice":"Copied","damage_taken":0,"max_hp_gain":0,"max_hp_loss":0,"event_name":"Duplicator","floor":29,"gold_loss":0,"cards_obtained":["Bouncing Flask"]},{"cards_removed":["Neutralize"],"damage_healed":0,"gold_gain":0,"player_choice":"Purged","damage_taken":0,"max_hp_gain":0,"max_hp_loss":0,"event_name":"Purifier","floor":45,"gold_loss":0},{"cards_removed":["Bite"],"damage_healed":0,"gold_gain":0,"player_choice":"Removed Attack","damage_taken":0,"max_hp_gain":0,"max_hp_loss":0,"event_name":"Falling","floor":47,"gold_loss":0},{"damage_healed":0,"gold_gain":0,"player_choice":"Max HP","damage_taken":0,"max_hp_gain":0,"max_hp_loss":3,"event_name":"Winding Halls","floor":48,"gold_loss":0}],"is_beta":false,"boss_relics":[{"not_picked":["Black Star","Pandora\u0027s Box"],"picked":"Snecko Eye"},{"not_picked":["Runic Dome","Empty Cage"],"picked":"Tiny House"}],"items_purged_floors":[21],"is_endless":false,"potions_floor_spawned":[5,8,10,16,20,33,35,41],"killed_by":"Awakened One","ascension_level":0}