{"gold_per_floor":[211,228,228,228,247,247,258,258,281,281,299,299,319,41,41,118,118,132,158,171,191,191],"floor_reached":22,"playtime":1346,"items_purged":["Strike_G"],"score":347,"play_id":"7f622847-e21d-47f6-95d7-6bd3c5ebae9a","local_time":"20190220184015","is_ascension_mode":true,"campfire_choices":[{"data":"Dash","floor":6.0,"key":"SMITH"},{"data":"Footwork","floor":8.0,"key":"SMITH"},{"data":"Neutralize","floor":10.0,"key":"SMITH"},{"floor":15.0,"key":"REST"}],"neow_cost":"NONE","seed_source_timestamp":596809061816854,"circlet_count":0,"master_deck":["AscendersBane","Defend_G","Defend_G","Defend_G","Defend_G","Defend_G","Strike_G","Strike_G","Strike_G","Strike_G","Survivor+1","Neutralize+1","Escape Plan+1","Dash+1","Blur","Footwork+1","Acrobatics","Predator","Noxious Fumes","PiercingWail","Cloak And Dagger","Adrenaline","Prepared","Crippling Poison","Dash","Deflect"],"special_seed":0,"relics":["Ring of the Snake","Regal Pillow","PreservedInsect","Eternal Feather","Red Mask"],"potions_floor_usage":[21],"damage_taken":[{"damage":1.0,"enemies":"Cultist","floor":1.0,"turns":5.0},{"damage":0.0,"enemies":"Small Slimes","floor":2.0,"turns":5.0},{"damage":0.0,"enemies":"2 Louse","floor":5.0,"turns":3.0},{"damage":0.0,"enemies":"2 Fungi Beasts","floor":7.0,"turns":4.0},{"damage":0.0,"enemies":"3 Louse","floor":11.0,"turns":4.0},{"damage":29.0,"enemies":"Gremlin Gang","floor":13.0,"turns":8.0},{"damage":11.0,"enemies":"The Guardian","floor":16.0,"turns":15.0},{"damage":9.0,"enemies":"3 Byrds","floor":18.0,"turns":8.0},{"damage":28.0,"enemies":"Masked Bandits","floor":19.0,"turns":7.0},{"damage":14.0,"enemies":"Chosen","floor":20.0,"turns":8.0},{"damage":6,"enemies":"Sentry and Sphere","floor":21,"turns":9},{"damage":9,"enemies":"3 Cultists","floor":22,"turns":3}],"seed_played":"5026602595601147969","potions_obtained":[{"floor":5.0,"key":"Swift Potion"},{"floor":7.0,"key":"GhostInAJar"},{"floor":13.0,"key":"Fruit Juice"},{"floor":18.0,"key":"Fire Potion"},{"floor":20.0,"key":"FearPotion"},{"floor":21,"key":"GamblersBrew"}],"is_trial":false,"path_per_floor":["M","M","?","?","M","R","M","R","T","R","M","?","M","$","R","B",null,"M","?","M","M","M"],"character_chosen":"THE_SILENT","items_purchased":["Noxious Fumes","PiercingWail","Cloak And Dagger"],"campfire_rested":1,"item_purchase_floors":[14,14,14],"current_hp_per_floor":[58,58,58,51,51,51,51,51,51,51,51,31,7,7,43,32,61,52,24,10,4,0],"gold":191,"neow_bonus":"HUNDRED_GOLD","is_prod":false,"is_daily":false,"chose_seed":false,"campfire_upgraded":3,"win_rate":0,"timestamp":1550706015,"path_taken":["M","M","?","?","M","R","M","R","T","R","M","?","M","$","R","BOSS","M","?","M","M","M"],"build_version":"2019-02-06","purchased_purges":1,"victory":false,"max_hp_per_floor":[66,66,66,66,66,66,66,66,66,66,66,66,71,71,71,71,71,71,71,71,71,71],"card_choices":[{"not_picked":["PiercingWail","Dodge and Roll"],"picked":"Escape Plan","floor":1.0},{"not_picked":["Riddle With Holes","Deadly Poison"],"picked":"Dash","floor":2.0},{"not_picked":["PiercingWail","Bane"],"picked":"Blur","floor":5.0},{"not_picked":["PiercingWail","Blur"],"picked":"Footwork","floor":7.0},{"not_picked":["Poisoned Stab","Flying Knee"],"picked":"Acrobatics","floor":11.0},{"not_picked":["Prepared","Grand Finale"],"picked":"Predator","floor":13.0},{"not_picked":["Night Terror","Tools of the Trade"],"picked":"Adrenaline","floor":16.0},{"not_picked":["Underhanded Strike","Flying Knee"],"picked":"Prepared","floor":18.0},{"not_picked":["Dagger Throw","Glass Knife"],"picked":"Crippling Poison","floor":19.0},{"not_picked":["Expertise","Prepared"],"picked":"Dash","floor":20.0},{"not_picked":["Eviscerate+1","Prepared"],"picked":"Deflect","floor":21}],"player_experience":999299,"relics_obtained":[{"floor":9.0,"key":"PreservedInsect"},{"floor":19.0,"key":"Red Mask"}],"event_choices":[{"damage_healed":0.0,"max_hp_gain":0.0,"max_hp_loss":0.0,"gold_gain":0.0,"event_name":"Big Fish","player_choice":"Box","floor":3.0,"gold_loss":0.0,"damage_taken":0.0,"relics_obtained":["Regal Pillow"],"cards_obtained":["Regret"]},{"cards_removed":["Regret"],"damage_healed":0.0,"max_hp_gain":0.0,"max_hp_loss":0.0,"gold_gain":0.0,"event_name":"Golden Wing","player_choice":"Card Removal","floor":4.0,"gold_loss":0.0,"damage_taken":7.0},{"damage_healed":0.0,"max_hp_gain":0.0,"max_hp_loss":0.0,"gold_gain":0.0,"event_name":"Shining Light","player_choice":"Entered Light","floor":12.0,"gold_loss":0.0,"damage_taken":20.0,"cards_upgraded":["Survivor","Escape Plan"]},{"damage_healed":0.0,"max_hp_gain":0.0,"max_hp_loss":0.0,"gold_gain":0.0,"event_name":"Masked Bandits","player_choice":"Fought Bandits","floor":19.0,"gold_loss":0.0,"damage_taken":0.0}],"is_beta":true,"boss_relics":[{"not_picked":["Tiny House","Coffee Dripper"],"picked":"Eternal Feather"}],"items_purged_floors":[14],"is_endless":false,"potions_floor_spawned":[5,7,11,13,18,20,21],"killed_by":"3 Cultists","ascension_level":19}