{"gold_per_floor":[110,110,110,110,129,129,147,182,182,193,193,209,233,258,258,335,335,351,130,142,152,152,183,183,183,183,183,196,51,51,68,68,145,145,156,172,172,222,239,239,271,271,298,298],"floor_reached":44,"playtime":1901,"items_purged":["Strike_B"],"score":884,"play_id":"c4c98f2b-570e-4d86-baeb-1e016b472e68","local_time":"20190113001533","is_ascension_mode":true,"campfire_choices":[{"floor":6.0,"key":"REST"},{"data":"Go for the Eyes","floor":11.0,"key":"SMITH"},{"data":"Capacitor","floor":15.0,"key":"SMITH"},{"floor":25.0,"key":"REST"},{"data":"Coolheaded","floor":27.0,"key":"SMITH"},{"data":"Defragment","floor":30.0,"key":"SMITH"},{"floor":32.0,"key":"REST"},{"floor":40.0,"key":"REST"},{"data":"Loop","floor":42.0,"key":"SMITH"}],"neow_cost":"NONE","seed_source_timestamp":189100389909554,"circlet_count":0,"master_deck":["AscendersBane","Strike_B","Defend_B","Defend_B","Defend_B+1","Defend_B","Zap","Dualcast","Glacier","Tempest","Melter","Conserve Battery","Go for the Eyes+1","Conserve Battery","Reboot","Capacitor+1","Electrodynamics","Blizzard+1","Coolheaded+1","Go for the Eyes","Skim","Leap","Defragment+1","White Noise","FTL","Creative AI","Coolheaded","Loop+1","Static Discharge"],"special_seed":0,"relics":["Cracked Core","Mercury Hourglass","Strawberry","Darkstone Periapt","Bag of Marbles","Ice Cream","White Beast Statue","Art of War","Pen Nib","Happy Flower","Meat on the Bone","Inserter","Boot","Vajra"],"potions_floor_usage":[44,44],"damage_taken":[{"damage":2.0,"enemies":"Jaw Worm","floor":1.0,"turns":3.0},{"damage":0.0,"enemies":"2 Louse","floor":5.0,"turns":2.0},{"damage":0.0,"enemies":"Cultist","floor":7.0,"turns":2.0},{"damage":0.0,"enemies":"3 Sentries","floor":8.0,"turns":7.0},{"damage":3.0,"enemies":"Blue Slaver","floor":10.0,"turns":3.0},{"damage":4.0,"enemies":"Exordium Thugs","floor":12.0,"turns":5.0},{"damage":11.0,"enemies":"Lagavulin","floor":14.0,"turns":7.0},{"damage":17.0,"enemies":"Hexaghost","floor":16.0,"turns":12.0},{"damage":25.0,"enemies":"2 Thieves","floor":18.0,"turns":3.0},{"damage":7.0,"enemies":"3 Byrds","floor":20.0,"turns":2.0},{"damage":16.0,"enemies":"Sentry and Sphere","floor":21.0,"turns":4.0},{"damage":11.0,"enemies":"Gremlin Leader","floor":23.0,"turns":6.0},{"damage":15.0,"enemies":"Snake Plant","floor":28.0,"turns":3.0},{"damage":2.0,"enemies":"Snecko","floor":31.0,"turns":5.0},{"damage":31.0,"enemies":"Automaton","floor":33.0,"turns":11.0},{"damage":42.0,"enemies":"3 Shapes","floor":35.0,"turns":3.0},{"damage":23.0,"enemies":"Orb Walker","floor":36.0,"turns":6.0},{"damage":34.0,"enemies":"3 Darklings","floor":39.0,"turns":4.0},{"damage":29.0,"enemies":"Giant Head","floor":41.0,"turns":13.0},{"damage":67,"enemies":"Reptomancer","floor":44,"turns":3}],"seed_played":"-595015133561260953","potions_obtained":[{"floor":1.0,"key":"Fire Potion"},{"floor":10.0,"key":"Ancient Potion"},{"floor":14.0,"key":"SteroidPotion"},{"floor":18.0,"key":"Fruit Juice"},{"floor":20.0,"key":"Swift Potion"},{"floor":21.0,"key":"Fire Potion"},{"floor":23.0,"key":"AttackPotion"},{"floor":28.0,"key":"SkillPotion"},{"floor":31.0,"key":"Regen Potion"},{"floor":33.0,"key":"Weak Potion"},{"floor":39.0,"key":"FearPotion"},{"floor":41.0,"key":"SteroidPotion"}],"is_trial":false,"path_per_floor":["M","?","?","?","M","R","M","E","T","M","R","M","T","E","R","B",null,"M","$","M","M","?","E","T","R","T","R","M","$","R","M","R","B",null,"M","M","?","?","M","R","E","R","T","E"],"character_chosen":"DEFECT","items_purchased":["Art of War","Defragment","White Noise"],"campfire_rested":4,"item_purchase_floors":[19,29,29],"current_hp_per_floor":[69,51,28,28,28,51,51,58,58,55,55,51,51,40,40,23,70,50,50,43,27,45,34,34,61,61,61,46,46,46,56,83,52,81,51,40,40,40,30,57,40,40,40,0],"gold":298,"neow_bonus":"TEN_PERCENT_HP_BONUS","is_prod":false,"is_daily":false,"chose_seed":false,"campfire_upgraded":5,"win_rate":0,"timestamp":1547356533,"path_taken":["M","?","?","?","M","R","M","E","T","M","R","?","?","E","R","BOSS","M","?","M","M","?","E","?","R","T","R","M","$","R","M","R","BOSS","M","M","?","?","M","R","E","R","T","E"],"build_version":"2019-01-10","purchased_purges":1,"victory":false,"max_hp_per_floor":[78,78,78,78,78,78,78,85,85,85,85,85,85,85,85,85,85,90,90,90,90,90,90,90,90,90,90,90,90,90,90,90,90,90,90,90,90,90,90,90,90,90,90,90],"card_choices":[{"not_picked":["Hello World","Compile Driver"],"picked":"Glacier","floor":1.0},{"not_picked":["Sweeping Beam","Rebound"],"picked":"Melter","floor":5.0},{"not_picked":["Beam Cell","Gash"],"picked":"Conserve Battery","floor":7.0},{"not_picked":["Barrage","Hello World"],"picked":"Go for the Eyes","floor":8.0},{"not_picked":["Hello World","Leap"],"picked":"Conserve Battery","floor":10.0},{"not_picked":["Stack","Hologram"],"picked":"Reboot","floor":12.0},{"not_picked":["Genetic Algorithm","Gash"],"picked":"Capacitor","floor":14.0},{"not_picked":["Rainbow","Fission"],"picked":"Electrodynamics","floor":16.0},{"not_picked":["Streamline","Leap"],"picked":"Blizzard+1","floor":18.0},{"not_picked":["Leap","Hologram"],"picked":"Coolheaded","floor":20.0},{"not_picked":["Barrage","Turbo"],"picked":"Go for the Eyes","floor":21.0},{"not_picked":["Hello World","Reprogram"],"picked":"Skim","floor":23.0},{"not_picked":["Lockon","Gash"],"picked":"Leap","floor":28.0},{"not_picked":["Rebound","Genetic Algorithm"],"picked":"FTL","floor":31.0},{"not_picked":["Rainbow","Core Surge"],"picked":"Creative AI","floor":33.0},{"not_picked":["Hello World+1","Gash+1"],"picked":"Coolheaded","floor":35.0},{"not_picked":["Compile Driver","Redo"],"picked":"Loop","floor":36.0},{"not_picked":["Compile Driver+1","Coolheaded","Rebound"],"picked":"SKIP","floor":39.0},{"not_picked":["Coolheaded","Redo+1"],"picked":"Static Discharge","floor":41.0}],"player_experience":799791,"relics_obtained":[{"floor":8.0,"key":"Strawberry"},{"floor":9.0,"key":"Darkstone Periapt"},{"floor":13.0,"key":"Bag of Marbles"},{"floor":14.0,"key":"Ice Cream"},{"floor":23.0,"key":"Pen Nib"},{"floor":24.0,"key":"Happy Flower"},{"floor":26.0,"key":"Meat on the Bone"},{"floor":41.0,"key":"Boot"},{"floor":43.0,"key":"Vajra"}],"event_choices":[{"damage_healed":0.0,"max_hp_gain":0.0,"max_hp_loss":0.0,"gold_gain":0.0,"event_name":"Scrap Ooze","player_choice":"Success","floor":2.0,"gold_loss":0.0,"damage_taken":18.0,"relics_obtained":["Mercury Hourglass"]},{"damage_healed":0.0,"max_hp_gain":0.0,"max_hp_loss":0.0,"gold_gain":0.0,"event_name":"Shining Light","player_choice":"Entered Light","floor":3.0,"gold_loss":0.0,"damage_taken":23.0,"cards_upgraded":["Strike_B","Defend_B"]},{"damage_healed":0.0,"max_hp_gain":0.0,"max_hp_loss":0.0,"gold_gain":0.0,"cards_transformed":["Strike_B"],"event_name":"Living Wall","player_choice":"Change","floor":4.0,"gold_loss":0.0,"damage_taken":0.0,"cards_obtained":["Tempest"]},{"damage_healed":18.0,"max_hp_gain":0.0,"max_hp_loss":0.0,"gold_gain":0.0,"event_name":"The Library","player_choice":"Heal","floor":22.0,"gold_loss":0.0,"damage_taken":0.0},{"cards_removed":["Strike_B"],"damage_healed":0.0,"max_hp_gain":0.0,"max_hp_loss":0.0,"gold_gain":0.0,"event_name":"Falling","player_choice":"Removed Attack","floor":37.0,"gold_loss":0.0,"damage_taken":0.0},{"damage_healed":0.0,"max_hp_gain":0.0,"max_hp_loss":0.0,"gold_gain":50.0,"event_name":"Golden Shrine","player_choice":"Pray","floor":38.0,"gold_loss":0.0,"damage_taken":0.0}],"is_beta":true,"boss_relics":[{"not_picked":["Coffee Dripper","Sozu"],"picked":"White Beast Statue"},{"not_picked":["Runic Pyramid","Astrolabe"],"picked":"Inserter"}],"items_purged_floors":[19],"is_endless":false,"potions_floor_spawned":[1,10,14,18,20,21,23,28,31,33,35,36,39,41],"killed_by":"Reptomancer","ascension_level":15}