{"gold_per_floor":[110,126,126,140,156,156,2,33,106,106,124,150,150,150,150,246,246,266,40,51,51,15,15,15,34,34,34,63,74,88,103,103,208,208,220,220],"floor_reached":36,"playtime":2543,"items_purged":[],"score":394,"play_id":"7da71419-4da1-443c-a86c-37a52a87898c","local_time":"20190216112359","is_ascension_mode":false,"campfire_choices":[{"floor":6,"key":"RECALL"},{"floor":10,"key":"REST"},{"data":"Defragment","floor":15,"key":"SMITH"},{"floor":32,"key":"REST"}],"neow_cost":"NONE","seed_source_timestamp":58447865408152,"circlet_count":0,"master_deck":["Strike_B","Strike_B","Strike_B","Defend_B","Defend_B","Defend_B","Defend_B","Zap","Dualcast","Glacier","Undo","Melter","Defragment+1","Loop","BootSequence","Capacitor","Discovery+1","FTL","Core Surge","Self Repair","Reinforced Body+1","Necronomicurse","Defragment","Writhe","Conserve Battery+1","Rebound+1","Steam","Reinforced Body","Self Repair"],"relics":["Cracked Core","Boot","Regal Pillow","Calipers","Mercury Hourglass","Juzu Bracelet","Busted Crown","DataDisk","Necronomicon","Molten Egg 2","Pocketwatch","Black Star"],"potions_floor_usage":[5,12,16,18,18,20,25,28,31,33,33],"damage_taken":[{"damage":6,"enemies":"Small Slimes","floor":1,"turns":3},{"damage":0,"enemies":"Jaw Worm","floor":2,"turns":4},{"damage":0,"enemies":"Cultist","floor":4,"turns":5},{"damage":3,"enemies":"Gremlin Gang","floor":5,"turns":7},{"damage":28,"enemies":"Lagavulin","floor":8,"turns":7},{"damage":1,"enemies":"Exordium Thugs","floor":11,"turns":4},{"damage":13,"enemies":"3 Sentries","floor":12,"turns":6},{"damage":16,"enemies":"Slime Boss","floor":16,"turns":9},{"damage":0,"enemies":"Shell Parasite","floor":18,"turns":5},{"damage":0,"enemies":"3 Byrds","floor":20,"turns":3},{"damage":11,"enemies":"Snake Plant","floor":25,"turns":5},{"damage":19,"enemies":"Book of Stabbing","floor":28,"turns":7},{"damage":6,"enemies":"3 Cultists","floor":29,"turns":6},{"damage":0,"enemies":"Sentry and Sphere","floor":30,"turns":3},{"damage":0,"enemies":"Snecko","floor":31,"turns":5},{"damage":4,"enemies":"Champ","floor":33,"turns":10},{"damage":0,"enemies":"Orb Walker","floor":35,"turns":3},{"damage":77,"enemies":"2 Orb Walkers","floor":36,"turns":6}],"seed_played":"-6809192693915595785","potions_obtained":[{"floor":2,"key":"PowerPotion"},{"floor":11,"key":"Weak Potion"},{"floor":12,"key":"Weak Potion"},{"floor":16,"key":"EntropicBrew"},{"floor":18,"key":"Dexterity Potion"},{"floor":28,"key":"Explosive Potion"},{"floor":30,"key":"FearPotion"},{"floor":31,"key":"Dexterity Potion"}],"is_trial":false,"path_per_floor":["M","M","?","M","M","R","$","E","T","R","M","E","?","?","R","B",null,"M","$","M","?","$","?","?","M","T","$","E","M","M","M","R","B",null,"M","?"],"character_chosen":"DEFECT","items_purchased":["Regal Pillow","DataDisk","Self Repair","Defragment"],"campfire_rested":2,"item_purchase_floors":[7,19,19,22],"current_hp_per_floor":[69,69,69,69,66,66,66,38,38,75,74,61,61,61,61,45,75,75,75,75,59,59,59,59,55,55,55,43,44,44,51,75,71,75,75,0],"gold":220,"neow_bonus":"RANDOM_COMMON_RELIC","is_prod":false,"is_daily":false,"chose_seed":false,"campfire_upgraded":1,"win_rate":0,"timestamp":1550334239,"path_taken":["M","M","?","M","M","R","$","E","T","R","M","E","?","?","R","BOSS","M","$","M","?","$","?","?","M","T","?","E","M","M","M","R","BOSS","M","?"],"build_version":"2019-01-23","purchased_purges":0,"victory":false,"max_hp_per_floor":[75,75,75,75,75,75,75,75,75,75,75,75,75,75,75,75,75,75,75,75,75,75,75,75,75,75,75,75,75,75,75,75,75,75,75,75],"card_choices":[{"not_picked":["Stack","Barrage"],"picked":"Glacier","floor":1},{"not_picked":["Coolheaded","Ball Lightning"],"picked":"Undo","floor":2},{"not_picked":["Stack","Barrage"],"picked":"Defragment","floor":4},{"not_picked":["Lockon","Coolheaded"],"picked":"Loop","floor":5},{"not_picked":["Compile Driver","Turbo","Gash"],"picked":"SKIP","floor":8},{"not_picked":["Hologram","Steam Power"],"picked":"BootSequence","floor":11},{"not_picked":["Stack","All For One"],"picked":"Capacitor","floor":12},{"not_picked":["All For One","Hyperbeam"],"picked":"Core Surge","floor":16},{"not_picked":["Gash"],"picked":"SKIP","floor":18},{"not_picked":[],"picked":"Reinforced Body+1","floor":20},{"not_picked":[],"picked":"Conserve Battery+1","floor":25},{"not_picked":[],"picked":"Rebound+1","floor":28},{"not_picked":[],"picked":"Steam","floor":29},{"not_picked":[],"picked":"Reinforced Body","floor":30},{"not_picked":[],"picked":"Self Repair","floor":31},{"not_picked":["Compile Driver+1"],"picked":"SKIP","floor":35}],"player_experience":224379,"relics_obtained":[{"floor":8,"key":"Calipers"},{"floor":9,"key":"Mercury Hourglass"},{"floor":12,"key":"Juzu Bracelet"},{"floor":21,"key":"Necronomicon"},{"floor":28,"key":"Pocketwatch"}],"event_choices":[{"damage_healed":0,"gold_gain":0,"cards_transformed":["Strike_B"],"player_choice":"Change","damage_taken":0,"max_hp_gain":0,"max_hp_loss":0,"event_name":"Living Wall","floor":3,"gold_loss":0,"cards_obtained":["Melter"]},{"damage_healed":0,"gold_gain":0,"player_choice":"2 cards matched","damage_taken":0,"max_hp_gain":0,"max_hp_loss":0,"event_name":"Match and Keep!","floor":13,"gold_loss":0,"cards_obtained":["Discovery","FTL"]},{"damage_healed":0,"gold_gain":0,"player_choice":"Upgraded","damage_taken":0,"max_hp_gain":0,"max_hp_loss":0,"event_name":"Upgrade Shrine","floor":14,"gold_loss":0,"cards_upgraded":["Discovery"]},{"damage_healed":0,"gold_gain":0,"player_choice":"Obtained Book","damage_taken":16,"max_hp_gain":0,"max_hp_loss":0,"event_name":"Cursed Tome","floor":21,"gold_loss":0},{"damage_healed":0,"gold_gain":0,"player_choice":"Opened","damage_taken":0,"relics_obtained":["Molten Egg 2"],"max_hp_gain":0,"max_hp_loss":0,"event_name":"The Mausoleum","floor":23,"gold_loss":0,"cards_obtained":["Writhe"]},{"damage_healed":0,"gold_gain":0,"player_choice":"Ignored","damage_taken":0,"max_hp_gain":0,"max_hp_loss":0,"event_name":"Beggar","floor":24,"gold_loss":0},{"damage_healed":0,"gold_gain":0,"player_choice":"Fight","damage_taken":0,"max_hp_gain":0,"max_hp_loss":0,"event_name":"Mysterious Sphere","floor":36,"gold_loss":0}],"is_beta":false,"boss_relics":[{"not_picked":["Cursed Key","Runic Pyramid"],"picked":"Busted Crown"},{"not_picked":["Astrolabe","Philosopher\u0027s Stone"],"picked":"Black Star"}],"items_purged_floors":[],"is_endless":false,"potions_floor_spawned":[2,11,12,16,18,28,30,31],"killed_by":"2 Orb Walkers","ascension_level":0}