{"gold_per_floor":[113,288,363,379,394,394,406,406,452,465,39,58,58],"floor_reached":13,"playtime":722,"items_purged":["Strike_R"],"score":89,"play_id":"24627514-e607-4527-bf47-92d2c383faeb","local_time":"20190717222350","is_ascension_mode":true,"campfire_choices":[{"data":"True Grit","floor":6,"key":"SMITH"},{"data":"Cleave","floor":8,"key":"SMITH"}],"neow_cost":"NONE","seed_source_timestamp":507019635351900,"circlet_count":0,"master_deck":["Strike_R","Strike_R","Strike_R","Strike_R","Defend_R","Defend_R","Defend_R","Defend_R","Bash","Cleave+1","Shrug It Off","Doubt","True Grit+1","Combust","Armaments","Combust","The Bomb","Battle Trance"],"relics":["Burning Blood","Ancient Tea Set","Art of War"],"potions_floor_usage":[],"damage_taken":[{"damage":6,"enemies":"2 Louse","floor":1,"turns":2},{"damage":3,"enemies":"Jaw Worm","floor":4,"turns":5},{"damage":4,"enemies":"Cultist","floor":5,"turns":5},{"damage":32,"enemies":"Exordium Wildlife","floor":7,"turns":6},{"damage":9,"enemies":"Large Slime","floor":10,"turns":5},{"damage":0,"enemies":"Lots of Slimes","floor":12,"turns":1},{"damage":34,"enemies":"Exordium Thugs","floor":13,"turns":5}],"seed_played":"7067039904736918446","potions_obtained":[{"floor":5,"key":"PowerPotion"},{"floor":7,"key":"PowerPotion"}],"is_trial":false,"path_per_floor":["M","?","?","M","M","R","M","R","T","M","$","M","M"],"character_chosen":"IRONCLAD","items_purchased":["Art of War","Combust","The Bomb"],"campfire_rested":0,"item_purchase_floors":[11,11,11],"current_hp_per_floor":[80,80,72,75,77,77,51,51,51,48,48,54,20],"gold":58,"neow_bonus":"THREE_CARDS","is_prod":false,"is_daily":false,"chose_seed":false,"campfire_upgraded":2,"win_rate":0,"timestamp":1563416630,"path_taken":["M","?","?","M","M","R","M","R","T","?","$","M","M"],"build_version":"2019-07-17","purchased_purges":1,"victory":false,"max_hp_per_floor":[80,80,80,80,80,80,80,80,80,80,80,80,80],"card_choices":[{"not_picked":["Thunderclap","Shockwave"],"picked":"Cleave","floor":0},{"not_picked":["Havoc","Body Slam"],"picked":"Shrug It Off","floor":1},{"not_picked":["Cleave","Havoc"],"picked":"True Grit","floor":4},{"not_picked":["Twin Strike","Wild Strike"],"picked":"Combust","floor":5},{"not_picked":["Pommel Strike","Uppercut","Power Through"],"picked":"SKIP","floor":7},{"not_picked":["Pommel Strike","Ghostly Armor"],"picked":"Armaments","floor":10},{"not_picked":["Iron Wave","Bloodletting"],"picked":"Battle Trance","floor":12}],"player_experience":736130,"relics_obtained":[{"floor":9,"key":"Ancient Tea Set"}],"event_choices":[{"damage_healed":0,"gold_gain":175,"player_choice":"AGREE","damage_taken":0,"max_hp_gain":0,"max_hp_loss":0,"event_name":"Liars Game","floor":2,"gold_loss":0,"cards_obtained":["Doubt"]},{"damage_healed":0,"gold_gain":75,"player_choice":"Touch","damage_taken":8,"max_hp_gain":0,"max_hp_loss":0,"event_name":"FaceTrader","floor":3,"gold_loss":0}],"is_beta":false,"boss_relics":[],"items_purged_floors":[11],"is_endless":false,"potions_floor_spawned":[5,7],"killed_by":"Exordium Thugs","ascension_level":3}