{"gold_per_floor":[316,6,17,34,34,34,54,84,84,113,124,31,46,81,81,179,179,179,179,179,179,179,179,179,179,179,179,179,179,179,179,179,179],"floor_reached":33,"playtime":1935,"items_purged":["Strike_R"],"score":488,"play_id":"01735678-e91e-40a0-aa6f-b58edff212d1","local_time":"20190707215621","is_ascension_mode":true,"campfire_choices":[{"data":"Armaments","floor":6,"key":"SMITH"},{"floor":15,"key":"REST"},{"floor":24,"key":"REST"},{"data":"Barricade","floor":28,"key":"SMITH"},{"data":"Mind Blast","floor":32,"key":"SMITH"}],"neow_cost":"NO_GOLD","seed_source_timestamp":1037827826353700,"circlet_count":0,"master_deck":["AscendersBane","Strike_R+1","Strike_R+1","Strike_R+1","Strike_R+1","Defend_R+1","Defend_R+1","Defend_R+1","Defend_R+1","Bash","Armaments+1","Mind Blast+1","Cleave","Iron Wave","Iron Wave","Flame Barrier","Uppercut","Warcry","Mind Blast+1","Pommel Strike","Exhume","Cleave","Barricade+1","Fire Breathing","Pummel","Wild Strike+1","Body Slam","Sever Soul+1","Fire Breathing+1","Armaments+1"],"relics":["Burning Blood","Old Coin","Vajra","Happy Flower","Oddly Smooth Stone","Letter Opener","Dream Catcher","Ectoplasm","Red Skull","Strawberry","Meat on the Bone","Kunai"],"potions_floor_usage":[8,13,23,33,33],"damage_taken":[{"damage":1,"enemies":"Cultist","floor":1,"turns":3},{"damage":14,"enemies":"2 Louse","floor":3,"turns":3},{"damage":12,"enemies":"Jaw Worm","floor":4,"turns":2},{"damage":5,"enemies":"2 Fungi Beasts","floor":7,"turns":4},{"damage":22,"enemies":"Gremlin Nob","floor":8,"turns":5},{"damage":16,"enemies":"Lagavulin","floor":10,"turns":6},{"damage":20,"enemies":"Exordium Thugs","floor":11,"turns":4},{"damage":0,"enemies":"Blue Slaver","floor":13,"turns":2},{"damage":6,"enemies":"Gremlin Nob","floor":14,"turns":4},{"damage":29,"enemies":"The Guardian","floor":16,"turns":12},{"damage":18,"enemies":"Shell Parasite","floor":18,"turns":5},{"damage":11,"enemies":"Spheric Guardian","floor":19,"turns":3},{"damage":18,"enemies":"Snake Plant","floor":20,"turns":3},{"damage":21,"enemies":"Slavers","floor":23,"turns":5},{"damage":19,"enemies":"Centurion and Healer","floor":29,"turns":4},{"damage":29,"enemies":"Book of Stabbing","floor":30,"turns":4},{"damage":50,"enemies":"Collector","floor":33,"turns":5}],"seed_played":"-906777255364984540","potions_obtained":[{"floor":3,"key":"Block Potion"},{"floor":8,"key":"Energy Potion"},{"floor":16,"key":"Dexterity Potion"},{"floor":19,"key":"PowerPotion"},{"floor":29,"key":"FearPotion"}],"is_trial":false,"path_per_floor":["M","$","M","M","?","R","M","E","T","E","M","$","M","E","R","B",null,"M","M","M","?","?","E","R","?","T","?","R","M","E","?","R","B"],"character_chosen":"IRONCLAD","items_purchased":["Vajra","Mind Blast","Mind Blast"],"campfire_rested":2,"item_purchase_floors":[2,2,12],"current_hp_per_floor":[77,77,69,63,63,63,64,48,48,38,24,24,30,30,54,31,68,56,51,39,39,39,24,48,55,55,55,55,54,43,43,43,0],"gold":179,"neow_bonus":"ONE_RARE_RELIC","is_prod":false,"is_daily":false,"chose_seed":false,"campfire_upgraded":3,"win_rate":0,"timestamp":1562550981,"path_taken":["M","$","M","M","?","R","M","E","T","E","M","$","M","E","R","BOSS","M","M","M","?","?","E","R","?","T","?","R","?","E","?","R","BOSS"],"build_version":"2019-07-05","purchased_purges":1,"victory":false,"max_hp_per_floor":[80,80,80,80,80,80,80,80,80,80,80,80,80,80,80,80,80,80,80,80,80,80,80,80,87,87,87,87,87,87,87,87,87],"card_choices":[{"not_picked":["Perfected Strike","Searing Blow"],"picked":"Armaments","floor":1},{"not_picked":["Hemokinesis","Reckless Charge"],"picked":"Cleave","floor":3},{"not_picked":["Armaments","Sword Boomerang"],"picked":"Iron Wave","floor":4},{"not_picked":["Dual Wield","Flame Barrier"],"picked":"Iron Wave","floor":7},{"not_picked":["Headbutt","True Grit"],"picked":"Flame Barrier","floor":8},{"not_picked":["Battle Trance","Reckless Charge"],"picked":"Uppercut","floor":10},{"not_picked":["Clash","Headbutt"],"picked":"Warcry","floor":11},{"not_picked":["Clothesline","Blood for Blood"],"picked":"Pommel Strike","floor":13},{"not_picked":["Twin Strike","Body Slam"],"picked":"Exhume","floor":14},{"not_picked":["Pommel Strike","Rage"],"picked":"Cleave","floor":15},{"not_picked":["Dark Embrace","Impervious"],"picked":"Barricade","floor":16},{"not_picked":["Pommel Strike","Corruption"],"picked":"Fire Breathing","floor":18},{"not_picked":["Cleave","Warcry+1"],"picked":"Pummel","floor":19},{"not_picked":["Sentinel","Flex"],"picked":"Wild Strike+1","floor":20},{"not_picked":["Inflame","Flex"],"picked":"Body Slam","floor":23},{"not_picked":["True Grit","Entrench"],"picked":"Sever Soul+1","floor":24},{"not_picked":["Reckless Charge","Shrug It Off"],"picked":"Fire Breathing+1","floor":29},{"not_picked":["Searing Blow","Infernal Blade"],"picked":"Armaments+1","floor":30}],"player_experience":585147,"relics_obtained":[{"floor":8,"key":"Happy Flower"},{"floor":9,"key":"Oddly Smooth Stone"},{"floor":10,"key":"Letter Opener"},{"floor":14,"key":"Dream Catcher"},{"floor":23,"key":"Red Skull"},{"floor":26,"key":"Meat on the Bone"},{"floor":30,"key":"Kunai"}],"event_choices":[{"damage_healed":0,"gold_gain":0,"player_choice":"Grow","damage_taken":0,"max_hp_gain":0,"max_hp_loss":0,"event_name":"Living Wall","floor":5,"gold_loss":0,"cards_upgraded":["Mind Blast"]},{"damage_healed":0,"gold_gain":0,"player_choice":"Simplicity","damage_taken":0,"max_hp_gain":0,"max_hp_loss":0,"event_name":"Back to Basics","floor":21,"gold_loss":0,"cards_upgraded":["Strike_R","Strike_R","Strike_R","Strike_R","Defend_R","Defend_R","Defend_R","Defend_R"]},{"damage_healed":0,"gold_gain":0,"player_choice":"Ignored","damage_taken":0,"max_hp_gain":0,"max_hp_loss":0,"event_name":"Ghosts","floor":22,"gold_loss":0},{"damage_healed":0,"gold_gain":0,"player_choice":"Opened","damage_taken":0,"relics_obtained":["Strawberry"],"max_hp_gain":0,"max_hp_loss":0,"event_name":"The Mausoleum","floor":25,"gold_loss":0,"cards_obtained":["Writhe"]},{"cards_removed":["Writhe"],"damage_healed":0,"gold_gain":0,"player_choice":"Removed Curses","damage_taken":0,"max_hp_gain":0,"max_hp_loss":0,"event_name":"Fountain of Cleansing","floor":27,"gold_loss":0},{"damage_healed":0,"gold_gain":0,"player_choice":"Ignored","damage_taken":0,"max_hp_gain":0,"max_hp_loss":0,"event_name":"Vampires","floor":31,"gold_loss":0}],"is_beta":false,"boss_relics":[{"not_picked":["Philosopher\u0027s Stone","Mark of Pain"],"picked":"Ectoplasm"}],"items_purged_floors":[2],"is_endless":false,"potions_floor_spawned":[3,8,16,19,20,29],"killed_by":"Collector","ascension_level":12}