{"gold_per_floor":[110,124,124,142,142,142,142,142,221,15,29,4,17,32,32,128,128,149,149,165,165,184,184,225,243,243,243,243,257,276,276,276,276],"floor_reached":33,"playtime":1329,"items_purged":[],"score":518,"play_id":"133f34ff-f3a2-4a31-8791-35907a64ccf5","local_time":"20190424034600","is_ascension_mode":true,"campfire_choices":[{"data":"Static Discharge","floor":6.0,"key":"SMITH"},{"data":"Sweeping Beam","floor":8.0,"key":"SMITH"},{"floor":15.0,"key":"REST"},{"data":"Rip and Tear","floor":23.0,"key":"SMITH"},{"floor":32,"key":"REST"}],"neow_cost":"NONE","seed_source_timestamp":28115093530199,"circlet_count":0,"master_deck":["AscendersBane","Strike_B+1","Strike_B+1","Strike_B+1","Defend_B+1","Defend_B+1","Defend_B+1","Defend_B+1","Zap","Dualcast","Madness","Sweeping Beam+1","Cold Snap","Static Discharge+1","FTL","Compile Driver","Rip and Tear+1","Compile Driver","Echo Form","Conserve Battery","Stack","Cold Snap","Conserve Battery+1","Beam Cell","Biased Cognition","Go for the Eyes"],"special_seed":0,"relics":["Cracked Core","Bloody Idol","Ornamental Fan","Bronze Scales","Black Star","Nunchaku","Shuriken","Bottled Flame","Symbiotic Virus"],"potions_floor_usage":[30,33],"damage_taken":[{"damage":0.0,"enemies":"2 Louse","floor":1.0,"turns":2.0},{"damage":0.0,"enemies":"Cultist","floor":2.0,"turns":3.0},{"damage":8.0,"enemies":"Small Slimes","floor":4.0,"turns":3.0},{"damage":13.0,"enemies":"Exordium Wildlife","floor":11.0,"turns":3.0},{"damage":2.0,"enemies":"Large Slime","floor":13.0,"turns":4.0},{"damage":5.0,"enemies":"Looter","floor":14.0,"turns":2.0},{"damage":16.0,"enemies":"Slime Boss","floor":16.0,"turns":7.0},{"damage":4.0,"enemies":"3 Byrds","floor":18.0,"turns":2.0},{"damage":13.0,"enemies":"Spheric Guardian","floor":20.0,"turns":4.0},{"damage":17.0,"enemies":"Centurion and Healer","floor":22.0,"turns":9.0},{"damage":12.0,"enemies":"Gremlin Leader","floor":24.0,"turns":10.0},{"damage":11.0,"enemies":"3 Cultists","floor":25.0,"turns":4.0},{"damage":24.0,"enemies":"Cultist and Chosen","floor":29.0,"turns":5.0},{"damage":17,"enemies":"Centurion and Healer","floor":30,"turns":6},{"damage":46,"enemies":"Automaton","floor":33,"turns":6}],"seed_played":"8245012153791205640","potions_obtained":[{"floor":1.0,"key":"Energy Potion"},{"floor":4.0,"key":"FocusPotion"},{"floor":16.0,"key":"FocusPotion"},{"floor":18.0,"key":"Energy Potion"},{"floor":20.0,"key":"Block Potion"},{"floor":25.0,"key":"EssenceOfSteel"}],"is_trial":false,"path_per_floor":["M","M","?","M","?","R","?","R","T","$","M","$","M","M","R","B",null,"M","?","M","?","M","R","E","M","T","?","?","M","M","T","R","B"],"character_chosen":"DEFECT","items_purchased":["Bronze Scales","Blizzard","Compile Driver"],"campfire_rested":2,"item_purchase_floors":[10,10,12],"current_hp_per_floor":[64,64,64,56,56,56,49,49,49,49,36,36,34,29,50,34,62,58,58,45,71,54,54,42,31,31,45,45,26,14,14,35,0],"gold":276,"neow_bonus":"RANDOM_COLORLESS","is_prod":false,"is_daily":false,"chose_seed":false,"campfire_upgraded":3,"win_rate":0,"timestamp":1556091960,"path_taken":["M","M","?","?","?","R","?","R","T","$","M","?","M","M","R","BOSS","M","?","M","?","M","R","E","?","T","?","?","M","M","?","R","BOSS"],"build_version":"2019-04-21","purchased_purges":0,"victory":false,"max_hp_per_floor":[71,71,71,71,71,71,71,71,71,71,71,71,71,71,71,71,71,71,71,71,71,71,71,71,71,71,71,71,71,71,71,71,71],"card_choices":[{"not_picked":["Hello World","Compile Driver"],"picked":"Sweeping Beam","floor":1.0},{"not_picked":["Compile Driver","Go for the Eyes"],"picked":"Cold Snap","floor":2.0},{"not_picked":["Redo","Beam Cell"],"picked":"Static Discharge","floor":4.0},{"not_picked":["Scrape","Barrage"],"picked":"FTL","floor":11.0},{"not_picked":["Storm","Steam Power"],"picked":"Rip and Tear","floor":13.0},{"not_picked":["Steam","Meteor Strike"],"picked":"Compile Driver","floor":14.0},{"not_picked":["Reboot","Seek"],"picked":"Echo Form","floor":16.0},{"not_picked":["Redo","Gash"],"picked":"Conserve Battery","floor":18.0},{"not_picked":["Redo","Steam Power"],"picked":"Stack","floor":20.0},{"not_picked":["Rebound","Steam"],"picked":"Cold Snap","floor":22.0},{"not_picked":["Rip and Tear","Turbo+1"],"picked":"Conserve Battery+1","floor":24.0},{"not_picked":["Darkness","Redo"],"picked":"Beam Cell","floor":25.0},{"not_picked":["Storm","Gash"],"picked":"Biased Cognition","floor":29.0},{"not_picked":["Conserve Battery","Redo+1"],"picked":"Go for the Eyes","floor":30}],"player_experience":1064352,"relics_obtained":[{"floor":9.0,"key":"Ornamental Fan"},{"floor":24.0,"key":"Nunchaku"},{"floor":24.0,"key":"Shuriken"},{"floor":26.0,"key":"Bottled Flame"},{"floor":31,"key":"Symbiotic Virus"}],"event_choices":[{"cards_removed":["Strike_B"],"damage_healed":0.0,"max_hp_gain":0.0,"max_hp_loss":0.0,"gold_gain":0.0,"event_name":"Purifier","player_choice":"Purged","floor":3.0,"gold_loss":0.0,"damage_taken":0.0},{"damage_healed":0.0,"max_hp_gain":0.0,"max_hp_loss":0.0,"gold_gain":0.0,"event_name":"Golden Idol","player_choice":"Take Wound","floor":5.0,"gold_loss":0.0,"damage_taken":0.0,"relics_obtained":["Golden Idol"],"cards_obtained":["Injury"]},{"cards_removed":["Injury"],"damage_healed":0.0,"max_hp_gain":0.0,"max_hp_loss":0.0,"gold_gain":0.0,"event_name":"Golden Wing","player_choice":"Card Removal","floor":7.0,"gold_loss":0.0,"damage_taken":7.0},{"damage_healed":0.0,"max_hp_gain":0.0,"max_hp_loss":0.0,"gold_gain":0.0,"event_name":"Back to Basics","player_choice":"Simplicity","floor":19.0,"gold_loss":0.0,"damage_taken":0.0,"cards_upgraded":["Strike_B","Strike_B","Strike_B","Defend_B","Defend_B","Defend_B","Defend_B"]},{"cards_removed":["Blizzard"],"damage_healed":26.0,"max_hp_gain":0.0,"max_hp_loss":0.0,"gold_gain":0.0,"event_name":"Bonfire Elementals","player_choice":"Offered Uncommon","floor":21.0,"gold_loss":0.0,"damage_taken":0.0},{"damage_healed":14.0,"max_hp_gain":0.0,"max_hp_loss":0.0,"gold_gain":0.0,"event_name":"The Library","player_choice":"Heal","floor":27.0,"gold_loss":0.0,"damage_taken":0.0},{"damage_healed":0.0,"max_hp_gain":0.0,"max_hp_loss":0.0,"gold_gain":0.0,"event_name":"Forgotten Altar","player_choice":"Gave Idol","floor":28.0,"relics_lost":["Golden Idol"],"gold_loss":0.0,"damage_taken":0.0,"relics_obtained":["Bloody Idol"]}],"is_beta":true,"boss_relics":[{"not_picked":["Ectoplasm","Coffee Dripper"],"picked":"Black Star"}],"items_purged_floors":[],"is_endless":false,"potions_floor_spawned":[1,4,16,18,20,25],"killed_by":"Automaton","ascension_level":20}