{"gold_per_floor":[109,109,0,0,0,27,37,37,37,56,70,135,146,160,160,256,256,228,228,228,328,348,348,273,273,273,291,291],"floor_reached":28,"playtime":2279,"items_purged":["Strike_R"],"score":331,"play_id":"5635aaa1-d5e1-453a-aaec-2e0f16c39ffb","local_time":"20190707210050","is_ascension_mode":true,"campfire_choices":[{"data":"Hemokinesis","floor":8,"key":"SMITH"},{"data":"Berserk","floor":15,"key":"SMITH"},{"data":"Armaments","floor":23,"key":"SMITH"},{"data":"True Grit","floor":25,"key":"SMITH"}],"neow_cost":"NONE","seed_source_timestamp":1279329288466000,"circlet_count":0,"master_deck":["Defend_R","Defend_R","Defend_R","Defend_R","Bash","Metallicize","Battle Trance","Entrench","Hemokinesis+1","Wild Strike","Evolve","True Grit+1","Berserk+1","Shrug It Off","Reaper","Bite","Bite","Bite","Bite","Bite","Armaments+1","Feel No Pain","Body Slam"],"relics":["Burning Blood","NeowsBlessing","Art of War","Gremlin Horn","Tiny Chest","Eternal Feather","Kunai"],"potions_floor_usage":[12,16,18,22,27],"damage_taken":[{"damage":0,"enemies":"2 Louse","floor":1,"turns":1},{"damage":0,"enemies":"Gremlin Nob","floor":6,"turns":1},{"damage":0,"enemies":"Small Slimes","floor":7,"turns":2},{"damage":4,"enemies":"Cultist","floor":10,"turns":3},{"damage":2,"enemies":"Large Slime","floor":11,"turns":2},{"damage":4,"enemies":"Lagavulin","floor":12,"turns":3},{"damage":10,"enemies":"3 Louse","floor":13,"turns":5},{"damage":5,"enemies":"2 Fungi Beasts","floor":14,"turns":3},{"damage":30,"enemies":"The Guardian","floor":16,"turns":14},{"damage":37,"enemies":"2 Thieves","floor":18,"turns":5},{"damage":29,"enemies":"3 Byrds","floor":22,"turns":7},{"damage":39,"enemies":"Snake Plant","floor":27,"turns":5},{"damage":24,"enemies":"Shelled Parasite and Fungi","floor":28,"turns":5}],"seed_played":"-5108802451513222957","potions_obtained":[{"floor":1,"key":"AttackPotion"},{"floor":11,"key":"PowerPotion"},{"floor":14,"key":"Energy Potion"},{"floor":18,"key":"SteroidPotion"},{"floor":22,"key":"Poison Potion"}],"is_trial":false,"path_per_floor":["M","?","$","?","?","E","M","R","T","M","M","E","M","M","R","B",null,"M","?","?","?","M","R","$","R","T","M","M"],"character_chosen":"IRONCLAD","items_purchased":["Battle Trance","Feel No Pain"],"campfire_rested":0,"item_purchase_floors":[3,24],"current_hp_per_floor":[80,85,85,78,78,84,85,85,85,85,85,85,81,82,82,58,85,62,62,59,59,59,59,59,59,59,32,12],"gold":291,"neow_bonus":"THREE_ENEMY_KILL","is_prod":false,"is_daily":false,"chose_seed":false,"campfire_upgraded":4,"win_rate":0,"timestamp":1562547650,"path_taken":["M","?","$","?","?","E","?","R","T","M","M","E","M","M","R","BOSS","M","?","?","?","?","R","?","R","T","M","M"],"build_version":"2019-07-05","purchased_purges":1,"victory":false,"max_hp_per_floor":[80,85,85,85,85,85,85,85,85,85,85,85,85,85,85,85,85,85,85,59,59,59,59,59,59,59,59,59],"card_choices":[{"not_picked":["Iron Wave","Warcry"],"picked":"Metallicize","floor":1},{"not_picked":["Clothesline","Bloodletting"],"picked":"Entrench","floor":6},{"not_picked":["Rupture","Twin Strike"],"picked":"Hemokinesis","floor":7},{"not_picked":["Flex","Perfected Strike"],"picked":"Wild Strike","floor":10},{"not_picked":["True Grit","Cleave"],"picked":"Evolve","floor":11},{"not_picked":["Combust","Armaments"],"picked":"True Grit","floor":12},{"not_picked":["Anger","Inflame"],"picked":"Berserk","floor":13},{"not_picked":["Blood for Blood","Infernal Blade"],"picked":"Shrug It Off","floor":14},{"not_picked":["Limit Break","Exhume"],"picked":"Reaper","floor":16},{"not_picked":["Corruption","Shockwave","Whirlwind"],"picked":"SKIP","floor":18},{"not_picked":["Inflame","Uppercut"],"picked":"Armaments","floor":22},{"not_picked":["Twin Strike","Thunderclap"],"picked":"Body Slam","floor":27}],"player_experience":665341,"relics_obtained":[{"floor":6,"key":"Art of War"},{"floor":9,"key":"Gremlin Horn"},{"floor":12,"key":"Tiny Chest"},{"floor":26,"key":"Kunai"}],"event_choices":[{"damage_healed":0,"gold_gain":0,"player_choice":"Donut","damage_taken":0,"max_hp_gain":5,"max_hp_loss":0,"event_name":"Big Fish","floor":2,"gold_loss":0},{"cards_removed":["Strike_R"],"damage_healed":0,"gold_gain":0,"player_choice":"Card Removal","damage_taken":7,"max_hp_gain":0,"max_hp_loss":0,"event_name":"Golden Wing","floor":4,"gold_loss":0},{"cards_removed":["Strike_R"],"damage_healed":0,"gold_gain":0,"player_choice":"Purged","damage_taken":0,"max_hp_gain":0,"max_hp_loss":0,"event_name":"Purifier","floor":5,"gold_loss":0},{"damage_healed":0,"gold_gain":0,"player_choice":"Ignored","damage_taken":0,"max_hp_gain":0,"max_hp_loss":0,"event_name":"Ghosts","floor":19,"gold_loss":0},{"damage_healed":0,"gold_gain":0,"player_choice":"Became a vampire","damage_taken":0,"max_hp_gain":0,"max_hp_loss":26,"event_name":"Vampires","floor":20,"gold_loss":0,"cards_obtained":["Bite","Bite","Bite","Bite","Bite"]},{"damage_healed":0,"gold_gain":100,"player_choice":"Pray","damage_taken":0,"max_hp_gain":0,"max_hp_loss":0,"event_name":"Golden Shrine","floor":21,"gold_loss":0}],"is_beta":false,"boss_relics":[{"not_picked":["Lizard Tail","Philosopher\u0027s Stone"],"picked":"Eternal Feather"}],"items_purged_floors":[3],"is_endless":false,"potions_floor_spawned":[1,11,14,18,22],"killed_by":"Shelled Parasite and Fungi","ascension_level":2}