{"gold_per_floor":[111,111,111,124,84,143,143,163,190,190,190,222,237,255,255,357,357,377,377,394,221,221,221,136,235,235,261,281,291,291,291,291,291],"floor_reached":33,"playtime":1927,"items_purged":[],"score":298,"play_id":"dea83628-0cfe-4749-b609-e7b19af250b4","local_time":"20190726194307","is_ascension_mode":false,"campfire_choices":[{"data":"Havoc","floor":11,"key":"SMITH"},{"floor":15,"key":"REST"},{"data":"Barricade","floor":23,"key":"SMITH"},{"data":"Metallicize","floor":30,"key":"SMITH"},{"floor":32,"key":"REST"}],"neow_cost":"NONE","seed_source_timestamp":359859239858250,"circlet_count":0,"master_deck":["Strike_R","Strike_R","Strike_R","Strike_R","Strike_R","Defend_R","Defend_R","Defend_R","Defend_R","Bash","Intimidate","Dual Wield","Whirlwind+1","Havoc+1","Warcry","Thunderclap","Metallicize+1","Clothesline","Barricade+1","Disarm","Flex","Metallicize","Reckless Charge","Shrug It Off","Entrench+1","Body Slam"],"relics":["Black Blood","NeowsBlessing","Dead Branch","Tiny Chest","Strawberry","Oddly Smooth Stone","Orichalcum","Centennial Puzzle","Self Forming Clay","Pen Nib","Mercury Hourglass","Potion Belt"],"potions_floor_usage":[16,33,33],"damage_taken":[{"damage":0,"enemies":"Small Slimes","floor":1,"turns":1},{"damage":0,"enemies":"Jaw Worm","floor":4,"turns":1},{"damage":0,"enemies":"Gremlin Nob","floor":6,"turns":1},{"damage":4,"enemies":"Cultist","floor":8,"turns":3},{"damage":34,"enemies":"Lagavulin","floor":12,"turns":7},{"damage":14,"enemies":"Exordium Wildlife","floor":13,"turns":4},{"damage":5,"enemies":"Looter","floor":14,"turns":4},{"damage":22,"enemies":"Hexaghost","floor":16,"turns":11},{"damage":0,"enemies":"3 Byrds","floor":18,"turns":6},{"damage":10,"enemies":"Chosen","floor":20,"turns":10},{"damage":33,"enemies":"Gremlin Leader","floor":27,"turns":12},{"damage":10,"enemies":"Snecko","floor":28,"turns":6},{"damage":14,"enemies":"Snake Plant","floor":29,"turns":6},{"damage":93,"enemies":"Automaton","floor":33,"turns":14}],"seed_played":"-9038627132692331129","potions_obtained":[{"floor":1,"key":"AttackPotion"},{"floor":6,"key":"Swift Potion"},{"floor":12,"key":"FairyPotion"},{"floor":27,"key":"AttackPotion"}],"is_trial":false,"path_per_floor":["M","?","?","M","$","E","T","M","T","?","R","E","M","M","R","B",null,"M","T","M","$","T","R","?","?","T","E","M","M","R","?","R","B"],"character_chosen":"IRONCLAD","items_purchased":["Whirlwind","Metallicize","Reckless Charge","Shrug It Off"],"campfire_rested":2,"item_purchase_floors":[5,21,21,21],"current_hp_per_floor":[80,80,80,80,80,80,87,87,87,87,87,59,51,52,78,62,87,87,87,87,87,87,87,87,87,87,64,64,60,60,43,70,0],"gold":291,"neow_bonus":"THREE_ENEMY_KILL","is_prod":false,"is_daily":false,"chose_seed":false,"campfire_upgraded":3,"win_rate":0,"timestamp":1564188187,"path_taken":["M","?","?","M","$","E","?","M","T","?","R","E","M","M","R","BOSS","M","?","M","$","?","R","?","?","T","E","M","M","R","?","R","BOSS"],"build_version":"2019-07-17","purchased_purges":0,"victory":false,"max_hp_per_floor":[80,80,80,80,80,80,87,87,87,87,87,87,87,87,87,87,87,87,87,87,87,87,87,87,87,87,87,87,87,87,92,92,92],"card_choices":[{"not_picked":["Ghostly Armor","Clothesline"],"picked":"Intimidate","floor":1},{"not_picked":["Second Wind","Intimidate"],"picked":"Dual Wield","floor":4},{"not_picked":["Body Slam","Clothesline"],"picked":"Havoc","floor":6},{"not_picked":["Pommel Strike","Cleave"],"picked":"Warcry","floor":8},{"not_picked":["Warcry","Headbutt"],"picked":"Thunderclap","floor":12},{"not_picked":["Infernal Blade","Flame Barrier"],"picked":"Metallicize","floor":13},{"not_picked":["Whirlwind","Perfected Strike"],"picked":"Clothesline","floor":14},{"not_picked":["Immolate","Brutality"],"picked":"Barricade","floor":16},{"not_picked":["Reckless Charge","Flex"],"picked":"Disarm","floor":18},{"not_picked":["Carnage","Iron Wave"],"picked":"Flex","floor":20},{"not_picked":["Pommel Strike","Havoc","Anger"],"picked":"SKIP","floor":27},{"not_picked":["Whirlwind","Intimidate"],"picked":"Entrench+1","floor":28},{"not_picked":["Clothesline","Dropkick"],"picked":"Body Slam","floor":29}],"player_experience":148384,"relics_obtained":[{"floor":6,"key":"Tiny Chest"},{"floor":7,"key":"Strawberry"},{"floor":9,"key":"Oddly Smooth Stone"},{"floor":12,"key":"Orichalcum"},{"floor":19,"key":"Centennial Puzzle"},{"floor":22,"key":"Self Forming Clay"},{"floor":26,"key":"Mercury Hourglass"},{"floor":27,"key":"Potion Belt"}],"event_choices":[{"damage_healed":0,"gold_gain":0,"player_choice":"Box","damage_taken":0,"relics_obtained":["Dead Branch"],"max_hp_gain":0,"max_hp_loss":0,"event_name":"Big Fish","floor":2,"gold_loss":0,"cards_obtained":["Regret"]},{"cards_removed":["Regret"],"damage_healed":0,"gold_gain":0,"player_choice":"Forget","damage_taken":0,"max_hp_gain":0,"max_hp_loss":0,"event_name":"Living Wall","floor":3,"gold_loss":0},{"damage_healed":0,"gold_gain":0,"player_choice":"Forge","damage_taken":0,"max_hp_gain":0,"max_hp_loss":0,"event_name":"Accursed Blacksmith","floor":10,"gold_loss":0,"cards_upgraded":["Whirlwind"]},{"damage_healed":0,"gold_gain":0,"player_choice":"Obtained Relic","damage_taken":0,"relics_obtained":["Pen Nib"],"max_hp_gain":0,"max_hp_loss":0,"event_name":"Addict","floor":24,"gold_loss":85},{"damage_healed":0,"gold_gain":99,"player_choice":"Stole From Cult","damage_taken":0,"max_hp_gain":0,"max_hp_loss":0,"event_name":"Nest","floor":25,"gold_loss":0},{"damage_healed":0,"gold_gain":0,"player_choice":"Shed Blood","damage_taken":22,"max_hp_gain":5,"max_hp_loss":0,"event_name":"Forgotten Altar","floor":31,"gold_loss":0}],"is_beta":false,"boss_relics":[{"not_picked":["Sozu","Empty Cage"],"picked":"Black Blood"}],"items_purged_floors":[],"is_endless":false,"potions_floor_spawned":[1,6,12,27],"killed_by":"Automaton","ascension_level":0}