{"gold_per_floor":[209,209,63,63,63,95,95,95,95,172,184,184,202,215,215,318,318,331,84,103,203,220,220,220,220,243,255,366,140,140,140,140,242,292,305,405,416,435,435,435,435],"floor_reached":41,"playtime":2113,"items_purged":[],"score":522,"play_id":"7684c010-4c3e-4973-aba8-aaed94187aea","local_time":"20181117103622","is_ascension_mode":true,"campfire_choices":[{"data":"Cleave","floor":8,"key":"SMITH"},{"data":"Dual Wield","floor":12,"key":"SMITH"},{"data":"Body Slam","floor":15,"key":"SMITH"},{"data":"Inflame","floor":23,"key":"SMITH"},{"data":"Offering","floor":25,"key":"SMITH"},{"data":"Bash","floor":27,"key":"SMITH"},{"floor":32,"key":"REST"},{"data":"Rampage","floor":40,"key":"SMITH"}],"neow_cost":"NONE","seed_source_timestamp":216769168168301,"circlet_count":0,"master_deck":["Strike_R+1","Strike_R+1","Strike_R+1","Strike_R+1","Defend_R+1","Defend_R+1","Defend_R+1","Defend_R+1","Bash+1","Rage+1","Dual Wield+1","Cleave+1","Pummel","Shockwave","Body Slam+1","Offering+1","Warcry+1","Entrench+1","Inflame+1","Disarm+1","Double Tap+1","Rampage+1","Iron Wave+1","Disarm+1","Sentinel+1"],"relics":["Black Blood","Juzu Bracelet","Oddly Smooth Stone","Dodecahedron","Meat on the Bone","Du-Vu Doll","Bottled Flame","MawBank","Vajra","Toxic Egg 2","Tiny House"],"potions_floor_usage":[16,21,22,33,33,35,38,41],"damage_taken":[{"damage":5,"enemies":"2 Louse","floor":1,"turns":4},{"damage":41,"enemies":"3 Sentries","floor":6,"turns":12},{"damage":0,"enemies":"Jaw Worm","floor":11,"turns":4},{"damage":0,"enemies":"Cultist","floor":13,"turns":3},{"damage":5,"enemies":"2 Fungi Beasts","floor":14,"turns":3},{"damage":5,"enemies":"The Guardian","floor":16,"turns":14},{"damage":14,"enemies":"Chosen","floor":18,"turns":4},{"damage":6,"enemies":"2 Thieves","floor":20,"turns":2},{"damage":6,"enemies":"Colosseum Slavers","floor":21,"turns":3},{"damage":70,"enemies":"Colosseum Nobs","floor":21,"turns":6},{"damage":18,"enemies":"Snake Plant","floor":22,"turns":6},{"damage":6,"enemies":"Collector","floor":33,"turns":10},{"damage":21,"enemies":"Orb Walker","floor":35,"turns":3},{"damage":32,"enemies":"3 Shapes","floor":37,"turns":6},{"damage":12,"enemies":"3 Darklings","floor":38,"turns":7},{"damage":89,"enemies":"Writhing Mass","floor":41,"turns":4}],"seed_played":"2517996996538586896","potions_obtained":[{"floor":11,"key":"SpeedPotion"},{"floor":13,"key":"PowerPotion"},{"floor":16,"key":"SpeedPotion"},{"floor":20,"key":"Poison Potion"},{"floor":21,"key":"PowerPotion"},{"floor":33,"key":"SneckoOil"},{"floor":34,"key":"Explosive Potion"},{"floor":37,"key":"Strength Potion"},{"floor":38,"key":"BloodPotion"}],"is_trial":false,"path_per_floor":["M","?","$","?","$","E","?","R","T","?","M","R","M","M","R","B",null,"M","$","M","?","M","R","?","R","T","R","?","$","?","T","R","B",null,"M","?","M","M","?","R","M"],"character_chosen":"IRONCLAD","items_purchased":["Juzu Bracelet","Meat on the Bone","Disarm","Vajra","SkillPotion"],"campfire_rested":1,"item_purchase_floors":[3,19,29,29,29],"current_hp_per_floor":[80,64,64,64,64,29,29,29,29,29,35,35,41,42,42,43,80,76,76,80,32,36,36,36,36,36,36,36,36,36,36,60,64,85,74,74,64,62,62,62,0],"gold":435,"neow_bonus":"HUNDRED_GOLD","is_prod":false,"is_daily":false,"chose_seed":false,"campfire_upgraded":7,"win_rate":0,"timestamp":1542468982,"path_taken":["M","?","$","?","?","E","?","R","T","?","M","R","M","M","R","BOSS","M","$","M","?","M","R","?","R","T","R","?","?","?","?","R","BOSS","M","?","M","M","?","R","M"],"build_version":"2018-11-15","purchased_purges":0,"victory":false,"max_hp_per_floor":[80,80,80,80,80,80,80,80,80,80,80,80,80,80,80,80,80,80,80,80,80,80,80,80,80,80,80,80,80,80,80,80,80,85,85,85,85,85,85,85,85],"card_choices":[{"not_picked":["Thunderclap","Wild Strike"],"picked":"Rage","floor":1},{"not_picked":["Intimidate","Sword Boomerang"],"picked":"Cleave","floor":6},{"not_picked":["Flex","Second Wind"],"picked":"Pummel","floor":11},{"not_picked":["Thunderclap","Headbutt"],"picked":"Shockwave","floor":13},{"not_picked":["Anger","Iron Wave"],"picked":"Body Slam","floor":14},{"not_picked":["Brutality","Exhume"],"picked":"Offering","floor":16},{"not_picked":["Clash","Combust"],"picked":"Warcry+1","floor":18},{"not_picked":["Spot Weakness","Blood for Blood"],"picked":"Entrench+1","floor":20},{"not_picked":["Hemokinesis+1","True Grit"],"picked":"Inflame","floor":22},{"not_picked":["Berserk","Limit Break+1"],"picked":"Double Tap+1","floor":33},{"not_picked":["Cleave+1","Thunderclap"],"picked":"Rampage","floor":34},{"not_picked":["Uppercut+1","True Grit+1"],"picked":"Iron Wave+1","floor":35},{"not_picked":["Combust+1","Flex+1"],"picked":"Disarm+1","floor":37},{"not_picked":["Havoc+1","Immolate"],"picked":"Sentinel+1","floor":38}],"player_experience":488424,"relics_obtained":[{"floor":6,"key":"Oddly Smooth Stone"},{"floor":9,"key":"Dodecahedron"},{"floor":21,"key":"Du-Vu Doll"},{"floor":21,"key":"Bottled Flame"},{"floor":26,"key":"MawBank"},{"floor":31,"key":"Toxic Egg 2"}],"event_choices":[{"damage_healed":0,"gold_gain":0,"player_choice":"Entered Light","damage_taken":16,"max_hp_gain":0,"max_hp_loss":0,"event_name":"Shining Light","floor":2,"gold_loss":0,"cards_upgraded":["Strike_R","Defend_R"]},{"damage_healed":0,"gold_gain":0,"cards_transformed":["Strike_R"],"player_choice":"Change","damage_taken":0,"max_hp_gain":0,"max_hp_loss":0,"event_name":"Living Wall","floor":4,"gold_loss":0,"cards_obtained":["Dual Wield"]},{"damage_healed":0,"gold_gain":0,"player_choice":"Upgraded","damage_taken":0,"max_hp_gain":0,"max_hp_loss":0,"event_name":"Upgrade Shrine","floor":7,"gold_loss":0,"cards_upgraded":["Rage"]},{"damage_healed":0,"gold_gain":77,"player_choice":"Gained Gold","damage_taken":0,"max_hp_gain":0,"max_hp_loss":0,"event_name":"Golden Wing","floor":10,"gold_loss":0},{"damage_healed":0,"gold_gain":0,"player_choice":"Fight","damage_taken":0,"max_hp_gain":0,"max_hp_loss":0,"event_name":"Colosseum","floor":21,"gold_loss":0},{"damage_healed":0,"gold_gain":0,"player_choice":"Fought Nobs","damage_taken":0,"max_hp_gain":0,"max_hp_loss":0,"event_name":"Colosseum","floor":21,"gold_loss":0},{"damage_healed":0,"gold_gain":0,"player_choice":"Simplicity","damage_taken":0,"max_hp_gain":0,"max_hp_loss":0,"event_name":"Back to Basics","floor":24,"gold_loss":0,"cards_upgraded":["Strike_R","Strike_R","Strike_R","Defend_R","Defend_R","Defend_R"]},{"damage_healed":0,"gold_gain":99,"player_choice":"Stole From Cult","damage_taken":0,"max_hp_gain":0,"max_hp_loss":0,"event_name":"Nest","floor":28,"gold_loss":0},{"damage_healed":0,"gold_gain":0,"player_choice":"Got Potions","damage_taken":0,"max_hp_gain":0,"max_hp_loss":0,"event_name":"Lab","floor":30,"gold_loss":0},{"damage_healed":0,"gold_gain":100,"player_choice":"Pray","damage_taken":0,"max_hp_gain":0,"max_hp_loss":0,"event_name":"Golden Shrine","floor":36,"gold_loss":0},{"damage_healed":0,"gold_gain":0,"player_choice":"Ignored","damage_taken":0,"max_hp_gain":0,"max_hp_loss":0,"event_name":"Tomb of Lord Red Mask","floor":39,"gold_loss":0}],"is_beta":true,"boss_relics":[{"not_picked":["Busted Crown","Snecko Eye"],"picked":"Black Blood"},{"not_picked":["White Beast Statue","Velvet Choker"],"picked":"Tiny House"}],"items_purged_floors":[],"is_endless":false,"potions_floor_spawned":[11,13,16,20,21,21,33,37,38],"killed_by":"Writhing Mass","ascension_level":4}