{"gold_per_floor":[111,125,125,138,152,152,165,21,68,68,68,106,28,48,48,169,169,184,197,31,76,135,135,198,267,315,340],"floor_reached":27,"playtime":1381,"items_purged":[],"score":277,"play_id":"14be7e75-c9fc-4676-9da6-701e55e37ef8","local_time":"20181115122919","is_ascension_mode":true,"campfire_choices":[{"data":"Whirlwind","floor":6,"key":"SMITH"},{"data":"Iron Wave","floor":10,"key":"SMITH"},{"data":"Iron Wave","floor":15,"key":"SMITH"},{"data":"HandOfGreed","floor":23,"key":"SMITH"}],"neow_cost":"NONE","seed_source_timestamp":51473499562731,"circlet_count":0,"master_deck":["Strike_R","Strike_R","Strike_R","Strike_R","Strike_R+1","Defend_R","Defend_R","Defend_R","Defend_R","Bash+1","Body Slam+1","Thunderclap","Body Slam","Whirlwind+1","Iron Wave+1","Barricade+1","Metallicize+1","Iron Wave+1","Offering","Iron Wave+1","Inflame+1","HandOfGreed+1","Iron Wave+1"],"relics":["Burning Blood","Vajra","Pen Nib","Golden Idol","Frozen Egg 2","White Beast Statue","Whetstone"],"potions_floor_usage":[16,18,19,21,22,24,25,27],"damage_taken":[{"damage":8,"enemies":"Jaw Worm","floor":1,"turns":4},{"damage":0,"enemies":"Cultist","floor":2,"turns":4},{"damage":7,"enemies":"Small Slimes","floor":4,"turns":3},{"damage":11,"enemies":"Exordium Thugs","floor":5,"turns":5},{"damage":7,"enemies":"2 Fungi Beasts","floor":7,"turns":2},{"damage":17,"enemies":"Gremlin Nob","floor":12,"turns":4},{"damage":0,"enemies":"Blue Slaver","floor":14,"turns":1},{"damage":34,"enemies":"Hexaghost","floor":16,"turns":11},{"damage":26,"enemies":"Spheric Guardian","floor":18,"turns":6},{"damage":14,"enemies":"3 Byrds","floor":19,"turns":4},{"damage":6,"enemies":"Sentry and Sphere","floor":21,"turns":6},{"damage":29,"enemies":"3 Cultists","floor":22,"turns":6},{"damage":6,"enemies":"Centurion and Healer","floor":24,"turns":6},{"damage":20,"enemies":"Shelled Parasite and Fungi","floor":25,"turns":6},{"damage":25,"enemies":"Sentry and Sphere","floor":27,"turns":3}],"seed_played":"3050415952552237543","potions_obtained":[{"floor":2,"key":"BloodPotion"},{"floor":5,"key":"EssenceOfSteel"},{"floor":14,"key":"Energy Potion"},{"floor":16,"key":"EssenceOfSteel"},{"floor":18,"key":"Dexterity Potion"},{"floor":19,"key":"LiquidBronze"},{"floor":21,"key":"Poison Potion"},{"floor":22,"key":"SkillPotion"},{"floor":24,"key":"SteroidPotion"},{"floor":25,"key":"Dexterity Potion"}],"is_trial":false,"path_per_floor":["M","M","?","M","M","R","M","$","T","R","?","E","$","M","R","B",null,"M","M","$","M","M","R","M","M","T","M"],"character_chosen":"IRONCLAD","items_purchased":["Vajra","Metallicize+1","HandOfGreed"],"campfire_rested":0,"item_purchase_floors":[8,13,20],"current_hp_per_floor":[86,88,88,87,82,82,81,81,81,81,59,48,48,54,54,34,88,68,60,60,60,37,37,37,23,23,0],"gold":340,"neow_bonus":"TEN_PERCENT_HP_BONUS","is_prod":false,"is_daily":false,"chose_seed":false,"campfire_upgraded":4,"win_rate":0,"timestamp":1542302959,"path_taken":["M","M","?","M","M","R","?","$","T","R","?","E","?","M","R","BOSS","M","M","$","M","M","R","M","M","T","M"],"build_version":"2018-11-14","purchased_purges":0,"victory":false,"max_hp_per_floor":[88,88,88,88,88,88,88,88,88,88,88,88,88,88,88,88,88,88,88,88,88,88,88,88,88,88,88],"card_choices":[{"not_picked":["Havoc","Sword Boomerang"],"picked":"Body Slam","floor":1},{"not_picked":["True Grit","Perfected Strike"],"picked":"Thunderclap","floor":2},{"not_picked":["Havoc","Anger"],"picked":"Body Slam","floor":4},{"not_picked":["Battle Trance","Heavy Blade"],"picked":"Whirlwind","floor":5},{"not_picked":["Wild Strike","Combust"],"picked":"Iron Wave","floor":7},{"not_picked":["Rage","Warcry"],"picked":"Barricade","floor":12},{"not_picked":["Rage","Anger"],"picked":"Iron Wave","floor":14},{"not_picked":["Exhume","Double Tap"],"picked":"Offering","floor":16},{"not_picked":["Heavy Blade","Flex"],"picked":"Iron Wave+1","floor":18},{"not_picked":["Clash+1","Seeing Red+1"],"picked":"Inflame+1","floor":19},{"not_picked":["Perfected Strike","Infernal Blade","Cleave"],"picked":"SKIP","floor":21},{"not_picked":["Hemokinesis","Bloodletting"],"picked":"Iron Wave+1","floor":22},{"not_picked":["Dual Wield+1","Intimidate","Perfected Strike"],"picked":"SKIP","floor":24},{"not_picked":["Twin Strike+1","True Grit","Wild Strike+1"],"picked":"SKIP","floor":25}],"player_experience":453186,"relics_obtained":[{"floor":9,"key":"Pen Nib"},{"floor":12,"key":"Frozen Egg 2"},{"floor":26,"key":"Whetstone"}],"event_choices":[{"damage_healed":0,"gold_gain":0,"player_choice":"Upgraded","damage_taken":0,"max_hp_gain":0,"max_hp_loss":0,"event_name":"Upgrade Shrine","floor":3,"gold_loss":0,"cards_upgraded":["Body Slam"]},{"damage_healed":0,"gold_gain":0,"player_choice":"Take Damage","damage_taken":22,"relics_obtained":["Golden Idol"],"max_hp_gain":0,"max_hp_loss":0,"event_name":"Golden Idol","floor":11,"gold_loss":0}],"is_beta":true,"boss_relics":[{"not_picked":["Lizard Tail","Sozu"],"picked":"White Beast Statue"}],"items_purged_floors":[],"is_endless":false,"potions_floor_spawned":[2,5,14,16,18,19,21,22,24,25],"killed_by":"Sentry and Sphere","ascension_level":3}