{"gold_per_floor":[119,119,119,136,150,150,185,185,185,195,195,195,1,37,37,37],"floor_reached":16,"playtime":922,"items_purged":[],"score":108,"play_id":"2500264a-0d8d-495d-99c1-c207615e13ca","local_time":"20190224154006","is_ascension_mode":false,"campfire_choices":[{"data":"Phantasmal Killer","floor":6,"key":"SMITH"},{"floor":8,"key":"REST"},{"floor":15,"key":"REST"}],"neow_cost":"NONE","seed_source_timestamp":0,"circlet_count":0,"master_deck":["Defend_G","Defend_G","Defend_G","Defend_G","Defend_G","Strike_G","Strike_G","Strike_G","Strike_G","Strike_G","Survivor","Neutralize","Wraith Form v2","Poisoned Stab","Phantasmal Killer+1","Escape Plan","Sucker Punch","Leg Sweep","Dagger Spray","Injury","Backstab"],"special_seed":0,"relics":["Ring of the Snake","Calipers","Golden Idol","Chemical X","Darkstone Periapt"],"potions_floor_usage":[7,14,16,16],"damage_taken":[{"damage":0,"enemies":"Jaw Worm","floor":1,"turns":7},{"damage":0,"enemies":"Cultist","floor":4,"turns":3},{"damage":1,"enemies":"2 Louse","floor":5,"turns":3},{"damage":32,"enemies":"Lagavulin","floor":7,"turns":7},{"damage":11,"enemies":"Large Slime","floor":10,"turns":10},{"damage":13,"enemies":"Gremlin Nob","floor":14,"turns":5},{"damage":64,"enemies":"Hexaghost","floor":16,"turns":16}],"seed_played":"8771351468833403296","potions_obtained":[{"floor":4,"key":"Fire Potion"},{"floor":7,"key":"Energy Potion"},{"floor":10,"key":"Block Potion"},{"floor":14,"key":"EssenceOfSteel"}],"is_trial":false,"path_per_floor":["M","?","$","M","M","R","E","R","T","M","?","?","$","E","R","B"],"character_chosen":"THE_SILENT","items_purchased":["Chemical X"],"campfire_rested":2,"item_purchase_floors":[13],"current_hp_per_floor":[70,70,70,70,69,69,37,58,58,47,47,52,52,39,61,0],"gold":37,"neow_bonus":"ONE_RANDOM_RARE_CARD","is_prod":false,"is_daily":false,"chose_seed":false,"campfire_upgraded":1,"win_rate":0,"timestamp":1551040806,"path_taken":["M","?","?","M","M","R","E","R","T","?","?","?","?","E","R","BOSS"],"build_version":"2019-01-23","purchased_purges":0,"victory":false,"max_hp_per_floor":[70,70,70,70,70,70,70,70,70,70,70,75,75,75,75,75],"card_choices":[{"not_picked":["Predator","Acrobatics"],"picked":"Poisoned Stab","floor":1},{"not_picked":["Bane","Dagger Throw"],"picked":"Escape Plan","floor":4},{"not_picked":["Cloak And Dagger","Noxious Fumes"],"picked":"Sucker Punch","floor":5},{"not_picked":["Slice","Bane"],"picked":"Leg Sweep","floor":7},{"not_picked":["Backflip","Quick Slash"],"picked":"Dagger Spray","floor":10},{"not_picked":["Dagger Spray","Cloak And Dagger"],"picked":"Backstab","floor":14}],"player_experience":258718,"relics_obtained":[{"floor":7,"key":"Calipers"},{"floor":14,"key":"Darkstone Periapt"}],"event_choices":[{"damage_healed":0,"gold_gain":0,"player_choice":"1 cards matched","damage_taken":0,"max_hp_gain":0,"max_hp_loss":0,"event_name":"Match and Keep!","floor":2,"gold_loss":0,"cards_obtained":["Phantasmal Killer"]},{"damage_healed":0,"gold_gain":0,"player_choice":"Take Wound","damage_taken":0,"relics_obtained":["Golden Idol"],"max_hp_gain":0,"max_hp_loss":0,"event_name":"Golden Idol","floor":11,"gold_loss":0,"cards_obtained":["Injury"]},{"damage_healed":0,"gold_gain":0,"player_choice":"Donut","damage_taken":0,"max_hp_gain":5,"max_hp_loss":0,"event_name":"Big Fish","floor":12,"gold_loss":0}],"is_beta":false,"boss_relics":[],"items_purged_floors":[],"is_endless":false,"potions_floor_spawned":[4,7,10,14],"killed_by":"Hexaghost","ascension_level":0}