{"gold_per_floor":[117,192,13,32,32,32,32,8,33,71,95,131,131,131,131,131],"floor_reached":16,"playtime":597,"items_purged":[],"score":164,"play_id":"7752865e-f699-4f10-9728-f6147f636adf","local_time":"20190106200755","is_ascension_mode":true,"campfire_choices":[{"data":"Choke","floor":6,"key":"SMITH"},{"data":"Dash","floor":13,"key":"SMITH"},{"floor":15,"key":"REST"}],"neow_cost":"NONE","seed_source_timestamp":547467774817427,"circlet_count":0,"master_deck":["AscendersBane","Defend_G","Defend_G","Defend_G","Defend_G","Defend_G","Strike_G+1","Strike_G","Strike_G","Strike_G","Strike_G","Survivor+1","Neutralize+1","All Out Attack","Dodge and Roll","Choke+1","Injury","Outmaneuver","Dash+1","Infinite Blades","Prepared"],"relics":["Ring of the Snake","Happy Flower","Golden Idol","Centennial Puzzle","Pen Nib","Anchor"],"potions_floor_usage":[12,12],"damage_taken":[{"damage":0,"enemies":"Small Slimes","floor":1,"turns":4},{"damage":4,"enemies":"2 Louse","floor":4,"turns":4},{"damage":15,"enemies":"Gremlin Nob","floor":10,"turns":4},{"damage":2,"enemies":"Jaw Worm","floor":11,"turns":3},{"damage":5,"enemies":"Lagavulin","floor":12,"turns":7},{"damage":35,"enemies":"Slime Boss","floor":16,"turns":8}],"seed_played":"6397229459625333242","potions_obtained":[{"floor":4,"key":"Ancient Potion"},{"floor":11,"key":"PowerPotion"}],"is_trial":false,"path_per_floor":["M","?","$","M","?","R","?","$","T","E","M","E","R","$","R","B"],"character_chosen":"THE_SILENT","items_purchased":["Happy Flower","Dodge and Roll","Outmaneuver"],"campfire_rested":1,"item_purchase_floors":[3,3,8],"current_hp_per_floor":[63,52,52,48,34,34,34,34,34,19,17,12,12,12,33,0],"gold":131,"neow_bonus":"UPGRADE_CARD","is_prod":false,"is_daily":false,"chose_seed":false,"campfire_upgraded":2,"win_rate":0,"timestamp":1546823275,"path_taken":["M","?","$","M","?","R","?","?","T","E","?","E","R","$","R","BOSS"],"build_version":"2019-01-03v4","purchased_purges":0,"victory":false,"max_hp_per_floor":[70,70,70,70,70,70,70,70,70,70,70,70,70,70,70,70],"card_choices":[{"not_picked":["Prepared","Masterful Stab"],"picked":"All Out Attack","floor":1},{"not_picked":["Dagger Throw","Sucker Punch"],"picked":"Choke","floor":4},{"not_picked":["Bane","PiercingWail"],"picked":"Dash","floor":10},{"not_picked":["Cloak And Dagger","Dagger Throw"],"picked":"Infinite Blades","floor":11},{"not_picked":["Quick Slash","Reflex"],"picked":"Prepared","floor":12}],"player_experience":757182,"relics_obtained":[{"floor":9,"key":"Centennial Puzzle"},{"floor":10,"key":"Pen Nib"},{"floor":12,"key":"Anchor"}],"event_choices":[{"damage_healed":0,"gold_gain":75,"player_choice":"Gather Gold","damage_taken":11,"max_hp_gain":0,"max_hp_loss":0,"event_name":"World of Goop","floor":2,"gold_loss":0},{"damage_healed":0,"gold_gain":0,"player_choice":"Entered Light","damage_taken":14,"max_hp_gain":0,"max_hp_loss":0,"event_name":"Shining Light","floor":5,"gold_loss":0,"cards_upgraded":["Survivor","Strike_G"]},{"damage_healed":0,"gold_gain":0,"player_choice":"Take Wound","damage_taken":0,"relics_obtained":["Golden Idol"],"max_hp_gain":0,"max_hp_loss":0,"event_name":"Golden Idol","floor":7,"gold_loss":0,"cards_obtained":["Injury"]}],"is_beta":true,"boss_relics":[],"items_purged_floors":[],"is_endless":false,"potions_floor_spawned":[4,11],"killed_by":"Slime Boss","ascension_level":11}