{"gold_per_floor":[114,133,146,161,161,161,185,185,212,228,261,261,361,377,377,496,496,512,217,231,211,226,226,241,241,241,254,278,296,314,327,327,327],"floor_reached":33,"playtime":2573,"items_purged":["Strike_G"],"score":320,"play_id":"c1007e1d-d331-4310-a872-7b5dd4d64715","local_time":"20190704114013","is_ascension_mode":true,"campfire_choices":[{"data":"Terror","floor":6,"key":"SMITH"},{"data":"Neutralize","floor":8,"key":"SMITH"},{"data":"All Out Attack","floor":12,"key":"SMITH"},{"data":"Phantasmal Killer","floor":15,"key":"SMITH"},{"data":"Masterful Stab","floor":23,"key":"SMITH"},{"data":"Leg Sweep","floor":25,"key":"SMITH"},{"data":"Backflip","floor":32,"key":"SMITH"}],"neow_cost":"NONE","seed_source_timestamp":986196474335700,"circlet_count":0,"master_deck":["Strike_G","Strike_G","Strike_G","Strike_G","Defend_G","Defend_G","Defend_G","Defend_G","Defend_G","Survivor","Neutralize+1","Terror+1","Backflip+1","Dagger Throw","Masterful Stab+1","Flying Knee","All Out Attack+1","Phantasmal Killer+1","Adrenaline","Slice","Leg Sweep+1","Escape Plan","Slice+1","PiercingWail+1","Dagger Spray+1","Heel Hook"],"relics":["Ring of the Serpent","Golden Idol","Bag of Marbles","Juzu Bracelet","Pen Nib","Bottled Lightning","Orichalcum"],"potions_floor_usage":[4,11,16,18,22,22,24,27,33],"damage_taken":[{"damage":0,"enemies":"2 Louse","floor":1,"turns":3},{"damage":0,"enemies":"Small Slimes","floor":2,"turns":5},{"damage":0,"enemies":"Cultist","floor":3,"turns":3},{"damage":14,"enemies":"Exordium Thugs","floor":4,"turns":6},{"damage":2,"enemies":"Blue Slaver","floor":7,"turns":4},{"damage":0,"enemies":"Large Slime","floor":10,"turns":5},{"damage":6,"enemies":"3 Sentries","floor":11,"turns":9},{"damage":0,"enemies":"3 Louse","floor":14,"turns":2},{"damage":0,"enemies":"Slime Boss","floor":16,"turns":6},{"damage":5,"enemies":"2 Thieves","floor":18,"turns":2},{"damage":0,"enemies":"3 Byrds","floor":20,"turns":5},{"damage":18,"enemies":"Sentry and Sphere","floor":22,"turns":6},{"damage":0,"enemies":"Snake Plant","floor":24,"turns":3},{"damage":3,"enemies":"Centurion and Healer","floor":27,"turns":3},{"damage":14,"enemies":"Shelled Parasite and Fungi","floor":29,"turns":4},{"damage":1,"enemies":"Snecko","floor":30,"turns":4},{"damage":4,"enemies":"Cultist and Chosen","floor":31,"turns":2},{"damage":38,"enemies":"Automaton","floor":33,"turns":10}],"seed_played":"3522390962894728198","potions_obtained":[{"floor":3,"key":"AttackPotion"},{"floor":7,"key":"Dexterity Potion"},{"floor":10,"key":"Swift Potion"},{"floor":14,"key":"Dexterity Potion"},{"floor":16,"key":"AttackPotion"},{"floor":18,"key":"FearPotion"},{"floor":21,"key":"Regen Potion"},{"floor":24,"key":"AttackPotion"},{"floor":30,"key":"LiquidBronze"}],"is_trial":false,"path_per_floor":["M","M","M","M","?","R","M","R","T","M","E","R","?","M","R","B",null,"M","$","M","?","M","R","M","R","T","M","T","M","M","M","R","B"],"character_chosen":"THE_SILENT","items_purchased":["Pen Nib","Leg Sweep"],"campfire_rested":0,"item_purchase_floors":[19,19],"current_hp_per_floor":[77,77,77,63,44,44,42,42,42,42,36,36,36,36,36,36,77,72,72,72,72,63,63,63,63,63,60,60,46,45,41,41,3],"gold":327,"neow_bonus":"TEN_PERCENT_HP_BONUS","is_prod":false,"is_daily":false,"chose_seed":false,"campfire_upgraded":7,"win_rate":0,"timestamp":1562254813,"path_taken":["M","M","M","M","?","R","M","R","T","M","E","R","?","M","R","BOSS","M","$","M","?","M","R","M","R","T","M","?","M","M","M","R","BOSS"],"build_version":"2019-07-01","purchased_purges":1,"victory":false,"max_hp_per_floor":[77,77,77,77,77,77,77,77,77,77,77,77,77,77,77,77,77,77,77,77,77,77,77,77,77,77,77,77,77,77,77,77,77],"card_choices":[{"not_picked":["Dodge and Roll","Prepared"],"picked":"Terror","floor":1},{"not_picked":["Tactician","Poisoned Stab","Catalyst"],"picked":"SKIP","floor":2},{"not_picked":["Cloak And Dagger","Blade Dance"],"picked":"Backflip","floor":3},{"not_picked":["Blade Dance","Bane"],"picked":"Dagger Throw","floor":4},{"not_picked":["Acrobatics","Cloak And Dagger"],"picked":"Masterful Stab","floor":7},{"not_picked":["Choke","Bouncing Flask"],"picked":"Flying Knee","floor":10},{"not_picked":["Eviscerate","Cloak And Dagger"],"picked":"All Out Attack","floor":11},{"not_picked":["Blade Dance","Flying Knee"],"picked":"Phantasmal Killer","floor":14},{"not_picked":["Malaise","Doppelganger"],"picked":"Adrenaline","floor":16},{"not_picked":["All Out Attack","Concentrate"],"picked":"Slice","floor":18},{"not_picked":["Bane","Deadly Poison"],"picked":"Escape Plan","floor":20},{"not_picked":["Dodge and Roll","Dagger Throw+1"],"picked":"Slice+1","floor":22},{"not_picked":["Acrobatics","Prepared+1","Endless Agony"],"picked":"SKIP","floor":24},{"not_picked":["Dagger Throw","Infinite Blades","Acrobatics"],"picked":"SKIP","floor":27},{"not_picked":["Backflip+1","Catalyst+1"],"picked":"PiercingWail+1","floor":29},{"not_picked":["Riddle With Holes","Backflip"],"picked":"Dagger Spray+1","floor":30},{"not_picked":["Deflect","Deadly Poison"],"picked":"Heel Hook","floor":31}],"player_experience":578230,"relics_obtained":[{"floor":9,"key":"Bag of Marbles"},{"floor":11,"key":"Juzu Bracelet"},{"floor":26,"key":"Bottled Lightning"},{"floor":28,"key":"Orichalcum"}],"event_choices":[{"damage_healed":0,"gold_gain":0,"player_choice":"Take Damage","damage_taken":19,"relics_obtained":["Golden Idol"],"max_hp_gain":0,"max_hp_loss":0,"event_name":"Golden Idol","floor":5,"gold_loss":0},{"damage_healed":0,"gold_gain":100,"player_choice":"Pray","damage_taken":0,"max_hp_gain":0,"max_hp_loss":0,"event_name":"Golden Shrine","floor":13,"gold_loss":0},{"damage_healed":0,"gold_gain":0,"player_choice":"Bought 1 Potion","damage_taken":0,"max_hp_gain":0,"max_hp_loss":0,"event_name":"The Woman in Blue","floor":21,"gold_loss":0}],"is_beta":false,"boss_relics":[{"not_picked":["Astrolabe","Cursed Key"],"picked":"Ring of the Serpent"}],"items_purged_floors":[19],"is_endless":false,"potions_floor_spawned":[3,7,10,14,16,18,24,30],"killed_by":"Automaton","ascension_level":1}