{"gold_per_floor":[116,191,191,210,221,251,271,271,319,331,314,314,314,314,314,415,415,432,432,432,432,442,442,442,459,459,469,178,188,33,52,52,52],"floor_reached":33,"playtime":1487,"items_purged":[],"score":299,"play_id":"8dc717d7-e700-4347-88af-ffdeefa53020","local_time":"20190607182935","is_ascension_mode":true,"campfire_choices":[{"floor":8,"key":"REST"},{"floor":12,"key":"REST"},{"floor":15,"key":"RECALL"},{"data":"Backstab","floor":23,"key":"SMITH"},{"floor":32,"key":"REST"}],"neow_cost":"NONE","seed_source_timestamp":89253173811477,"circlet_count":0,"master_deck":["Defend_G+1","Defend_G+1","Defend_G+1","Defend_G+1","Defend_G+1","Survivor","Neutralize","Masterful Stab","Deadly Poison","Poisoned Stab","Deflect","Dodge and Roll","Backstab+1","Outmaneuver","Blade Dance+1","Bite","Bite","Bite","Bite","Bite","Slice+1","Poisoned Stab","PiercingWail","Accuracy","Unload","Finisher","Dash"],"relics":["Sozu","Boot","Lantern","Lizard Tail","Peace Pipe","Letter Opener","Snake Skull","Pen Nib"],"potions_floor_usage":[],"damage_taken":[{"damage":2,"enemies":"Jaw Worm","floor":1,"turns":4},{"damage":4,"enemies":"Cultist","floor":4,"turns":4},{"damage":4,"enemies":"Small Slimes","floor":5,"turns":3},{"damage":37,"enemies":"Lagavulin","floor":6,"turns":7},{"damage":6,"enemies":"Looter","floor":7,"turns":3},{"damage":0,"enemies":"2 Fungi Beasts","floor":10,"turns":3},{"damage":7,"enemies":"Exordium Thugs","floor":11,"turns":4},{"damage":30,"enemies":"The Guardian","floor":16,"turns":14},{"damage":46,"enemies":"Spheric Guardian","floor":18,"turns":8},{"damage":22,"enemies":"Shell Parasite","floor":22,"turns":5},{"damage":38,"enemies":"Snake Plant","floor":25,"turns":5},{"damage":19,"enemies":"Centurion and Healer","floor":27,"turns":6},{"damage":16,"enemies":"Chosen and Byrds","floor":29,"turns":6},{"damage":24,"enemies":"Snake Plant","floor":31,"turns":3},{"damage":60,"enemies":"Automaton","floor":33,"turns":8}],"seed_played":"5207632082472082095","potions_obtained":[],"is_trial":false,"path_per_floor":["M","?","T","M","M","E","M","R","T","M","M","R","?","?","R","B",null,"M","?","?","?","M","R","?","M","T","M","$","M","$","M","R","B"],"character_chosen":"THE_SILENT","items_purchased":["Snake Skull","Accuracy","Unload","Pen Nib"],"campfire_rested":3,"item_purchase_floors":[28,28,28,30],"current_hp_per_floor":[68,57,57,53,49,12,6,27,27,27,20,41,41,46,46,16,75,29,29,29,62,46,46,46,18,18,13,13,7,7,25,43,0],"gold":52,"neow_bonus":"BOSS_RELIC","is_prod":false,"is_daily":false,"chose_seed":false,"campfire_upgraded":1,"win_rate":0,"timestamp":1559946575,"path_taken":["M","?","?","?","M","E","M","R","T","M","M","R","?","?","R","BOSS","M","?","?","?","?","R","?","?","T","M","?","M","$","M","R","BOSS"],"build_version":"2019-01-23","purchased_purges":0,"victory":false,"max_hp_per_floor":[70,70,70,70,70,70,70,70,70,70,70,70,70,75,75,75,75,75,52,52,62,62,62,62,62,62,62,62,62,62,62,62,62],"card_choices":[{"not_picked":["Dagger Spray","Underhanded Strike"],"picked":"Masterful Stab","floor":1},{"not_picked":["Backflip","Blur"],"picked":"Deadly Poison","floor":4},{"not_picked":["Backflip","Acrobatics"],"picked":"Poisoned Stab","floor":5},{"not_picked":["Expertise","Predator"],"picked":"Deflect","floor":6},{"not_picked":["Quick Slash","Dagger Throw"],"picked":"Dodge and Roll","floor":7},{"not_picked":["Flechettes","Crippling Poison"],"picked":"Backstab","floor":10},{"not_picked":["Burst","Setup"],"picked":"Outmaneuver","floor":11},{"not_picked":["Wraith Form v2","Die Die Die"],"picked":"Tools of the Trade","floor":16},{"not_picked":["Dagger Throw+1","Acrobatics"],"picked":"Blade Dance+1","floor":18},{"not_picked":["Masterful Stab","Quick Slash"],"picked":"Slice+1","floor":22},{"not_picked":["Riddle With Holes","Acrobatics+1"],"picked":"Poisoned Stab","floor":25},{"not_picked":["Blade Dance","Flying Knee"],"picked":"PiercingWail","floor":27},{"not_picked":["Flechettes","All Out Attack"],"picked":"Finisher","floor":29},{"not_picked":["Dagger Throw","Expertise+1"],"picked":"Dash","floor":31}],"player_experience":434014,"relics_obtained":[{"floor":6,"key":"Boot"},{"floor":9,"key":"Lantern"},{"floor":24,"key":"Peace Pipe"},{"floor":26,"key":"Letter Opener"}],"event_choices":[{"damage_healed":0,"gold_gain":75,"player_choice":"Gather Gold","damage_taken":11,"max_hp_gain":0,"max_hp_loss":0,"event_name":"World of Goop","floor":2,"gold_loss":0},{"damage_healed":0,"gold_gain":0,"player_choice":"Ignored","damage_taken":0,"max_hp_gain":0,"max_hp_loss":0,"event_name":"Liars Game","floor":13,"gold_loss":0},{"damage_healed":0,"gold_gain":0,"player_choice":"Donut","damage_taken":0,"max_hp_gain":5,"max_hp_loss":0,"event_name":"Big Fish","floor":14,"gold_loss":0},{"damage_healed":0,"gold_gain":0,"player_choice":"Became a vampire","damage_taken":0,"max_hp_gain":0,"max_hp_loss":23,"event_name":"Vampires","floor":19,"gold_loss":0,"cards_obtained":["Bite","Bite","Bite","Bite","Bite"]},{"damage_healed":0,"gold_gain":0,"player_choice":"Simplicity","damage_taken":0,"max_hp_gain":0,"max_hp_loss":0,"event_name":"Back to Basics","floor":20,"gold_loss":0,"cards_upgraded":["Defend_G","Defend_G","Defend_G","Defend_G","Defend_G"]},{"cards_removed":["Tools of the Trade"],"damage_healed":23,"gold_gain":0,"player_choice":"Offered Rare","damage_taken":0,"max_hp_gain":10,"max_hp_loss":0,"event_name":"Bonfire Elementals","floor":21,"gold_loss":0},{"damage_healed":0,"gold_gain":0,"player_choice":"Relic","damage_taken":0,"max_hp_gain":0,"max_hp_loss":0,"event_name":"Wheel of Change","floor":24,"gold_loss":0}],"is_beta":false,"boss_relics":[{"not_picked":["Tiny House","Runic Dome"],"picked":"Lizard Tail"}],"items_purged_floors":[],"is_endless":false,"potions_floor_spawned":[7,10,11,16,18,31],"killed_by":"Automaton","ascension_level":2}