{"gold_per_floor":[111,111,127,145,161,161,161,161,161,161,161,161,104,115,115,115],"floor_reached":16,"playtime":401,"items_purged":[],"score":176,"play_id":"484ee95c-1a1a-4055-a5ea-6bd80f58dafa","local_time":"20190304173035","is_ascension_mode":true,"campfire_choices":[{"data":"Whirlwind","floor":6.0,"key":"SMITH"},{"data":"Searing Blow","floor":10.0,"key":"SMITH"},{"data":"Searing Blow+1","floor":12.0,"key":"SMITH"},{"data":"Searing Blow+2","floor":15.0,"key":"SMITH"}],"neow_cost":"NONE","seed_source_timestamp":23166587408998,"circlet_count":0,"master_deck":["AscendersBane","Strike_R","Strike_R","Strike_R","Strike_R","Defend_R","Defend_R","Defend_R","Defend_R","Bash","Shockwave","Body Slam","Whirlwind+1","Searing Blow+3","Shrug It Off"],"special_seed":0,"relics":["Burning Blood","Blue Candle","Anchor"],"potions_floor_usage":[16],"damage_taken":[{"damage":9.0,"enemies":"Jaw Worm","floor":1.0,"turns":4.0},{"damage":2.0,"enemies":"2 Louse","floor":3.0,"turns":4.0},{"damage":5.0,"enemies":"Small Slimes","floor":4.0,"turns":5.0},{"damage":17.0,"enemies":"Blue Slaver","floor":5.0,"turns":5.0},{"damage":0.0,"enemies":"3 Louse","floor":14.0,"turns":2.0},{"damage":78,"enemies":"Hexaghost","floor":16,"turns":11}],"seed_played":"-1580579816323797119","potions_obtained":[{"floor":3.0,"key":"Dexterity Potion"},{"floor":4.0,"key":"Energy Potion"},{"floor":5.0,"key":"FairyPotion"}],"is_trial":false,"path_per_floor":["M","?","M","M","M","R","?","?","T","R","$","R","$","M","R","B"],"character_chosen":"IRONCLAD","items_purchased":["Shrug It Off"],"campfire_rested":0,"item_purchase_floors":[13],"current_hp_per_floor":[72,65,69,70,59,59,59,59,59,59,59,59,59,65,65,0],"gold":115,"neow_bonus":"TEN_PERCENT_HP_BONUS","is_prod":false,"is_daily":false,"chose_seed":false,"campfire_upgraded":4,"win_rate":0,"timestamp":1551738635,"path_taken":["M","?","M","M","M","R","?","?","T","R","?","R","$","?","R","BOSS"],"build_version":"2019-02-06","purchased_purges":0,"victory":false,"max_hp_per_floor":[82,82,82,82,82,82,82,82,82,82,82,82,82,82,82,82],"card_choices":[{"not_picked":["Shrug It Off","Pommel Strike"],"picked":"Shockwave","floor":1.0},{"not_picked":["Havoc","Cleave"],"picked":"Body Slam","floor":3.0},{"not_picked":["Perfected Strike","Sword Boomerang"],"picked":"Whirlwind","floor":4.0},{"not_picked":["Havoc","Warcry"],"picked":"Searing Blow","floor":5.0},{"not_picked":["Anger","Perfected Strike","Immolate"],"picked":"SKIP","floor":14.0}],"player_experience":1030288,"relics_obtained":[{"floor":9.0,"key":"Anchor"}],"event_choices":[{"cards_removed":["Strike_R"],"damage_healed":0.0,"max_hp_gain":0.0,"max_hp_loss":0.0,"gold_gain":0.0,"event_name":"Golden Wing","player_choice":"Card Removal","floor":2.0,"gold_loss":0.0,"damage_taken":7.0},{"damage_healed":0.0,"max_hp_gain":0.0,"max_hp_loss":0.0,"gold_gain":0.0,"event_name":"Big Fish","player_choice":"Box","floor":7.0,"gold_loss":0.0,"damage_taken":0.0,"relics_obtained":["Blue Candle"],"cards_obtained":["Regret"]},{"cards_removed":["Regret"],"damage_healed":0.0,"max_hp_gain":0.0,"max_hp_loss":0.0,"gold_gain":0.0,"event_name":"Living Wall","player_choice":"Forget","floor":8.0,"gold_loss":0.0,"damage_taken":0.0}],"is_beta":true,"boss_relics":[],"items_purged_floors":[],"is_endless":false,"potions_floor_spawned":[3,4,5],"killed_by":"Hexaghost","ascension_level":19}