{"gold_per_floor":[14,14,14,14,28,28,57,57,81,112,126,126,139,166,166,271,271,287,304,49,49,63,96,96,96,176,3,31,31,31,51,51,155,155,171,20,30,30,30,58,58,0,71,106,118,147,204,226,238,250],"floor_reached":51,"playtime":3116,"items_purged":["Sweeping Beam"],"score":952,"play_id":"61074676-40a6-4768-98e4-3762ccebdc44","local_time":"20190726211533","is_ascension_mode":true,"campfire_choices":[{"data":"Auto Shields","floor":6,"key":"SMITH"},{"data":"Defragment","floor":8,"key":"SMITH"},{"data":"Chill","floor":15,"key":"SMITH"},{"floor":25,"key":"REST"},{"data":"Biased Cognition","floor":29,"key":"SMITH"},{"floor":32,"key":"REST"},{"floor":41,"key":"REST"},{"floor":45,"key":"REST"},{"floor":49,"key":"REST"}],"neow_cost":"NO_GOLD","seed_source_timestamp":3189249106819600,"circlet_count":0,"master_deck":["Zap+1","Dualcast+1","Auto Shields+1","Defragment+1","Compile Driver+1","Heatsinks+1","Chill+1","Go for the Eyes+1","Turbo+1","Skim+1","Ball Lightning+1","Biased Cognition+1","Rip and Tear+1","Stack+1","Melter+1","Buffer+1","Go for the Eyes+1","Hologram+1","Capacitor+1","Barrage+1","Heatsinks+1","Hologram+1","Coolheaded+1","Glacier+1","BootSequence+1","Turbo+1","Compile Driver+1","Redo+1"],"relics":["Cracked Core","FossilizedHelix","Turnip","Vajra","Boot","Smiling Mask","Pandora\u0027s Box","Strange Spoon","Orichalcum","Enchiridion","Bottled Flame","PreservedInsect","Thread and Needle","Nuclear Battery","Lantern","Mark of the Bloom","Pear","Potion Belt","Meat on the Bone","MawBank","Pocketwatch"],"potions_floor_usage":[10,10,14,28,33,40,40,44,47,47],"damage_taken":[{"damage":0,"enemies":"2 Louse","floor":1,"turns":3},{"damage":0,"enemies":"Jaw Worm","floor":5,"turns":3},{"damage":21,"enemies":"3 Sentries","floor":7,"turns":8},{"damage":0,"enemies":"Gremlin Nob","floor":10,"turns":4},{"damage":0,"enemies":"Cultist","floor":11,"turns":3},{"damage":0,"enemies":"3 Louse","floor":13,"turns":4},{"damage":5,"enemies":"Lagavulin","floor":14,"turns":5},{"damage":25,"enemies":"The Guardian","floor":16,"turns":10},{"damage":0,"enemies":"Chosen","floor":18,"turns":4},{"damage":0,"enemies":"Spheric Guardian","floor":19,"turns":2},{"damage":0,"enemies":"Snake Plant","floor":22,"turns":4},{"damage":19,"enemies":"Book of Stabbing","floor":23,"turns":5},{"damage":18,"enemies":"Gremlin Leader","floor":28,"turns":3},{"damage":0,"enemies":"Centurion and Healer","floor":31,"turns":4},{"damage":0,"enemies":"Collector","floor":33,"turns":10},{"damage":0,"enemies":"3 Shapes","floor":35,"turns":3},{"damage":0,"enemies":"Orb Walker","floor":37,"turns":4},{"damage":0,"enemies":"Reptomancer","floor":40,"turns":3},{"damage":0,"enemies":"Nemesis","floor":44,"turns":3},{"damage":0,"enemies":"Sphere and 2 Shapes","floor":46,"turns":3},{"damage":0,"enemies":"2 Orb Walkers","floor":47,"turns":4},{"damage":0,"enemies":"Transient","floor":48,"turns":5},{"damage":39,"enemies":"Awakened One","floor":50,"turns":15}],"seed_played":"415733400824933895","potions_obtained":[{"floor":5,"key":"Strength Potion"},{"floor":7,"key":"Block Potion"},{"floor":13,"key":"EssenceOfSteel"},{"floor":18,"key":"Swift Potion"},{"floor":19,"key":"Ancient Potion"},{"floor":31,"key":"Swift Potion"},{"floor":33,"key":"SkillPotion"},{"floor":37,"key":"PowerPotion"},{"floor":40,"key":"Explosive Potion"},{"floor":44,"key":"Swift Potion"}],"is_trial":false,"path_per_floor":["M","?","$","$","M","R","E","R","T","E","M","?","M","E","R","B",null,"M","M","$","?","M","E","?","R","T","$","E","R","$","M","R","B",null,"M","$","M","?","$","E","R","?","T","E","R","M","?","M","R","B",null],"character_chosen":"DEFECT","items_purchased":["Strange Spoon","PreservedInsect","Hologram","Lantern"],"campfire_rested":5,"item_purchase_floors":[20,27,27,36],"current_hp_per_floor":[75,75,75,75,75,75,54,54,54,54,54,54,54,49,49,24,75,75,75,75,61,61,42,26,50,50,50,32,32,32,32,56,56,80,80,80,80,80,80,80,80,80,80,80,80,80,80,80,80,41],"gold":262,"neow_bonus":"ONE_RARE_RELIC","is_prod":false,"is_daily":false,"chose_seed":false,"campfire_upgraded":4,"win_rate":0,"timestamp":1564200933,"path_taken":["M","?","?","$","?","R","E","R","T","E","M","?","M","E","R","BOSS","M","?","$","?","M","E","?","R","T","$","E","R","?","?","R","BOSS","M","$","?","?","$","E","R","?","T","E","R","?","?","M","R","BOSS"],"build_version":"2019-07-17","purchased_purges":1,"victory":true,"max_hp_per_floor":[75,75,75,75,75,75,75,75,75,75,75,75,75,75,75,75,75,75,75,75,80,80,80,80,80,80,80,80,80,80,80,80,80,80,80,80,80,80,80,90,90,90,90,90,90,90,90,90,90,90],"card_choices":[{"not_picked":["Steam","Rebound"],"picked":"Auto Shields","floor":1},{"not_picked":["Streamline","Tempest"],"picked":"Compile Driver","floor":5},{"not_picked":["Force Field","Reprogram"],"picked":"Heatsinks","floor":7},{"not_picked":["Scrape","Conserve Battery"],"picked":"Chill","floor":10},{"not_picked":["Conserve Battery","Coolheaded"],"picked":"Go for the Eyes","floor":11},{"not_picked":["Steam","Coolheaded"],"picked":"Skim","floor":13},{"not_picked":["Multi-Cast","Melter"],"picked":"Ball Lightning","floor":14},{"not_picked":["Electrodynamics","Amplify"],"picked":"Biased Cognition","floor":16},{"not_picked":["Sweeping Beam+1","Static Discharge"],"picked":"Hologram","floor":18},{"not_picked":["Stack","Lockon"],"picked":"Capacitor","floor":19},{"not_picked":["Compile Driver","Fusion"],"picked":"Barrage","floor":22},{"not_picked":["Go for the Eyes","Tempest"],"picked":"Heatsinks","floor":23},{"not_picked":["Streamline","Leap"],"picked":"Coolheaded","floor":28},{"not_picked":["Heatsinks","Leap+1"],"picked":"Glacier","floor":31},{"not_picked":["Redo","Stack+1"],"picked":"BootSequence","floor":35},{"not_picked":["Hologram","Sweeping Beam+1","Rebound+1"],"picked":"SKIP","floor":37},{"not_picked":["Biased Cognition","Buffer"],"picked":"Turbo+1","floor":40},{"not_picked":["Steam Power+1","Hologram"],"picked":"Compile Driver+1","floor":44},{"not_picked":["Stack+1","Coolheaded+1","Compile Driver+1"],"picked":"SKIP","floor":46},{"not_picked":["Leap+1","Sweeping Beam"],"picked":"Redo+1","floor":48}],"player_experience":96527,"relics_obtained":[{"floor":7,"key":"Turnip"},{"floor":9,"key":"Vajra"},{"floor":10,"key":"Boot"},{"floor":14,"key":"Smiling Mask"},{"floor":23,"key":"Orichalcum"},{"floor":24,"key":"Enchiridion"},{"floor":26,"key":"Bottled Flame"},{"floor":28,"key":"Thread and Needle"},{"floor":40,"key":"Pear"},{"floor":43,"key":"Meat on the Bone"},{"floor":44,"key":"MawBank"},{"floor":47,"key":"Pocketwatch"}],"event_choices":[{"damage_healed":0,"gold_gain":0,"cards_transformed":["Strike_B"],"player_choice":"Change","damage_taken":0,"max_hp_gain":0,"max_hp_loss":0,"event_name":"Living Wall","floor":2,"gold_loss":0,"cards_obtained":["Defragment"]},{"damage_healed":0,"gold_gain":0,"cards_transformed":["Strike_B"],"player_choice":"Transformed","damage_taken":0,"max_hp_gain":0,"max_hp_loss":0,"event_name":"Transmorgrifier","floor":12,"gold_loss":0,"cards_obtained":["Turbo"]},{"damage_healed":0,"gold_gain":0,"player_choice":"Shed Blood","damage_taken":19,"max_hp_gain":5,"max_hp_loss":0,"event_name":"Forgotten Altar","floor":21,"gold_loss":0},{"damage_healed":0,"gold_gain":0,"player_choice":"Obtained Book","damage_taken":16,"max_hp_gain":0,"max_hp_loss":0,"event_name":"Cursed Tome","floor":24,"gold_loss":0},{"damage_healed":0,"gold_gain":0,"player_choice":"Upgrade","damage_taken":0,"relics_obtained":["Mark of the Bloom"],"max_hp_gain":0,"max_hp_loss":0,"event_name":"MindBloom","floor":38,"gold_loss":0,"cards_upgraded":["Zap","Dualcast","Compile Driver","Heatsinks","Go for the Eyes","Turbo","Skim","Ball Lightning","Rip and Tear","Stack","Melter","Buffer","Go for the Eyes","Hologram","Capacitor","Barrage","Heatsinks","Hologram","Coolheaded","Glacier","BootSequence"]},{"damage_healed":0,"gold_gain":0,"player_choice":"Paid Gold","damage_taken":0,"relics_obtained":["Potion Belt"],"max_hp_gain":0,"max_hp_loss":0,"event_name":"WeMeetAgain","floor":42,"gold_loss":58},{"damage_healed":0,"gold_gain":0,"player_choice":"Fight","damage_taken":0,"max_hp_gain":0,"max_hp_loss":0,"event_name":"Mysterious Sphere","floor":47,"gold_loss":0}],"is_beta":false,"boss_relics":[{"not_picked":["Tiny House","Busted Crown"],"picked":"Pandora\u0027s Box"},{"not_picked":["Black Star","Runic Dome"],"picked":"Nuclear Battery"}],"items_purged_floors":[20],"is_endless":false,"potions_floor_spawned":[5,7,13,18,19,31,33,37,40,44],"ascension_level":1}