{"gold_per_floor":[110,128,178,49,68,99,99,99,99,145,145,44,44,68,68,158,158,173,196,196,68,118,118],"floor_reached":23,"playtime":801,"items_purged":["Injury"],"score":390,"play_id":"46402545-58b5-4082-b545-f0639a9cf55c","local_time":"20190302133653","is_ascension_mode":true,"campfire_choices":[{"data":"Metallicize","floor":11.0,"key":"SMITH"},{"data":"Clothesline","floor":13.0,"key":"SMITH"},{"floor":15.0,"key":"REST"}],"neow_cost":"NONE","seed_source_timestamp":1443184002171657,"circlet_count":0,"master_deck":["AscendersBane","Defend_R","Defend_R","Defend_R","Defend_R","Bash","Warcry","Thunderclap","Metallicize+1","Intimidate","Headbutt","Spot Weakness","Clothesline+1","Iron Wave","Brutality","Body Slam","Feel No Pain","Bite","Bite","Bite","Bite","Bite"],"special_seed":0,"relics":["Burning Blood","Boot","Ornamental Fan","Golden Idol","Meat on the Bone","Bag of Preparation","Fusion Hammer","Tiny Chest","Art of War"],"potions_floor_usage":[16],"damage_taken":[{"damage":12.0,"enemies":"Jaw Worm","floor":1.0,"turns":3.0},{"damage":8.0,"enemies":"Cultist","floor":2.0,"turns":5.0},{"damage":1.0,"enemies":"Small Slimes","floor":5.0,"turns":4.0},{"damage":27.0,"enemies":"Gremlin Nob","floor":6.0,"turns":4.0},{"damage":4.0,"enemies":"Looter","floor":14.0,"turns":4.0},{"damage":68,"enemies":"Slime Boss","floor":16,"turns":12},{"damage":24,"enemies":"3 Byrds","floor":18,"turns":5},{"damage":23,"enemies":"Spheric Guardian","floor":19,"turns":5},{"damage":57,"enemies":"Book of Stabbing","floor":23,"turns":4}],"seed_played":"-794967442542891976","potions_obtained":[{"floor":2.0,"key":"Poison Potion"},{"floor":14.0,"key":"EssenceOfSteel"}],"is_trial":false,"path_per_floor":["M","M","?","$","M","E","?","?","T","T","R","$","R","M","R","B",null,"M","M","?","$","T","E"],"character_chosen":"IRONCLAD","items_purchased":["Metallicize","Intimidate","Clothesline","Tiny Chest"],"campfire_rested":1,"item_purchase_floors":[4,4,12,21],"current_hp_per_floor":[62,60,53,53,58,37,42,42,42,42,42,42,42,56,80,30,68,50,45,45,45,45,0],"gold":118,"neow_bonus":"RANDOM_COMMON_RELIC","is_prod":false,"is_daily":false,"chose_seed":false,"campfire_upgraded":2,"win_rate":0,"timestamp":1551551813,"path_taken":["M","M","?","?","M","E","?","?","T","?","R","$","R","M","R","BOSS","M","M","?","$","?","E"],"build_version":"2019-02-06","purchased_purges":1,"victory":false,"max_hp_per_floor":[75,75,75,75,75,75,80,80,80,80,80,80,80,80,80,80,80,80,80,56,56,56,56],"card_choices":[{"not_picked":["Wild Strike","Clash"],"picked":"Warcry","floor":1.0},{"not_picked":["Cleave","Sever Soul"],"picked":"Thunderclap","floor":2.0},{"not_picked":["Carnage","Clash"],"picked":"Headbutt","floor":5.0},{"not_picked":["Bloodletting","Battle Trance"],"picked":"Spot Weakness","floor":6.0},{"not_picked":["Warcry","Sword Boomerang"],"picked":"Iron Wave","floor":14.0},{"not_picked":["Immolate","Bludgeon"],"picked":"Brutality","floor":16},{"not_picked":["Clash+1","Warcry"],"picked":"Body Slam","floor":18},{"not_picked":["Rage","Anger"],"picked":"Feel No Pain","floor":19}],"player_experience":1019324,"relics_obtained":[{"floor":6.0,"key":"Ornamental Fan"},{"floor":9.0,"key":"Meat on the Bone"},{"floor":10.0,"key":"Bag of Preparation"},{"floor":22,"key":"Art of War"}],"event_choices":[{"damage_healed":0.0,"max_hp_gain":0.0,"max_hp_loss":0.0,"gold_gain":50.0,"event_name":"FaceTrader","player_choice":"Touch","floor":3.0,"gold_loss":0.0,"damage_taken":7.0},{"damage_healed":0.0,"max_hp_gain":5.0,"max_hp_loss":0.0,"gold_gain":0.0,"event_name":"Big Fish","player_choice":"Donut","floor":7.0,"gold_loss":0.0,"damage_taken":0.0},{"damage_healed":0.0,"max_hp_gain":0.0,"max_hp_loss":0.0,"gold_gain":0.0,"event_name":"Golden Idol","player_choice":"Take Wound","floor":8.0,"gold_loss":0.0,"damage_taken":0.0,"relics_obtained":["Golden Idol"],"cards_obtained":["Injury"]},{"damage_healed":0,"gold_gain":0,"player_choice":"Became a vampire","damage_taken":0,"max_hp_gain":0,"max_hp_loss":24,"event_name":"Vampires","floor":20,"gold_loss":0,"cards_obtained":["Bite","Bite","Bite","Bite","Bite"]}],"is_beta":true,"boss_relics":[{"not_picked":["Cursed Key","Lizard Tail"],"picked":"Fusion Hammer"}],"items_purged_floors":[12],"is_endless":false,"potions_floor_spawned":[2,14],"killed_by":"Book of Stabbing","ascension_level":19}