{"gold_per_floor":[119,66,86,97,247,247,267,278,278,243,243],"floor_reached":11,"playtime":356,"items_purged":[],"score":120,"play_id":"b2af39d1-5491-47f0-912a-9e954d77ddbe","local_time":"20190213162256","is_ascension_mode":true,"campfire_choices":[{"data":"Feel No Pain","floor":6.0,"key":"SMITH"}],"neow_cost":"NONE","seed_source_timestamp":1305631423382301,"circlet_count":0,"master_deck":["AscendersBane","Strike_R","Strike_R","Strike_R","Strike_R","Strike_R","Defend_R","Defend_R","Defend_R","Defend_R","Bash","Entrench","True Grit","Feel No Pain+1","Fire Breathing","Doubt","Body Slam","Headbutt"],"special_seed":0,"relics":["Burning Blood","NeowsBlessing","Peace Pipe"],"potions_floor_usage":[11,11],"damage_taken":[{"damage":0.0,"enemies":"Cultist","floor":1.0,"turns":1.0},{"damage":0.0,"enemies":"Jaw Worm","floor":3.0,"turns":1.0},{"damage":0.0,"enemies":"Small Slimes","floor":4.0,"turns":1.0},{"damage":44,"enemies":"Exordium Wildlife","floor":7,"turns":10},{"damage":17,"enemies":"3 Louse","floor":8,"turns":6},{"damage":50,"enemies":"Lagavulin","floor":11,"turns":6}],"seed_played":"3558307303908991465","potions_obtained":[{"floor":1.0,"key":"Energy Potion"},{"floor":7,"key":"Ancient Potion"}],"is_trial":false,"path_per_floor":["M","$","M","M","?","R","M","M","T","?","E"],"character_chosen":"IRONCLAD","items_purchased":["True Grit"],"campfire_rested":0,"item_purchase_floors":[2],"current_hp_per_floor":[74,74,75,75,75,75,37,26,26,44,0],"gold":243,"neow_bonus":"THREE_ENEMY_KILL","is_prod":false,"is_daily":false,"chose_seed":false,"campfire_upgraded":1,"win_rate":0,"timestamp":1550092976,"path_taken":["M","$","?","M","?","R","M","M","T","?","E"],"build_version":"2019-02-06","purchased_purges":0,"victory":false,"max_hp_per_floor":[75,75,75,75,75,75,75,75,75,75,75],"card_choices":[{"not_picked":["Corruption","Heavy Blade"],"picked":"Entrench","floor":1.0},{"not_picked":["Flex","Shrug It Off"],"picked":"Feel No Pain","floor":3.0},{"not_picked":["Headbutt","Perfected Strike"],"picked":"Fire Breathing","floor":4.0},{"not_picked":["Sword Boomerang","Searing Blow"],"picked":"Body Slam","floor":7},{"not_picked":["Rage","Searing Blow"],"picked":"Headbutt","floor":8}],"player_experience":953941,"relics_obtained":[{"floor":9,"key":"Peace Pipe"}],"event_choices":[{"damage_healed":0.0,"max_hp_gain":0.0,"max_hp_loss":0.0,"gold_gain":150.0,"event_name":"Liars Game","player_choice":"AGREE","floor":5.0,"gold_loss":0.0,"damage_taken":0.0,"cards_obtained":["Doubt"]},{"damage_healed":18,"gold_gain":0,"player_choice":"Healed","damage_taken":0,"max_hp_gain":0,"max_hp_loss":0,"event_name":"The Cleric","floor":10,"gold_loss":35}],"is_beta":true,"boss_relics":[],"items_purged_floors":[],"is_endless":false,"potions_floor_spawned":[1,7],"killed_by":"Lagavulin","ascension_level":17}