{"gold_per_floor":[110,124,140,157,432,432,452,452,452,469,469,469,469],"floor_reached":13,"playtime":348,"items_purged":[],"score":154,"play_id":"368db1d6-4a96-4808-aac2-31d3bd9b8980","local_time":"20190714181220","is_ascension_mode":true,"campfire_choices":[{"data":"Sweeping Beam","floor":6.0,"key":"SMITH"},{"data":"Conserve Battery","floor":8.0,"key":"SMITH"}],"neow_cost":"NONE","seed_source_timestamp":29517075891300,"circlet_count":0,"master_deck":["AscendersBane","Strike_B","Strike_B+1","Strike_B+1","Strike_B","Defend_B","Defend_B","Defend_B","Defend_B","Zap","Dualcast","Sweeping Beam+1","Conserve Battery+1","White Noise","Capacitor","Regret","Compile Driver","White Noise"],"special_seed":0,"relics":["Cracked Core","Kunai","CultistMask"],"potions_floor_usage":[10,13],"damage_taken":[{"damage":7.0,"enemies":"Jaw Worm","floor":1.0,"turns":3.0},{"damage":1.0,"enemies":"Cultist","floor":2.0,"turns":3.0},{"damage":0.0,"enemies":"Small Slimes","floor":3.0,"turns":2.0},{"damage":5.0,"enemies":"Looter","floor":4.0,"turns":3.0},{"damage":19.0,"enemies":"Lots of Slimes","floor":7.0,"turns":4.0},{"damage":4,"enemies":"2 Fungi Beasts","floor":10,"turns":4},{"damage":7,"enemies":"Red Slaver","floor":13,"turns":2}],"seed_played":"-2428531233462768400","potions_obtained":[{"floor":0.0,"key":"Fire Potion"},{"floor":0.0,"key":"AttackPotion"},{"floor":3.0,"key":"Weak Potion"},{"floor":4.0,"key":"EssenceOfSteel"}],"is_trial":false,"path_per_floor":["M","M","M","M","?","R","M","R","T","M","?","?","M"],"character_chosen":"DEFECT","items_purchased":[],"campfire_rested":0,"item_purchase_floors":[],"current_hp_per_floor":[57,56,56,51,51,51,32,32,32,28,7,7,0],"gold":469,"neow_bonus":"THREE_SMALL_POTIONS","is_prod":false,"is_daily":false,"chose_seed":false,"campfire_upgraded":2,"win_rate":0,"timestamp":1563142340,"path_taken":["M","M","M","M","?","R","M","R","T","?","?","?","M"],"build_version":"2019-07-10","purchased_purges":0,"victory":false,"max_hp_per_floor":[71,71,71,71,71,71,71,71,71,71,71,71,71],"card_choices":[{"not_picked":["Double Energy","Scrape"],"picked":"Sweeping Beam","floor":1.0},{"not_picked":["Rebound","Redo"],"picked":"Conserve Battery","floor":2.0},{"not_picked":["Seek","Conserve Battery"],"picked":"White Noise","floor":3.0},{"not_picked":["Tempest","Turbo"],"picked":"Capacitor","floor":4.0},{"not_picked":["Hologram","Streamline"],"picked":"Compile Driver","floor":7.0},{"not_picked":["Force Field","Hologram"],"picked":"White Noise","floor":10}],"player_experience":1090235,"relics_obtained":[{"floor":9.0,"key":"Kunai"}],"event_choices":[{"damage_healed":0.0,"max_hp_gain":0.0,"max_hp_loss":0.0,"gold_gain":275.0,"event_name":"Golden Shrine","player_choice":"Desecrate","floor":5.0,"gold_loss":0.0,"damage_taken":0.0,"cards_obtained":["Regret"]},{"damage_healed":0,"gold_gain":0,"player_choice":"Entered Light","damage_taken":21,"max_hp_gain":0,"max_hp_loss":0,"event_name":"Shining Light","floor":11,"gold_loss":0,"cards_upgraded":["Strike_B","Strike_B"]},{"damage_healed":0,"gold_gain":0,"player_choice":"Trade","damage_taken":0,"relics_obtained":["CultistMask"],"max_hp_gain":0,"max_hp_loss":0,"event_name":"FaceTrader","floor":12,"gold_loss":0}],"is_beta":true,"boss_relics":[],"items_purged_floors":[],"is_endless":false,"potions_floor_spawned":[2,3,4],"killed_by":"Red Slaver","ascension_level":20}