{"gold_per_floor":[119,119,138,138,58,58,76,41,65,94,106,133,75,75,75,180,180,194,294,294,311,331,331,246,246,271,351,367,396,178,178],"floor_reached":31,"playtime":2212,"items_purged":[],"score":251,"play_id":"9b340265-3431-44ec-b394-19f4cda7ecb0","local_time":"20190620065747","is_ascension_mode":false,"campfire_choices":[{"data":"Infinite Blades","floor":6,"key":"SMITH"},{"floor":11,"key":"REST"},{"data":"Noxious Fumes","floor":15,"key":"SMITH"},{"floor":23,"key":"REST"},{"data":"Catalyst","floor":25,"key":"SMITH"}],"neow_cost":"NONE","seed_source_timestamp":328221957008168,"circlet_count":0,"master_deck":["Defend_G","Defend_G","Defend_G+1","Defend_G+1","Defend_G","Strike_G","Strike_G","Strike_G","Strike_G","Strike_G","Survivor","Neutralize+1","Infinite Blades+1","Noxious Fumes+1","Bane+1","Infinite Blades","Backflip","Blur","After Image","Poisoned Stab+1","Catalyst+1","Deep Breath","Bane+1","Deflect","Adrenaline","Caltrops","Noxious Fumes"],"relics":["WristBlade","War Paint","MawBank","Lizard Tail","Unceasing Top","Kunai","Meat on the Bone","Whetstone","Letter Opener","Ornamental Fan","PreservedInsect"],"potions_floor_usage":[16,19,19,28,29],"damage_taken":[{"damage":0,"enemies":"Cultist","floor":1,"turns":5},{"damage":14,"enemies":"2 Louse","floor":3,"turns":4},{"damage":10,"enemies":"Small Slimes","floor":7,"turns":4},{"damage":25,"enemies":"3 Sentries","floor":10,"turns":9},{"damage":7,"enemies":"Exordium Wildlife","floor":12,"turns":4},{"damage":8,"enemies":"The Guardian","floor":16,"turns":11},{"damage":1,"enemies":"Shell Parasite","floor":18,"turns":6},{"damage":29,"enemies":"Colosseum Slavers","floor":19,"turns":4},{"damage":34,"enemies":"Colosseum Nobs","floor":19,"turns":5},{"damage":16,"enemies":"3 Byrds","floor":21,"turns":6},{"damage":18,"enemies":"Snecko","floor":22,"turns":6},{"damage":13,"enemies":"Cultist and Chosen","floor":28,"turns":7},{"damage":25,"enemies":"Gremlin Leader","floor":29,"turns":7},{"damage":22,"enemies":"Slavers","floor":31,"turns":1}],"seed_played":"-2666497483103896621","potions_obtained":[{"floor":7,"key":"Block Potion"},{"floor":10,"key":"EssenceOfSteel"},{"floor":16,"key":"Strength Potion"},{"floor":22,"key":"Strength Potion"},{"floor":28,"key":"FearPotion"}],"is_trial":false,"path_per_floor":["M","$","M","?","$","R","M","?","T","E","R","M","$","?","R","B",null,"M","?","?","M","M","R","?","R","T","T","M","E","$","E"],"character_chosen":"THE_SILENT","items_purchased":["Infinite Blades","Infinite Blades","Noxious Fumes","PreservedInsect"],"campfire_rested":2,"item_purchase_floors":[5,13,30,30],"current_hp_per_floor":[70,70,56,56,56,56,46,63,63,38,59,52,52,52,52,44,70,69,6,6,25,7,28,28,28,28,28,27,14,14,0],"gold":178,"neow_bonus":"BOSS_RELIC","is_prod":false,"is_daily":false,"chose_seed":false,"campfire_upgraded":3,"win_rate":0.0,"timestamp":1561031867,"path_taken":["M","$","?","?","?","R","M","?","T","E","R","M","$","?","R","BOSS","M","?","?","M","?","R","?","R","T","?","M","E","?","E"],"build_version":"2019-01-23","purchased_purges":0,"victory":false,"max_hp_per_floor":[70,70,70,70,70,70,70,70,70,70,70,70,70,70,70,70,70,70,70,70,70,70,70,70,70,70,70,70,70,70,70],"card_choices":[{"not_picked":["Acrobatics","Deflect"],"picked":"Outmaneuver","floor":1},{"not_picked":["Flying Knee","Dagger Throw","Expertise"],"picked":"SKIP","floor":3},{"not_picked":["Prepared","Distraction","PiercingWail"],"picked":"SKIP","floor":7},{"not_picked":["Masterful Stab","Slice"],"picked":"Noxious Fumes","floor":10},{"not_picked":["Flechettes","Masterful Stab"],"picked":"Bane","floor":12},{"not_picked":["Envenom","Burst"],"picked":"After Image","floor":16},{"not_picked":["All Out Attack","Prepared"],"picked":"Poisoned Stab+1","floor":18},{"not_picked":["Flying Knee","Dash"],"picked":"Catalyst","floor":19},{"not_picked":["Masterful Stab","PiercingWail"],"picked":"Bane+1","floor":21},{"not_picked":["Leg Sweep+1","Dash"],"picked":"Deflect","floor":22},{"not_picked":["Dagger Throw","Sucker Punch"],"picked":"Adrenaline","floor":28},{"not_picked":["Choke+1","Slice+1"],"picked":"Caltrops","floor":29}],"player_experience":55354,"relics_obtained":[{"floor":9,"key":"War Paint"},{"floor":10,"key":"MawBank"},{"floor":19,"key":"Unceasing Top"},{"floor":19,"key":"Kunai"},{"floor":26,"key":"Whetstone"},{"floor":27,"key":"Letter Opener"},{"floor":29,"key":"Ornamental Fan"}],"event_choices":[{"cards_removed":["Outmaneuver"],"damage_healed":0,"gold_gain":0,"player_choice":"Purged","damage_taken":0,"max_hp_gain":0,"max_hp_loss":0,"event_name":"Purifier","floor":4,"gold_loss":0},{"damage_healed":17,"gold_gain":0,"player_choice":"Healed","damage_taken":0,"max_hp_gain":0,"max_hp_loss":0,"event_name":"The Cleric","floor":8,"gold_loss":35},{"damage_healed":0,"gold_gain":0,"player_choice":"2 cards matched","damage_taken":0,"max_hp_gain":0,"max_hp_loss":0,"event_name":"Match and Keep!","floor":14,"gold_loss":0,"cards_obtained":["Backflip","Blur"]},{"damage_healed":0,"gold_gain":0,"player_choice":"Fight","damage_taken":0,"max_hp_gain":0,"max_hp_loss":0,"event_name":"Colosseum","floor":19,"gold_loss":0},{"damage_healed":0,"gold_gain":0,"player_choice":"Fought Nobs","damage_taken":0,"max_hp_gain":0,"max_hp_loss":0,"event_name":"Colosseum","floor":19,"gold_loss":0},{"damage_healed":0,"gold_gain":0,"player_choice":"1 cards matched","damage_taken":0,"max_hp_gain":0,"max_hp_loss":0,"event_name":"Match and Keep!","floor":20,"gold_loss":0,"cards_obtained":["Deep Breath"]},{"damage_healed":0,"gold_gain":0,"player_choice":"Obtained Relic","damage_taken":0,"relics_obtained":["Meat on the Bone"],"max_hp_gain":0,"max_hp_loss":0,"event_name":"Addict","floor":24,"gold_loss":85}],"is_beta":false,"boss_relics":[{"not_picked":["Philosopher\u0027s Stone","Coffee Dripper"],"picked":"Lizard Tail"}],"items_purged_floors":[],"is_endless":false,"potions_floor_spawned":[7,10,16,19,22,28],"killed_by":"Slavers","ascension_level":0}