{"gold_per_floor":[112,190,205,205,280,280,280,13,13,13,36,54,54,74,74,74],"floor_reached":16,"playtime":491,"items_purged":[],"score":176,"play_id":"896dfb12-018c-47c1-8495-b2c61fa0336c","local_time":"20190228175124","is_ascension_mode":true,"campfire_choices":[{"data":"Shockwave","floor":6.0,"key":"SMITH"},{"data":"Body Slam","floor":13.0,"key":"SMITH"},{"data":"Armaments","floor":15.0,"key":"SMITH"}],"neow_cost":"NONE","seed_source_timestamp":1285850174453802,"circlet_count":0,"master_deck":["AscendersBane","Strike_R","Strike_R","Strike_R","Strike_R","Defend_R","Defend_R","Defend_R","Defend_R","Bash","Heavy Blade","Shrug It Off","Shockwave+1","Impervious","Flex","Body Slam+1","Armaments+1"],"special_seed":0,"relics":["Burning Blood","Omamori","Golden Idol","Membership Card","Lantern","Self Forming Clay"],"potions_floor_usage":[16,16],"damage_taken":[{"damage":2.0,"enemies":"2 Louse","floor":1.0,"turns":4.0},{"damage":4.0,"enemies":"Small Slimes","floor":3.0,"turns":4.0},{"damage":4.0,"enemies":"Jaw Worm","floor":11.0,"turns":3.0},{"damage":8.0,"enemies":"Lots of Slimes","floor":12.0,"turns":5.0},{"damage":8.0,"enemies":"Large Slime","floor":14.0,"turns":7.0},{"damage":63,"enemies":"Hexaghost","floor":16,"turns":11}],"seed_played":"-46876452464340723","potions_obtained":[{"floor":3.0,"key":"Energy Potion"},{"floor":14.0,"key":"Weak Potion"}],"is_trial":false,"path_per_floor":["M","?","M","?","?","R","?","$","T","T","M","M","R","M","R","B"],"character_chosen":"IRONCLAD","items_purchased":["Membership Card","Impervious"],"campfire_rested":0,"item_purchase_floors":[8,8],"current_hp_per_floor":[72,72,74,74,63,63,63,63,63,63,65,63,63,61,61,0],"gold":74,"neow_bonus":"RANDOM_COMMON_RELIC","is_prod":false,"is_daily":false,"chose_seed":false,"campfire_upgraded":3,"win_rate":0,"timestamp":1551394284,"path_taken":["M","?","M","?","?","R","?","$","T","?","M","M","R","M","R","BOSS"],"build_version":"2019-02-06","purchased_purges":0,"victory":false,"max_hp_per_floor":[75,75,75,75,75,75,75,75,75,75,75,75,75,75,75,75],"card_choices":[{"not_picked":["Wild Strike","Twin Strike"],"picked":"Heavy Blade","floor":1.0},{"not_picked":["Clash","Wild Strike"],"picked":"Shrug It Off","floor":3.0},{"not_picked":["Wild Strike","Clash"],"picked":"Flex","floor":11.0},{"not_picked":["Wild Strike","Sword Boomerang"],"picked":"Body Slam","floor":12.0},{"not_picked":["Seeing Red","Exhume"],"picked":"Armaments","floor":14.0}],"player_experience":1014044,"relics_obtained":[{"floor":9.0,"key":"Lantern"},{"floor":10.0,"key":"Self Forming Clay"}],"event_choices":[{"damage_healed":0.0,"max_hp_gain":0.0,"max_hp_loss":0.0,"gold_gain":78.0,"event_name":"Golden Wing","player_choice":"Gained Gold","floor":2.0,"gold_loss":0.0,"damage_taken":0.0},{"damage_healed":0.0,"max_hp_gain":0.0,"max_hp_loss":0.0,"gold_gain":0.0,"cards_transformed":["Strike_R"],"event_name":"Living Wall","player_choice":"Change","floor":4.0,"gold_loss":0.0,"damage_taken":0.0,"cards_obtained":["Shockwave"]},{"damage_healed":0.0,"max_hp_gain":0.0,"max_hp_loss":0.0,"gold_gain":75.0,"event_name":"World of Goop","player_choice":"Gather Gold","floor":5.0,"gold_loss":0.0,"damage_taken":11.0},{"damage_healed":0.0,"max_hp_gain":0.0,"max_hp_loss":0.0,"gold_gain":0.0,"event_name":"Golden Idol","player_choice":"Take Wound","floor":7.0,"gold_loss":0.0,"damage_taken":0.0,"relics_obtained":["Golden Idol"],"cards_obtained":["Injury"]}],"is_beta":true,"boss_relics":[],"items_purged_floors":[],"is_endless":false,"potions_floor_spawned":[3,14],"killed_by":"Hexaghost","ascension_level":19}