{"gold_per_floor":[11,11,11,29,29,29,29,62,117,131,142,152,164,177,177,280,280,297,42,62,62,72,88,88,38,61,76,90,15,25,40,40,142,142,153,3,3,20,37,37,37,56,83,83,100,111,129,29,29,29,29,29,29,63,63],"floor_reached":55,"playtime":3742,"items_purged":["Bash","Strike_R"],"score":654,"play_id":"18fd6c94-b848-41db-829e-d9097b03c16a","local_time":"20190720105711","is_ascension_mode":false,"campfire_choices":[{"data":"Body Slam","floor":6,"key":"SMITH"},{"floor":15,"key":"REST"},{"data":"Shrug It Off","floor":24,"key":"SMITH"},{"data":"Body Slam","floor":32,"key":"SMITH"},{"floor":40,"key":"RECALL"},{"data":"Juggernaut","floor":49,"key":"SMITH"},{"data":"Shrug It Off","floor":52,"key":"SMITH"}],"neow_cost":"NO_GOLD","seed_source_timestamp":836290340857112,"circlet_count":0,"master_deck":["Strike_R","Defend_R","Defend_R","Defend_R","Evolve","Body Slam+1","Warcry","Metallicize","Shrug It Off+1","Feed","Shrug It Off+1","Juggernaut+1","Body Slam+1","True Grit","Seeing Red","Purity"],"relics":["Burning Blood","Dodecahedron","Vajra","Runic Pyramid","Mercury Hourglass","Blood Vial","Philosopher\u0027s Stone","Oddly Smooth Stone","Bag of Preparation","Art of War","Bronze Scales"],"potions_floor_usage":[55,55],"damage_taken":[{"damage":8,"enemies":"Cultist","floor":1,"turns":5},{"damage":4,"enemies":"Small Slimes","floor":4,"turns":4},{"damage":60,"enemies":"Gremlin Nob","floor":8,"turns":6},{"damage":3,"enemies":"2 Louse","floor":10,"turns":4},{"damage":0,"enemies":"Large Slime","floor":11,"turns":6},{"damage":7,"enemies":"Looter","floor":12,"turns":3},{"damage":0,"enemies":"Red Slaver","floor":13,"turns":4},{"damage":5,"enemies":"2 Fungi Beasts","floor":14,"turns":4},{"damage":27,"enemies":"Slime Boss","floor":16,"turns":16},{"damage":0,"enemies":"Chosen","floor":18,"turns":4},{"damage":25,"enemies":"3 Byrds","floor":20,"turns":4},{"damage":17,"enemies":"Sentry and Sphere","floor":22,"turns":6},{"damage":5,"enemies":"Centurion and Healer","floor":23,"turns":7},{"damage":25,"enemies":"Shelled Parasite and Fungi","floor":27,"turns":6},{"damage":8,"enemies":"3 Cultists","floor":28,"turns":6},{"damage":2,"enemies":"Cultist and Chosen","floor":30,"turns":5},{"damage":0,"enemies":"Snecko","floor":31,"turns":6},{"damage":31,"enemies":"Automaton","floor":33,"turns":9},{"damage":25,"enemies":"3 Darklings","floor":35,"turns":5},{"damage":5,"enemies":"Orb Walker","floor":38,"turns":4},{"damage":14,"enemies":"3 Darklings","floor":39,"turns":5},{"damage":0,"enemies":"Transient","floor":42,"turns":5},{"damage":4,"enemies":"Jaw Worm Horde","floor":45,"turns":4},{"damage":0,"enemies":"Maw","floor":46,"turns":7},{"damage":0,"enemies":"Spire Growth","floor":47,"turns":4},{"damage":79,"enemies":"Time Eater","floor":50,"turns":10},{"damage":31,"enemies":"Shield and Spear","floor":54,"turns":5},{"damage":86,"enemies":"The Heart","floor":55,"turns":3}],"seed_played":"-5919618079890360297","potions_obtained":[{"floor":12,"key":"Weak Potion"},{"floor":13,"key":"Energy Potion"},{"floor":14,"key":"Explosive Potion"},{"floor":23,"key":"Energy Potion"},{"floor":47,"key":"Explosive Potion"}],"is_trial":false,"path_per_floor":["M","T","?","M","?","R","?","E","T","M","M","M","M","M","R","B",null,"M","$","M","?","M","M","R","?","T","M","M","$","M","M","R","B",null,"M","$","?","M","M","R","?","M","T","$","M","M","M","$","R","B",null,"R","$","E","B"],"character_chosen":"IRONCLAD","items_purchased":["Mercury Hourglass","Oddly Smooth Stone"],"campfire_rested":1,"item_purchase_floors":[19,36],"current_hp_per_floor":[78,78,71,73,73,73,73,19,19,22,28,27,33,37,61,43,86,86,86,70,70,59,63,63,63,63,46,49,49,58,69,69,46,101,82,82,82,85,79,79,79,87,87,87,94,102,107,107,107,34,107,107,107,82,0],"gold":63,"neow_bonus":"TRANSFORM_TWO_CARDS","is_prod":false,"is_daily":false,"chose_seed":false,"campfire_upgraded":5,"win_rate":0,"timestamp":1563645431,"path_taken":["M","?","?","M","?","R","?","E","T","M","M","M","M","M","R","BOSS","M","$","M","?","M","M","R","?","T","M","M","$","M","M","R","BOSS","M","$","?","M","M","R","?","?","T","$","M","M","M","$","R","BOSS","R","$","E","BOSS"],"build_version":"2019-07-17","purchased_purges":2,"victory":false,"max_hp_per_floor":[80,80,80,80,80,80,80,80,80,80,80,80,80,83,83,86,86,86,86,89,89,89,92,92,92,92,92,95,95,98,101,101,101,101,101,101,101,101,101,101,101,101,101,101,104,104,107,107,107,107,107,107,107,107,107],"card_choices":[{"not_picked":["Perfected Strike","Anger"],"picked":"Warcry","floor":1},{"not_picked":["Wild Strike","Feel No Pain"],"picked":"Metallicize","floor":4},{"not_picked":["Carnage","Whirlwind","Dropkick"],"picked":"SKIP","floor":8},{"not_picked":["Inflame","Shockwave","Cleave"],"picked":"SKIP","floor":10},{"not_picked":["Spot Weakness","Clash","Thunderclap"],"picked":"SKIP","floor":11},{"not_picked":["Wild Strike","Power Through"],"picked":"Shrug It Off","floor":12},{"not_picked":["Twin Strike","Anger"],"picked":"Feed","floor":13},{"not_picked":["Flex","Iron Wave"],"picked":"Shrug It Off","floor":14},{"not_picked":["Immolate","Bludgeon"],"picked":"Juggernaut","floor":16},{"not_picked":["Anger","Wild Strike"],"picked":"Body Slam","floor":18},{"not_picked":["Blood for Blood","Sword Boomerang","Body Slam"],"picked":"SKIP","floor":20},{"not_picked":["Body Slam+1","Disarm+1","Thunderclap"],"picked":"SKIP","floor":22},{"not_picked":["Wild Strike","Perfected Strike","Fire Breathing+1"],"picked":"SKIP","floor":23},{"not_picked":["Searing Blow+1","Cleave"],"picked":"True Grit","floor":27},{"not_picked":["Disarm","Rupture"],"picked":"Seeing Red","floor":28},{"not_picked":["Ghostly Armor","Whirlwind","Thunderclap"],"picked":"SKIP","floor":30},{"not_picked":["Power Through+1","Uppercut+1","Clash"],"picked":"SKIP","floor":31},{"not_picked":["Armaments","Twin Strike+1","Perfected Strike+1"],"picked":"SKIP","floor":35},{"not_picked":["Enlightenment","Dark Shackles"],"picked":"Purity","floor":37},{"not_picked":["Inflame","Dual Wield","Sentinel+1"],"picked":"SKIP","floor":38},{"not_picked":["Cleave","Havoc","True Grit+1"],"picked":"SKIP","floor":39},{"not_picked":["Flex","Body Slam","Carnage+1"],"picked":"SKIP","floor":42},{"not_picked":["Sword Boomerang","Rupture+1","Iron Wave"],"picked":"SKIP","floor":45},{"not_picked":["Flex+1","Headbutt","Clothesline"],"picked":"SKIP","floor":46},{"not_picked":["Sentinel+1","Warcry","Wild Strike+1"],"picked":"SKIP","floor":47},{"not_picked":["Clash","Combust+1","Thunderclap+1"],"picked":"SKIP","floor":54}],"player_experience":164585,"relics_obtained":[{"floor":8,"key":"Dodecahedron"},{"floor":9,"key":"Vajra"},{"floor":26,"key":"Blood Vial"},{"floor":43,"key":"Art of War"},{"floor":54,"key":"Bronze Scales"}],"event_choices":[{"cards_removed":["Defend_R"],"damage_healed":0,"gold_gain":0,"player_choice":"Card Removal","damage_taken":7,"max_hp_gain":0,"max_hp_loss":0,"event_name":"Golden Wing","floor":3,"gold_loss":0},{"cards_removed":["Strike_R"],"damage_healed":0,"gold_gain":0,"player_choice":"Forget","damage_taken":0,"max_hp_gain":0,"max_hp_loss":0,"event_name":"Living Wall","floor":5,"gold_loss":0},{"damage_healed":0,"gold_gain":0,"player_choice":"Ignored","damage_taken":0,"max_hp_gain":0,"max_hp_loss":0,"event_name":"Liars Game","floor":7,"gold_loss":0},{"damage_healed":0,"gold_gain":0,"player_choice":"Bet on Owner","damage_taken":0,"max_hp_gain":0,"max_hp_loss":0,"event_name":"The Joust","floor":25,"gold_loss":50},{"damage_healed":0,"gold_gain":0,"player_choice":"Memory 1","damage_taken":0,"max_hp_gain":0,"max_hp_loss":0,"event_name":"SensoryStone","floor":37,"gold_loss":0},{"damage_healed":0,"gold_gain":0,"player_choice":"Gave Potion","damage_taken":0,"relics_obtained":["Bag of Preparation"],"max_hp_gain":0,"max_hp_loss":0,"event_name":"WeMeetAgain","floor":41,"gold_loss":0}],"is_beta":false,"boss_relics":[{"not_picked":["Velvet Choker","Cursed Key"],"picked":"Runic Pyramid"},{"not_picked":["Calling Bell","Astrolabe"],"picked":"Philosopher\u0027s Stone"}],"items_purged_floors":[29,48],"is_endless":false,"potions_floor_spawned":[12,13,14,22,23,28,38,39,47],"killed_by":"The Heart","ascension_level":0}