{"gold_per_floor":[119,119,194,194,214,214,252,252,252,267,285,285,303,7,7,106,106,121,121,121,137,157,157,0,0,0,0,34,34,34,53,53,130,130,143,162,182,182,192,192],"floor_reached":40,"playtime":2381,"items_purged":["Pain"],"score":776,"play_id":"7dcc2010-eb0b-4142-a289-7adf8862a8d3","local_time":"20190129105451","is_ascension_mode":true,"campfire_choices":[{"data":"Chaos","floor":6.0,"key":"SMITH"},{"floor":12.0,"key":"REST"},{"floor":15.0,"key":"REST"},{"floor":23.0,"key":"REST"},{"data":"Buffer","floor":27.0,"key":"SMITH"},{"floor":29,"key":"REST"},{"floor":32,"key":"REST"}],"neow_cost":"TEN_PERCENT_HP_LOSS","seed_source_timestamp":218094955021720,"circlet_count":0,"master_deck":["AscendersBane","Strike_B","Strike_B","Strike_B","Strike_B","Defend_B","Defend_B","Defend_B","Defend_B","Zap","Dualcast","Ball Lightning","Injury","Chaos+1","Seek","Glacier","Capacitor","Leap","Coolheaded","Buffer+1","White Noise","Leap+1","Clumsy","Leap+1","Fission","Leap","FTL","Parasite","Thinking Ahead","Madness","Coolheaded"],"special_seed":0,"relics":["Cracked Core","Du-Vu Doll","Bloody Idol","Potion Belt","WarpedTongs","Orichalcum","Cursed Key","Nilry\u0027s Codex","Pear","Ancient Tea Set","Inserter"],"potions_floor_usage":[28,28,28,28,37],"damage_taken":[{"damage":2.0,"enemies":"Jaw Worm","floor":1.0,"turns":4.0},{"damage":3.0,"enemies":"2 Louse","floor":5.0,"turns":3.0},{"damage":32.0,"enemies":"Gremlin Nob","floor":7.0,"turns":4.0},{"damage":3.0,"enemies":"Small Slimes","floor":10.0,"turns":3.0},{"damage":0.0,"enemies":"Gremlin Gang","floor":11.0,"turns":4.0},{"damage":11.0,"enemies":"2 Fungi Beasts","floor":13.0,"turns":3.0},{"damage":31.0,"enemies":"Slime Boss","floor":16.0,"turns":11.0},{"damage":0.0,"enemies":"Spheric Guardian","floor":18.0,"turns":5.0},{"damage":14.0,"enemies":"3 Byrds","floor":21.0,"turns":2.0},{"damage":13.0,"enemies":"Snake Plant","floor":22.0,"turns":6.0},{"damage":35,"enemies":"Slavers","floor":28,"turns":5},{"damage":0,"enemies":"Centurion and Healer","floor":31,"turns":9},{"damage":20,"enemies":"Champ","floor":33,"turns":19},{"damage":15,"enemies":"Orb Walker","floor":35,"turns":7},{"damage":0,"enemies":"3 Shapes","floor":36,"turns":4},{"damage":16,"enemies":"Writhing Mass","floor":37,"turns":13},{"damage":36,"enemies":"Jaw Worm Horde","floor":39,"turns":5},{"damage":71,"enemies":"Giant Head","floor":40,"turns":10}],"seed_played":"3215084004716450407","potions_obtained":[{"floor":10.0,"key":"Explosive Potion"},{"floor":11.0,"key":"LiquidBronze"},{"floor":13.0,"key":"Swift Potion"},{"floor":16.0,"key":"Strength Potion"},{"floor":18.0,"key":"LiquidBronze"},{"floor":21.0,"key":"EssenceOfSteel"},{"floor":33,"key":"Explosive Potion"},{"floor":35,"key":"Regen Potion"},{"floor":36,"key":"Ancient Potion"}],"is_trial":false,"path_per_floor":["M","?","?","?","M","R","E","?","T","M","M","R","M","$","R","B",null,"M","?","?","M","M","R","?","$","T","R","E","R","$","M","R","B",null,"M","M","M","?","M","E"],"character_chosen":"DEFECT","items_purchased":["Regen Potion","LiquidBronze","Coolheaded"],"campfire_rested":5,"item_purchase_floors":[14,14,14],"current_hp_per_floor":[62,62,51,51,48,48,16,16,16,13,13,32,21,21,40,24,54,54,33,33,24,16,35,35,35,45,45,15,37,37,42,64,49,68,58,63,67,57,26,0],"gold":192,"neow_bonus":"ONE_RARE_RELIC","is_prod":false,"is_daily":false,"chose_seed":false,"campfire_upgraded":2,"win_rate":0,"timestamp":1548777291,"path_taken":["M","?","?","?","M","R","E","?","T","M","?","R","M","$","R","BOSS","M","?","?","M","M","R","?","?","T","R","E","R","?","M","R","BOSS","M","M","M","?","M","E"],"build_version":"2019-01-23","purchased_purges":1,"victory":false,"max_hp_per_floor":[64,64,64,64,64,64,64,64,64,64,64,64,64,64,64,64,64,64,64,64,64,64,64,64,64,74,74,74,74,74,74,74,74,74,74,74,74,74,74,74],"card_choices":[{"not_picked":["Conserve Battery","Barrage"],"picked":"Ball Lightning","floor":1.0},{"not_picked":["Sweeping Beam","Leap"],"picked":"Chaos","floor":5.0},{"not_picked":["Barrage","Conserve Battery"],"picked":"Seek","floor":7.0},{"not_picked":["Beam Cell","Gash"],"picked":"Glacier","floor":10.0},{"not_picked":["Sunder","Chill"],"picked":"Capacitor","floor":11.0},{"not_picked":["Hologram","Gash"],"picked":"Leap","floor":13.0},{"not_picked":["Fission","Thunder Strike"],"picked":"Buffer","floor":16.0},{"not_picked":["Compile Driver+1","Streamline"],"picked":"White Noise","floor":18.0},{"not_picked":["Beam Cell","Rebound+1"],"picked":"Leap+1","floor":21.0},{"not_picked":["Redo+1","Gash","Steam Power"],"picked":"SKIP","floor":22.0},{"not_picked":["Darkness","Genetic Algorithm"],"picked":"Leap+1","floor":28},{"not_picked":["Fusion","Leap","Compile Driver"],"picked":"SKIP","floor":31},{"not_picked":["Reboot","Rainbow"],"picked":"Fission","floor":33},{"not_picked":["Steam","Beam Cell"],"picked":"Leap","floor":35},{"not_picked":["Capacitor","BootSequence"],"picked":"FTL","floor":36},{"not_picked":["Auto Shields","Streamline","Undo"],"picked":"SKIP","floor":37},{"not_picked":["Madness","The Bomb"],"picked":"Thinking Ahead","floor":38},{"not_picked":["Jack Of All Trades","Magnetism"],"picked":"Madness","floor":38},{"not_picked":["Hologram","Leap"],"picked":"Coolheaded","floor":39}],"player_experience":897575,"relics_obtained":[{"floor":7.0,"key":"Potion Belt"},{"floor":9.0,"key":"Orichalcum"},{"floor":19.0,"key":"Nilry\u0027s Codex"},{"floor":26.0,"key":"Pear"},{"floor":28,"key":"Ancient Tea Set"}],"event_choices":[{"damage_healed":0.0,"max_hp_gain":0.0,"max_hp_loss":0.0,"gold_gain":0.0,"event_name":"Golden Idol","player_choice":"Take Wound","floor":2.0,"gold_loss":0.0,"damage_taken":0.0,"relics_obtained":["Golden Idol"],"cards_obtained":["Injury"]},{"damage_healed":0.0,"max_hp_gain":0.0,"max_hp_loss":0.0,"gold_gain":75.0,"event_name":"World of Goop","player_choice":"Gather Gold","floor":3.0,"gold_loss":0.0,"damage_taken":11.0},{"damage_healed":0.0,"max_hp_gain":0.0,"max_hp_loss":0.0,"gold_gain":0.0,"event_name":"Golden Wing","player_choice":"Ignored","floor":4.0,"gold_loss":0.0,"damage_taken":0.0},{"damage_healed":0.0,"max_hp_gain":0.0,"max_hp_loss":0.0,"gold_gain":0.0,"event_name":"Accursed Blacksmith","player_choice":"Rummage","floor":8.0,"gold_loss":0.0,"damage_taken":0.0,"relics_obtained":["WarpedTongs"],"cards_obtained":["Pain"]},{"damage_healed":0.0,"max_hp_gain":0.0,"max_hp_loss":0.0,"gold_gain":0.0,"event_name":"Cursed Tome","player_choice":"Obtained Book","floor":19.0,"gold_loss":0.0,"damage_taken":21.0},{"damage_healed":0.0,"max_hp_gain":0.0,"max_hp_loss":0.0,"gold_gain":0.0,"event_name":"Forgotten Altar","player_choice":"Gave Idol","floor":20.0,"relics_lost":["Golden Idol"],"gold_loss":0.0,"damage_taken":0.0,"relics_obtained":["Bloody Idol"]},{"damage_healed":0.0,"max_hp_gain":0.0,"max_hp_loss":0.0,"gold_gain":0.0,"event_name":"Masked Bandits","player_choice":"Paid Fearfully","floor":24.0,"gold_loss":157.0,"damage_taken":0.0},{"damage_healed":0,"gold_gain":0,"player_choice":"Memory 3","damage_taken":10,"max_hp_gain":0,"max_hp_loss":0,"event_name":"SensoryStone","floor":38,"gold_loss":0}],"is_beta":true,"boss_relics":[{"not_picked":["Ectoplasm","Runic Pyramid"],"picked":"Cursed Key"},{"not_picked":["Coffee Dripper","Nuclear Battery"],"picked":"Inserter"}],"items_purged_floors":[14],"is_endless":false,"potions_floor_spawned":[10,11,13,16,18,21,33,35,36],"killed_by":"Giant Head","ascension_level":17}