{"gold_per_floor":[112,112,131,148,161,187,205,205,205,236,236,256,282,300,300,402,402,416,390,141,64,64,64,77,94,119,119,218,250,250],"floor_reached":30,"playtime":4024,"items_purged":[],"score":262,"play_id":"964d4a51-ff5f-4f07-ab6e-b30e0740fb30","local_time":"20180730183726","is_ascension_mode":false,"campfire_choices":[{"data":"Crippling Poison","floor":8.0,"key":"SMITH"},{"data":"Catalyst","floor":11.0,"key":"SMITH"},{"floor":15.0,"key":"REST"},{"data":"Burst","floor":23.0,"key":"SMITH"},{"floor":27.0,"key":"REST"}],"neow_cost":"NONE","seed_source_timestamp":0,"circlet_count":0,"master_deck":["Defend_G","Defend_G","Defend_G","Defend_G","Strike_G","Strike_G","Strike_G","Strike_G","Survivor","Neutralize","Catalyst+1","Endless Agony","Flying Knee","Dagger Spray","Bouncing Flask","Footwork","Crippling Poison+1","Backflip","Poisoned Stab","A Thousand Cuts","Deadly Poison","Burst+1","Catalyst+1","Deflect+1","Outmaneuver","Noxious Fumes","Backstab","Flying Knee","Catalyst"],"special_seed":0,"relics":["Ring of the Snake","Bottled Flame","Pantograph","Ancient Tea Set","Odd Mushroom","Lizard Tail","Snake Skull","Juzu Bracelet","Incense Burner"],"potions_floor_usage":[29],"damage_taken":[{"damage":1.0,"enemies":"Small Slimes","floor":1.0,"turns":5.0},{"damage":4.0,"enemies":"Cultist","floor":3.0,"turns":4.0},{"damage":0.0,"enemies":"2 Louse","floor":4.0,"turns":3.0},{"damage":2.0,"enemies":"Blue Slaver","floor":5.0,"turns":4.0},{"damage":11.0,"enemies":"Lagavulin","floor":6.0,"turns":5.0},{"damage":2.0,"enemies":"3 Louse","floor":7.0,"turns":3.0},{"damage":13.0,"enemies":"Gremlin Nob","floor":10.0,"turns":3.0},{"damage":2.0,"enemies":"Looter","floor":12.0,"turns":2.0},{"damage":21.0,"floor":13.0,"turns":4.0},{"damage":0.0,"enemies":"2 Fungi Beasts","floor":14.0,"turns":4.0},{"damage":18.0,"enemies":"The Guardian","floor":16.0,"turns":7.0},{"damage":10.0,"enemies":"3 Byrds","floor":18.0,"turns":4.0},{"damage":22.0,"enemies":"2 Thieves","floor":19.0,"turns":5.0},{"damage":26.0,"enemies":"Cultist and Chosen","floor":24.0,"turns":8.0},{"damage":0.0,"enemies":"Chosen and Byrds","floor":25.0,"turns":5.0},{"damage":50,"enemies":"Slavers","floor":29,"turns":5},{"damage":22,"enemies":"Snake Plant","floor":30,"turns":4}],"seed_played":"-5443341576435745340","potions_obtained":[{"floor":4.0,"key":"SpeedPotion"},{"floor":6.0,"key":"Ancient Potion"},{"floor":10.0,"key":"SpeedPotion"},{"floor":13.0,"key":"SpeedPotion"},{"floor":16.0,"key":"SpeedPotion"},{"floor":18.0,"key":"Swift Potion"},{"floor":24.0,"key":"Swift Potion"}],"is_trial":false,"path_per_floor":["M","?","M","M","M","E","M","R","T","E","R","M","?","M","R","B",null,"M","M","$","$","?","R","M","M","T","R","?","E"],"character_chosen":"THE_SILENT","items_purchased":["Snake Skull","Outmaneuver","Energy Potion","Noxious Fumes"],"campfire_rested":2,"item_purchase_floors":[20,20,20,21],"current_hp_per_floor":[69,69,65,65,63,52,50,50,50,37,37,35,14,14,35,42,70,60,38,38,38,38,38,12,12,12,33,33,22,0],"gold":250,"neow_bonus":"THREE_CARDS","is_prod":false,"is_daily":false,"chose_seed":false,"campfire_upgraded":3,"win_rate":0.0,"timestamp":1532990246,"path_taken":["M","?","M","M","M","E","M","R","T","E","R","M","?","M","R","BOSS","M","M","?","$","?","R","?","M","T","R","?","E","M"],"build_version":"2018-07-26","purchased_purges":0,"victory":false,"max_hp_per_floor":[70,70,70,70,70,70,70,70,70,70,70,70,70,70,70,70,70,70,70,70,70,70,70,70,70,70,70,70,70,70],"card_choices":[{"not_picked":["Prepared","Flying Knee"],"picked":"Catalyst","floor":0.0},{"not_picked":["Prepared","Footwork"],"picked":"Endless Agony","floor":1.0},{"not_picked":["Sucker Punch","Prepared"],"picked":"Flying Knee","floor":3.0},{"not_picked":["Blade Dance","Dagger Throw"],"picked":"Dagger Spray","floor":4.0},{"not_picked":["Calculated Gamble","Unload"],"picked":"Bouncing Flask","floor":5.0},{"not_picked":["Outmaneuver","Slice"],"picked":"Footwork","floor":6.0},{"not_picked":["Finisher","Masterful Stab"],"picked":"Crippling Poison","floor":7.0},{"not_picked":["Calculated Gamble","Prepared"],"picked":"Backflip","floor":10.0},{"not_picked":["Terror","Dash"],"picked":"Poisoned Stab","floor":12.0},{"not_picked":["Quick Slash","Choke"],"picked":"A Thousand Cuts","floor":13.0},{"not_picked":["Acrobatics","Crippling Poison"],"picked":"Deadly Poison","floor":14.0},{"not_picked":["Tools of the Trade","A Thousand Cuts"],"picked":"Burst","floor":16.0},{"not_picked":["Dagger Spray","Deadly Poison"],"picked":"Catalyst+1","floor":18.0},{"not_picked":["Dagger Spray","Calculated Gamble+1"],"picked":"Deflect+1","floor":19.0},{"not_picked":["Doppelganger","Expertise+1"],"picked":"Backstab","floor":24.0},{"not_picked":["Blur","Quick Slash"],"picked":"Flying Knee","floor":25.0},{"not_picked":["Choke","Slice"],"picked":"Catalyst","floor":29}],"player_experience":155312,"relics_obtained":[{"floor":6.0,"key":"Bottled Flame"},{"floor":9.0,"key":"Pantograph"},{"floor":10.0,"key":"Ancient Tea Set"},{"floor":13.0,"key":"Odd Mushroom"},{"floor":26.0,"key":"Juzu Bracelet"},{"floor":29,"key":"Incense Burner"}],"event_choices":[{"event_name":"Bonfire Elementals","player_choice":"BASIC","floor":2.0,"damage_taken":0.0},{"event_name":"Mushrooms","player_choice":"Fought Mushrooms","floor":13.0,"damage_taken":0.0},{"event_name":"Back to Basics","player_choice":"Elegance","floor":22.0,"damage_taken":0.0},{"event_name":"Nest","player_choice":"Stole From Cult","floor":28.0,"damage_taken":0.0}],"is_beta":false,"boss_relics":[{"not_picked":["Sozu","Busted Crown"],"picked":"Lizard Tail"}],"items_purged_floors":[],"is_endless":false,"potions_floor_spawned":[4,6,10,13,16,18,24],"killed_by":"Snake Plant","ascension_level":0}