{"path_per_floor":["M","?","M","M","M","R","?","M","T","R","?","M","M","M","R","B",null,"M","$","M","?","M","R","?"],"character_chosen":"THE_SILENT","items_purchased":["Omamori","Ancient Tea Set"],"gold_per_floor":[110,110,122,138,150,150,150,167,167,167,167,185,201,211,211,316,346,359,57,67,67,85,85,85,85],"floor_reached":25,"campfire_rested":0,"playtime":2077,"current_hp_per_floor":[70,70,68,67,64,64,64,57,57,57,50,50,49,49,49,13,75,56,56,54,40,10,10,10,0],"items_purged":[],"gold":85,"score":207,"play_id":"49733f4c-0f50-41e8-bac8-3d2c3cc8acd2","local_time":"20180508015806","is_prod":false,"is_daily":false,"chose_seed":false,"is_ascension_mode":true,"campfire_upgraded":4,"timestamp":1525759086,"path_taken":["M","?","?","M","M","R","?","M","T","R","?","?","M","M","R","BOSS","M","$","M","?","M","R","?","M"],"build_version":"2018-05-03","seed_source_timestamp":364391880829204,"purchased_purges":1,"victory":false,"master_deck":["Defend_G","Defend_G","Defend_G","Defend_G","Defend_G","Strike_G","Strike_G","Strike_G","Strike_G","Survivor","Neutralize+1","Deflect","Dodge and Roll+1","Riddle With Holes+1","Expertise","Storm of Steel+1","Dagger Throw","Finisher","Accuracy+1","Venomology","Infinite Blades","Flechettes","Bouncing Flask+1","Cloak And Dagger+1"],"max_hp_per_floor":[70,70,70,70,70,70,70,70,70,70,70,70,70,70,70,70,75,75,75,75,80,80,80,80,80],"relics":["Ring of the Snake","Art of War","Lantern","Tiny House","Omamori","Ancient Tea Set","Pantograph"],"card_choices":[{"not_picked":["Slice","Acrobatics"],"picked":"Deflect","floor":1},{"not_picked":["Sucker Punch","Flying Knee"],"picked":"Dodge and Roll","floor":3},{"not_picked":["Underhanded Strike","Slice"],"picked":"Riddle With Holes","floor":4},{"not_picked":["Leg Sweep","Corpse Explosion"],"picked":"Expertise","floor":5},{"not_picked":["Prepared","Slice"],"picked":"Dagger Throw","floor":8},{"not_picked":["All Out Attack","Slice"],"picked":"Finisher","floor":12},{"not_picked":["Catalyst","Backstab"],"picked":"Accuracy","floor":13},{"not_picked":["A Thousand Cuts","Glass Knife"],"picked":"Venomology","floor":16},{"not_picked":["Quick Slash","Malaise"],"picked":"Infinite Blades","floor":17},{"not_picked":["Sucker Punch","Bane"],"picked":"Flechettes","floor":18},{"not_picked":["Dagger Throw","Expertise"],"picked":"Bouncing Flask","floor":20},{"not_picked":["Bane","Predator"],"picked":"Cloak And Dagger","floor":22}],"player_experience":210677,"potions_floor_usage":[16,16,16,18,22,22,22,25,25],"damage_taken":[{"damage":0,"enemies":"2 Louse","floor":1,"turns":4},{"damage":2,"enemies":"Small Slimes","floor":3,"turns":4},{"damage":1,"enemies":"Cultist","floor":4,"turns":4},{"damage":3,"enemies":"2 Fungi Beasts","floor":5,"turns":5},{"damage":7,"enemies":"3 Louse","floor":8,"turns":4},{"damage":0,"enemies":"Looter","floor":12,"turns":3},{"damage":1,"enemies":"Red Slaver","floor":13,"turns":4},{"damage":0,"enemies":"Exordium Wildlife","floor":14,"turns":5},{"damage":51,"enemies":"Hexaghost","floor":16,"turns":13},{"damage":19,"enemies":"2 Thieves","floor":18,"turns":5},{"damage":2,"enemies":"3 Byrds","floor":20,"turns":6},{"damage":30,"enemies":"Cultist and Chosen","floor":22,"turns":6},{"damage":21,"enemies":"Snecko","floor":25,"turns":3}],"event_choices":[{"event_name":"Golden Wing","player_choice":"Ignored","floor":2,"damage_taken":0},{"event_name":"Living Wall","player_choice":"Change","floor":7,"damage_taken":0},{"event_name":"Scrap Ooze","player_choice":"success","floor":11,"damage_taken":7},{"event_name":"Forgotten Altar","player_choice":"Shed Blood","floor":21,"damage_taken":0},{"event_name":"The Mausoleum","player_choice":"Yes","floor":24,"damage_taken":0}],"boss_relics":[{"not_picked":["Snecko Eye","Eternal Feather"],"picked":"Tiny House"}],"potions_floor_spawned":[3,4,5,22],"seed_played":"2675416563723061026","killed_by":"Snecko","ascension_level":1,"is_trial":false}