{"gold_per_floor":[111,111,126,126,142,142,181,58,58,58,76,76,101,101,101,230,230,243,257,257],"floor_reached":20,"playtime":1297,"items_purged":["Strike_B"],"score":200,"play_id":"dff4d84f-a9ab-4811-8bd9-dbd69df91206","local_time":"20190712120509","is_ascension_mode":true,"campfire_choices":[{"data":"Dualcast","floor":6,"key":"SMITH"},{"floor":10,"key":"REST"},{"floor":15,"key":"REST"}],"neow_cost":"TEN_PERCENT_HP_LOSS","seed_source_timestamp":151627334039976,"circlet_count":0,"master_deck":["Strike_B","Strike_B","Strike_B","Defend_B","Defend_B","Defend_B","Defend_B","Zap","Dualcast+1","Echo Form","Cold Snap","Redo","Darkness","Conserve Battery","Fission","Defragment","All For One","Capacitor"],"relics":["Cracked Core","Golden Idol","Darkstone Periapt","Question Card","Pantograph","Busted Crown"],"potions_floor_usage":[13,16],"damage_taken":[{"damage":2,"enemies":"2 Louse","floor":1,"turns":3},{"damage":8,"enemies":"Jaw Worm","floor":3,"turns":4},{"damage":1,"enemies":"Cultist","floor":5,"turns":3},{"damage":29,"enemies":"3 Sentries","floor":7,"turns":8},{"damage":8,"enemies":"Exordium Wildlife","floor":11,"turns":4},{"damage":14,"enemies":"Large Slime","floor":13,"turns":3},{"damage":21,"enemies":"Hexaghost","floor":16,"turns":8},{"damage":7,"enemies":"Shell Parasite","floor":18,"turns":5},{"damage":5,"enemies":"Spheric Guardian","floor":19,"turns":5},{"damage":59,"enemies":"Cultist and Chosen","floor":20,"turns":5}],"seed_played":"-7446004687885570515","potions_obtained":[{"floor":1,"key":"Strength Potion"},{"floor":11,"key":"PowerPotion"},{"floor":14,"key":"SkillPotion"},{"floor":14,"key":"GamblersBrew"},{"floor":16,"key":"Dexterity Potion"}],"is_trial":false,"path_per_floor":["M","?","M","?","M","R","E","$","T","R","M","?","M","?","R","B",null,"M","M","M"],"character_chosen":"DEFECT","items_purchased":["Conserve Battery"],"campfire_rested":2,"item_purchase_floors":[8],"current_hp_per_floor":[66,66,58,41,40,40,11,11,11,31,23,20,6,6,26,30,68,61,56,0],"gold":257,"neow_bonus":"THREE_RARE_CARDS","is_prod":false,"is_daily":false,"chose_seed":false,"campfire_upgraded":1,"win_rate":0,"timestamp":1562958309,"path_taken":["M","?","M","?","M","R","E","?","T","R","M","?","?","?","R","BOSS","M","M","?"],"build_version":"2019-07-05","purchased_purges":1,"victory":false,"max_hp_per_floor":[68,68,68,68,68,68,68,68,68,68,68,68,68,68,68,68,68,68,68,68],"card_choices":[{"not_picked":["Electrodynamics","Fission"],"picked":"Echo Form","floor":0},{"not_picked":["Chaos","Streamline"],"picked":"Cold Snap","floor":1},{"not_picked":["Chaos","Recycle"],"picked":"Redo","floor":3},{"not_picked":["Barrage","Hologram","Loop"],"picked":"SKIP","floor":5},{"not_picked":["Rebound","Scrape"],"picked":"Darkness","floor":7},{"not_picked":["Sweeping Beam","Rebound","Hello World"],"picked":"Fission","floor":11},{"not_picked":["Turbo","Self Repair","Recycle"],"picked":"Defragment","floor":13},{"not_picked":["Core Surge","Thunder Strike","Rainbow"],"picked":"All For One","floor":16},{"not_picked":["Consume","Turbo+1"],"picked":"SKIP","floor":18},{"not_picked":["Steam"],"picked":"Capacitor","floor":19}],"player_experience":123981,"relics_obtained":[{"floor":7,"key":"Darkstone Periapt"},{"floor":9,"key":"Question Card"}],"event_choices":[{"damage_healed":0,"gold_gain":0,"player_choice":"Ignored","damage_taken":0,"max_hp_gain":0,"max_hp_loss":0,"event_name":"Liars Game","floor":2,"gold_loss":0},{"damage_healed":0,"gold_gain":0,"player_choice":"Take Damage","damage_taken":17,"relics_obtained":["Golden Idol"],"max_hp_gain":0,"max_hp_loss":0,"event_name":"Golden Idol","floor":4,"gold_loss":0},{"damage_healed":0,"gold_gain":0,"player_choice":"Success","damage_taken":3,"relics_obtained":["Pantograph"],"max_hp_gain":0,"max_hp_loss":0,"event_name":"Scrap Ooze","floor":12,"gold_loss":0},{"damage_healed":0,"gold_gain":0,"player_choice":"Got Potions","damage_taken":0,"max_hp_gain":0,"max_hp_loss":0,"event_name":"Lab","floor":14,"gold_loss":0}],"is_beta":false,"boss_relics":[{"not_picked":["Orrery","Inserter"],"picked":"Busted Crown"}],"items_purged_floors":[8],"is_endless":false,"potions_floor_spawned":[1,11,16,19],"killed_by":"Cultist and Chosen","ascension_level":3}