{"gold_per_floor":[218,183,183,199,118,118,182,182,209,225,235,235,262,277,277,277],"floor_reached":16,"playtime":467,"items_purged":[],"score":187,"play_id":"5cd9784e-b319-429b-a41d-3dbc5e75dc3c","local_time":"20190719231712","is_ascension_mode":true,"campfire_choices":[{"data":"Combust","floor":6,"key":"SMITH"},{"data":"Inflame","floor":8,"key":"SMITH"},{"data":"Double Tap","floor":12,"key":"SMITH"},{"floor":15,"key":"REST"}],"neow_cost":"NONE","seed_source_timestamp":86780293310800,"circlet_count":0,"master_deck":["AscendersBane","Strike_R","Strike_R","Strike_R+1","Strike_R","Strike_R","Defend_R","Defend_R","Defend_R","Defend_R+1","Bash","Inflame+1","Thunderclap","Combust+1","Double Tap+1","Cleave","Rupture","Spot Weakness"],"relics":["Burning Blood","Tiny Chest","Pen Nib","Darkstone Periapt"],"potions_floor_usage":[13],"damage_taken":[{"damage":23,"enemies":"Jaw Worm","floor":1,"turns":4},{"damage":2,"enemies":"2 Louse","floor":4,"turns":4},{"damage":22,"enemies":"3 Sentries","floor":7,"turns":5},{"damage":0,"enemies":"Small Slimes","floor":10,"turns":3},{"damage":9,"enemies":"3 Louse","floor":11,"turns":3},{"damage":36,"enemies":"Lagavulin","floor":13,"turns":5},{"damage":0,"enemies":"2 Fungi Beasts","floor":14,"turns":2},{"damage":54,"enemies":"Slime Boss","floor":16,"turns":6}],"seed_played":"3683946180369160267","potions_obtained":[{"floor":1,"key":"SpeedPotion"},{"floor":4,"key":"Poison Potion"},{"floor":14,"key":"Ancient Potion"}],"is_trial":false,"path_per_floor":["M","?","?","M","$","R","E","R","T","M","M","R","E","M","R","B"],"character_chosen":"IRONCLAD","items_purchased":["Combust"],"campfire_rested":1,"item_purchase_floors":[5],"current_hp_per_floor":[51,69,54,58,58,58,42,42,42,48,45,45,15,21,43,0],"gold":277,"neow_bonus":"HUNDRED_GOLD","is_prod":false,"is_daily":false,"chose_seed":false,"campfire_upgraded":3,"win_rate":0,"timestamp":1563592632,"path_taken":["M","?","?","M","$","R","E","R","T","M","M","R","E","M","R","BOSS"],"build_version":"2019-07-17","purchased_purges":0,"victory":false,"max_hp_per_floor":[75,75,75,75,75,75,75,75,75,75,75,75,75,75,75,75],"card_choices":[{"not_picked":["Intimidate","Fire Breathing"],"picked":"Inflame","floor":1},{"not_picked":["Shrug It Off","Havoc"],"picked":"Thunderclap","floor":4},{"not_picked":["Evolve","Bloodletting","Reckless Charge"],"picked":"SKIP","floor":7},{"not_picked":["Thunderclap","Cleave"],"picked":"Double Tap","floor":10},{"not_picked":["Flex","Havoc"],"picked":"Cleave","floor":11},{"not_picked":["Body Slam","Armaments"],"picked":"Rupture","floor":13},{"not_picked":["Thunderclap","Bloodletting"],"picked":"Spot Weakness","floor":14}],"player_experience":664210,"relics_obtained":[{"floor":7,"key":"Tiny Chest"},{"floor":9,"key":"Pen Nib"},{"floor":13,"key":"Darkstone Periapt"}],"event_choices":[{"damage_healed":18,"gold_gain":0,"player_choice":"Healed","damage_taken":0,"max_hp_gain":0,"max_hp_loss":0,"event_name":"The Cleric","floor":2,"gold_loss":35},{"damage_healed":0,"gold_gain":0,"player_choice":"Entered Light","damage_taken":15,"max_hp_gain":0,"max_hp_loss":0,"event_name":"Shining Light","floor":3,"gold_loss":0,"cards_upgraded":["Strike_R","Defend_R"]}],"is_beta":false,"boss_relics":[],"items_purged_floors":[],"is_endless":false,"potions_floor_spawned":[1,4,14],"killed_by":"Slime Boss","ascension_level":14}