{"gold_per_floor":[359,359,359,359,384,384,419,419,419,434,61,102,125,125,125,248,311,325,240,240,255,280,280,320,320,396,396,431,446,490,0,0,120,120,144,144,144,144,44,77,77,120,132,144,170,404,459,490,502,514],"floor_reached":51,"playtime":3314,"items_purged":["Strike_G","Strike_G"],"score":829,"play_id":"bd815861-ecc0-485d-a3c4-2a37874b5d57","local_time":"20190726003137","is_ascension_mode":true,"campfire_choices":[{"data":"Neutralize","floor":6,"key":"SMITH"},{"floor":8,"key":"REST"},{"data":"Backflip","floor":15,"key":"SMITH"},{"data":"Adrenaline","floor":23,"key":"SMITH"},{"floor":25,"key":"REST"},{"floor":27,"key":"REST"},{"data":"Apotheosis","floor":32,"key":"SMITH"},{"data":"Transmutation","floor":41,"key":"SMITH"},{"data":"Bandage Up","floor":44,"key":"SMITH"},{"floor":49,"key":"REST"}],"neow_cost":"PERCENT_DAMAGE","seed_source_timestamp":3114425200900500,"circlet_count":0,"master_deck":["Strike_G","Defend_G","Defend_G","Defend_G+1","Defend_G","Defend_G","Survivor","Neutralize+1","Flying Knee+1","Dash","Poisoned Stab","Catalyst","Bouncing Flask","Backflip+1","Adrenaline+1","Poisoned Stab","Blur+1","Bane","Dodge and Roll+1","Dash","After Image+1","Crippling Poison","Deflect","Apotheosis+1","PiercingWail+1","Envenom+1","Bandage Up+1","Transmutation+1","Panacea","Deadly Poison+1"],"relics":["Ring of the Serpent","Golden Idol","Odd Mushroom","Kunai","Centennial Puzzle","Happy Flower","Strawberry","Tiny House","Frozen Egg 2","Gremlin Horn","Ornamental Fan","Juzu Bracelet","Red Mask","Question Card","Matryoshka","MawBank","Art of War","Potion Belt","Snake Skull"],"potions_floor_usage":[12,16,24,28,28,30,33,40,47,50,50],"damage_taken":[{"damage":5,"enemies":"Small Slimes","floor":1,"turns":5},{"damage":0,"enemies":"Jaw Worm","floor":5,"turns":3},{"damage":18,"enemies":"The Mushroom Lair","floor":7,"turns":4},{"damage":0,"enemies":"Cultist","floor":10,"turns":3},{"damage":11,"enemies":"Gremlin Nob","floor":12,"turns":4},{"damage":2,"enemies":"3 Louse","floor":13,"turns":2},{"damage":22,"enemies":"Hexaghost","floor":16,"turns":8},{"damage":3,"enemies":"Shell Parasite","floor":18,"turns":5},{"damage":9,"enemies":"2 Thieves","floor":21,"turns":5},{"damage":37,"enemies":"3 Cultists","floor":22,"turns":9},{"damage":12,"enemies":"Slavers","floor":24,"turns":6},{"damage":14,"enemies":"Gremlin Leader","floor":28,"turns":6},{"damage":5,"enemies":"Snake Plant","floor":29,"turns":3},{"damage":2,"enemies":"Masked Bandits","floor":30,"turns":5},{"damage":15,"enemies":"Champ","floor":33,"turns":15},{"damage":6,"enemies":"Orb Walker","floor":35,"turns":4},{"damage":9,"enemies":"Giant Head","floor":40,"turns":7},{"damage":8,"enemies":"Nemesis","floor":42,"turns":9},{"damage":0,"enemies":"3 Shapes","floor":45,"turns":6},{"damage":2,"enemies":"Giant Head","floor":47,"turns":11},{"damage":20,"enemies":"Jaw Worm Horde","floor":48,"turns":7},{"damage":23,"enemies":"Time Eater","floor":50,"turns":14}],"seed_played":"-510772237632315027","potions_obtained":[{"floor":7,"key":"Regen Potion"},{"floor":12,"key":"SkillPotion"},{"floor":16,"key":"Swift Potion"},{"floor":17,"key":"LiquidBronze"},{"floor":24,"key":"PowerPotion"},{"floor":28,"key":"Poison Potion"},{"floor":30,"key":"Dexterity Potion"},{"floor":33,"key":"Swift Potion"},{"floor":40,"key":"Dexterity Potion"},{"floor":42,"key":"SpeedPotion"},{"floor":45,"key":"Strength Potion"}],"is_trial":false,"path_per_floor":["M","?","?","?","M","R","?","R","T","M","$","E","M","?","R","B",null,"M","?","?","M","M","R","E","R","T","R","E","M","?","$","R","B",null,"M","?","?","?","$","E","R","E","T","R","M","?","E","M","R","B",null],"character_chosen":"THE_SILENT","items_purchased":["Centennial Puzzle","Happy Flower","Question Card","Apotheosis","PiercingWail"],"campfire_rested":4,"item_purchase_floors":[11,11,31,31,31],"current_hp_per_floor":[44,27,50,50,50,50,32,53,53,53,53,61,59,52,52,30,82,79,79,79,70,33,33,21,45,45,69,55,50,48,48,48,33,82,76,76,66,66,66,63,63,61,61,61,67,67,71,57,81,64],"gold":526,"neow_bonus":"TWO_FIFTY_GOLD","is_prod":false,"is_daily":false,"chose_seed":false,"campfire_upgraded":6,"win_rate":0,"timestamp":1564126297,"path_taken":["M","?","?","?","?","R","?","R","T","M","$","E","M","?","R","BOSS","M","?","?","M","M","R","E","R","T","R","E","M","?","$","R","BOSS","M","?","?","?","?","E","R","E","T","R","M","?","E","M","R","BOSS"],"build_version":"2019-07-17","purchased_purges":2,"victory":true,"max_hp_per_floor":[70,70,70,70,70,70,70,70,70,70,70,77,77,77,77,77,82,82,82,82,82,82,82,82,82,82,82,82,82,82,82,82,82,82,82,82,82,82,82,82,82,82,82,82,82,82,82,82,82,82],"card_choices":[{"not_picked":["Deflect","Outmaneuver"],"picked":"Flying Knee","floor":1},{"not_picked":["Caltrops","Escape Plan"],"picked":"Dash","floor":5},{"not_picked":["Die Die Die","Blade Dance"],"picked":"Poisoned Stab","floor":7},{"not_picked":["Underhanded Strike","Bane"],"picked":"Catalyst","floor":10},{"not_picked":["Expertise","Well Laid Plans"],"picked":"Bouncing Flask","floor":12},{"not_picked":["Escape Plan","Footwork"],"picked":"Backflip","floor":13},{"not_picked":["Wraith Form v2","Die Die Die"],"picked":"Adrenaline","floor":16},{"not_picked":["Reflex","Bouncing Flask"],"picked":"Poisoned Stab","floor":17},{"not_picked":["Bane+1","Prepared"],"picked":"Blur+1","floor":18},{"not_picked":["Backstab","Dagger Throw+1"],"picked":"Bane","floor":21},{"not_picked":["Dagger Throw","Dagger Spray"],"picked":"Dodge and Roll+1","floor":22},{"not_picked":["Dagger Throw+1","Masterful Stab+1"],"picked":"Dash","floor":24},{"not_picked":["Well Laid Plans+1","Noxious Fumes+1"],"picked":"After Image+1","floor":28},{"not_picked":["Blade Dance","Backstab+1"],"picked":"Crippling Poison","floor":29},{"not_picked":["Bane","Quick Slash"],"picked":"Deflect","floor":30},{"not_picked":["Adrenaline","Bullet Time","A Thousand Cuts+1"],"picked":"Envenom+1","floor":33},{"not_picked":["Dagger Spray+1","Acrobatics","Skewer+1","Quick Slash+1"],"picked":"SKIP","floor":35},{"not_picked":["Forethought","Blind","Flash of Steel"],"picked":"Bandage Up","floor":37},{"not_picked":["Jack Of All Trades","Enlightenment","Good Instincts"],"picked":"Transmutation","floor":37},{"not_picked":["Bandage Up","Deep Breath","Discovery"],"picked":"Panacea","floor":37},{"not_picked":["Dagger Spray","Caltrops+1","Masterful Stab+1","Infinite Blades+1"],"picked":"SKIP","floor":40},{"not_picked":["Skewer+1","Tactician","Prepared+1","Distraction"],"picked":"SKIP","floor":42},{"not_picked":["Underhanded Strike+1","Flying Knee","PiercingWail+1","Well Laid Plans+1"],"picked":"SKIP","floor":45},{"not_picked":["Sucker Punch","Crippling Poison","Backflip+1"],"picked":"Deadly Poison+1","floor":47},{"not_picked":["Poisoned Stab","Blade Dance","Backstab+1","Prepared"],"picked":"SKIP","floor":48}],"player_experience":93213,"relics_obtained":[{"floor":7,"key":"Odd Mushroom"},{"floor":9,"key":"Kunai"},{"floor":12,"key":"Strawberry"},{"floor":24,"key":"Gremlin Horn"},{"floor":26,"key":"Ornamental Fan"},{"floor":28,"key":"Juzu Bracelet"},{"floor":30,"key":"Red Mask"},{"floor":40,"key":"Matryoshka"},{"floor":42,"key":"MawBank"},{"floor":43,"key":"Art of War"},{"floor":43,"key":"Potion Belt"},{"floor":47,"key":"Snake Skull"}],"event_choices":[{"damage_healed":0,"gold_gain":0,"player_choice":"Take Damage","damage_taken":17,"relics_obtained":["Golden Idol"],"max_hp_gain":0,"max_hp_loss":0,"event_name":"Golden Idol","floor":2,"gold_loss":0},{"damage_healed":23,"gold_gain":0,"player_choice":"Banana","damage_taken":0,"max_hp_gain":0,"max_hp_loss":0,"event_name":"Big Fish","floor":3,"gold_loss":0},{"damage_healed":0,"gold_gain":0,"player_choice":"Upgraded","damage_taken":0,"max_hp_gain":0,"max_hp_loss":0,"event_name":"Upgrade Shrine","floor":4,"gold_loss":0,"cards_upgraded":["Flying Knee"]},{"damage_healed":0,"gold_gain":0,"player_choice":"Fought Mushrooms","damage_taken":0,"max_hp_gain":0,"max_hp_loss":0,"event_name":"Mushrooms","floor":7,"gold_loss":0},{"cards_removed":["Strike_G"],"damage_healed":0,"gold_gain":0,"player_choice":"Card Removal","damage_taken":7,"max_hp_gain":0,"max_hp_loss":0,"event_name":"Golden Wing","floor":14,"gold_loss":0},{"damage_healed":0,"gold_gain":0,"player_choice":"Obtained Relic","damage_taken":0,"relics_obtained":["Frozen Egg 2"],"max_hp_gain":0,"max_hp_loss":0,"event_name":"Addict","floor":19,"gold_loss":85},{"damage_healed":0,"gold_gain":0,"player_choice":"Ignored","damage_taken":0,"max_hp_gain":0,"max_hp_loss":0,"event_name":"Vampires","floor":20,"gold_loss":0},{"damage_healed":0,"gold_gain":0,"player_choice":"Fought Bandits","damage_taken":0,"max_hp_gain":0,"max_hp_loss":0,"event_name":"Masked Bandits","floor":30,"gold_loss":0},{"damage_healed":0,"gold_gain":0,"player_choice":"Forge","damage_taken":0,"max_hp_gain":0,"max_hp_loss":0,"event_name":"Accursed Blacksmith","floor":36,"gold_loss":0,"cards_upgraded":["PiercingWail"]},{"damage_healed":0,"gold_gain":0,"player_choice":"Memory 3","damage_taken":10,"max_hp_gain":0,"max_hp_loss":0,"event_name":"SensoryStone","floor":37,"gold_loss":0},{"cards_removed":["Strike_G"],"damage_healed":0,"gold_gain":0,"player_choice":"Purged","damage_taken":0,"max_hp_gain":0,"max_hp_loss":0,"event_name":"Purifier","floor":38,"gold_loss":0},{"damage_healed":0,"gold_gain":222,"player_choice":"Wore Mask","damage_taken":0,"max_hp_gain":0,"max_hp_loss":0,"event_name":"Tomb of Lord Red Mask","floor":46,"gold_loss":0}],"is_beta":false,"boss_relics":[{"not_picked":["Eternal Feather","Cursed Key"],"picked":"Tiny House"},{"not_picked":["Philosopher\u0027s Stone","Runic Dome"],"picked":"Ring of the Serpent"}],"items_purged_floors":[11,39],"is_endless":false,"potions_floor_spawned":[7,12,16,24,28,30,33,40,42,45],"ascension_level":1}