{"gold_per_floor":[115,128,141,141,155,187,187,222,222,242,288,288,314,331,331,429,429,442,462,462],"floor_reached":20,"playtime":1524,"items_purged":[],"score":271,"play_id":"18981034-0bed-4a83-ac5b-b5108e280d3e","local_time":"20190528183316","is_ascension_mode":true,"campfire_choices":[{"floor":7,"key":"REST"},{"floor":12,"key":"REST"},{"floor":15,"key":"REST"}],"neow_cost":"NONE","seed_source_timestamp":1862310804830,"circlet_count":0,"master_deck":["Defend_G","Defend_G","Defend_G","Defend_G+1","Defend_G","Strike_G","Strike_G","Strike_G","Strike_G","Strike_G","Survivor","Neutralize","Quick Slash","Dagger Throw","Predator","Masterful Stab","Distraction+1","PiercingWail","Deadly Poison","Deadly Poison","Doppelganger","Endless Agony","Terror+1"],"relics":["Sozu","Orichalcum","Blue Candle","Blood Vial","War Paint","Eternal Feather"],"potions_floor_usage":[],"damage_taken":[{"damage":0,"enemies":"Cultist","floor":1,"turns":4},{"damage":0,"enemies":"Small Slimes","floor":2,"turns":3},{"damage":6,"enemies":"2 Louse","floor":3,"turns":2},{"damage":3,"enemies":"Looter","floor":5,"turns":3},{"damage":39,"enemies":"Lagavulin","floor":6,"turns":8},{"damage":14,"enemies":"Gremlin Nob","floor":8,"turns":4},{"damage":3,"enemies":"Blue Slaver","floor":10,"turns":3},{"damage":12,"enemies":"Lagavulin","floor":13,"turns":6},{"damage":0,"enemies":"2 Fungi Beasts","floor":14,"turns":2},{"damage":0,"enemies":"Slime Boss","floor":16,"turns":6},{"damage":1,"enemies":"3 Byrds","floor":18,"turns":5},{"damage":37,"enemies":"2 Thieves","floor":19,"turns":4},{"damage":36,"enemies":"Masked Bandits","floor":20,"turns":4}],"seed_played":"1990518425851464982","potions_obtained":[],"is_trial":false,"path_per_floor":["M","M","M","$","M","E","R","E","T","M","T","R","E","M","R","B",null,"M","M","?"],"character_chosen":"THE_SILENT","items_purchased":[],"campfire_rested":3,"item_purchase_floors":[],"current_hp_per_floor":[70,70,64,64,61,22,43,29,29,26,26,47,37,39,60,62,70,69,33,0],"gold":462,"neow_bonus":"BOSS_RELIC","is_prod":false,"is_daily":false,"chose_seed":false,"campfire_upgraded":0,"win_rate":0,"timestamp":1559082796,"path_taken":["M","M","M","?","?","E","R","E","T","M","?","R","E","M","R","BOSS","M","M","?"],"build_version":"2019-01-23","purchased_purges":0,"victory":false,"max_hp_per_floor":[70,70,70,70,70,70,70,70,70,70,70,70,70,70,70,70,70,70,70,70],"card_choices":[{"not_picked":["Tactician","Eviscerate"],"picked":"Quick Slash","floor":1},{"not_picked":["Deflect","Tactician"],"picked":"Dagger Throw","floor":2},{"not_picked":["Dagger Throw","Prepared"],"picked":"Predator","floor":3},{"not_picked":["Slice","Endless Agony"],"picked":"Masterful Stab","floor":5},{"not_picked":["Storm of Steel","Dodge and Roll"],"picked":"Distraction","floor":6},{"not_picked":["Underhanded Strike","Reflex"],"picked":"PiercingWail","floor":8},{"not_picked":["Bane","Flechettes"],"picked":"Deadly Poison","floor":10},{"not_picked":["PiercingWail","Underhanded Strike","Deflect"],"picked":"SKIP","floor":13},{"not_picked":["Bane","Phantasmal Killer"],"picked":"Deadly Poison","floor":14},{"not_picked":["Unload","Bullet Time"],"picked":"Doppelganger","floor":16},{"not_picked":["Underhanded Strike","Cloak And Dagger"],"picked":"Endless Agony","floor":18},{"not_picked":["Escape Plan+1","Bane"],"picked":"Terror+1","floor":19}],"player_experience":396493,"relics_obtained":[{"floor":6,"key":"Orichalcum"},{"floor":8,"key":"Blue Candle"},{"floor":11,"key":"Blood Vial"},{"floor":13,"key":"War Paint"}],"event_choices":[{"damage_healed":0,"gold_gain":0,"player_choice":"Fought Bandits","damage_taken":0,"max_hp_gain":0,"max_hp_loss":0,"event_name":"Masked Bandits","floor":20,"gold_loss":0}],"is_beta":false,"boss_relics":[{"not_picked":["Snecko Eye","Cursed Key"],"picked":"Eternal Feather"}],"items_purged_floors":[],"is_endless":false,"potions_floor_spawned":[1,3,10,16],"killed_by":"Masked Bandits","ascension_level":2}