{"gold_per_floor":[119,119,194,254,266,300,16,49,49,67,84,102,102,120,120,215,215,232,251,30,30,30,30,30,41,41,41,41],"floor_reached":28,"playtime":2864,"items_purged":[],"score":228,"play_id":"c99bbc35-92e4-4630-b4ab-e2b246786d76","local_time":"20180629183044","is_ascension_mode":false,"campfire_choices":[{"floor":13.0,"key":"REST"},{"data":"Magnetism","floor":15.0,"key":"SMITH"},{"data":"Impervious","floor":24,"key":"SMITH"},{"data":"Seeing Red","floor":27,"key":"SMITH"}],"neow_cost":"","seed_source_timestamp":0,"circlet_count":0,"master_deck":["Strike_R","Strike_R","Strike_R","Strike_R+1","Defend_R+1","Defend_R","Defend_R","Bash","Searing Blow","Infernal Blade","Anger","Magnetism+1","Sentinel","Seeing Red+1","Flame Barrier","Iron Wave","Impervious+1","Hemokinesis+1","Havoc+1","Body Slam+1","Thunderclap","Intimidate","Clash","Iron Wave"],"special_seed":0,"relics":["Burning Blood","Self Forming Clay","Bottled Lightning","Regal Pillow","Astrolabe","Membership Card","Pantograph"],"potions_floor_usage":[25],"damage_taken":[{"damage":5.0,"enemies":"Jaw Worm","floor":1.0,"turns":5.0},{"damage":0.0,"enemies":"2 Louse","floor":5.0,"turns":2.0},{"damage":20.0,"enemies":"3 Sentries","floor":6.0,"turns":10.0},{"damage":31.0,"enemies":"Gremlin Nob","floor":8.0,"turns":5.0},{"damage":0.0,"enemies":"Small Slimes","floor":10.0,"turns":3.0},{"damage":8.0,"enemies":"Exordium Wildlife","floor":11.0,"turns":3.0},{"damage":5.0,"enemies":"Looter","floor":12.0,"turns":3.0},{"damage":15.0,"enemies":"Lots of Slimes","floor":14.0,"turns":5.0},{"damage":53.0,"enemies":"Hexaghost","floor":16.0,"turns":10.0},{"damage":24.0,"enemies":"3 Byrds","floor":18.0,"turns":7.0},{"damage":20.0,"enemies":"Shell Parasite","floor":19.0,"turns":6.0},{"damage":28,"enemies":"Centurion and Healer","floor":25,"turns":6},{"damage":62,"enemies":"Book of Stabbing","floor":28,"turns":6}],"seed_played":"-4075955766909103765","potions_obtained":[{"floor":5.0,"key":"AttackPotion"},{"floor":14.0,"key":"Strength Potion"},{"floor":16.0,"key":"AttackPotion"},{"floor":25,"key":"Energy Potion"}],"is_trial":false,"path_per_floor":["M","?","?","?","M","E","$","E","T","M","M","M","R","M","R","B",null,"M","M","$","?","$","?","R","M","T","R"],"character_chosen":"IRONCLAD","items_purchased":["Magnetism","Sentinel","Membership Card","Clash"],"campfire_rested":1,"item_purchase_floors":[],"current_hp_per_floor":[80,64,53,53,59,45,45,20,20,26,24,25,64,55,55,8,80,62,48,48,80,80,80,80,58,58,58,0],"gold":41,"neow_bonus":"","is_prod":false,"is_daily":false,"chose_seed":false,"campfire_upgraded":3,"win_rate":0.0,"timestamp":1530311444,"path_taken":["M","?","?","?","M","E","$","E","T","?","M","M","R","M","R","BOSS","M","M","$","M","$","?","R","M","T","R","E"],"build_version":"2018-06-28","purchased_purges":0,"victory":false,"max_hp_per_floor":[80,80,80,80,80,80,80,80,80,80,80,80,80,80,80,80,80,80,80,80,80,80,80,80,80,80,80,80],"card_choices":[{"not_picked":["Headbutt","Iron Wave"],"picked":"Searing Blow","floor":1.0},{"not_picked":["Body Slam","Pommel Strike"],"picked":"Infernal Blade","floor":5.0},{"not_picked":["Iron Wave","Evolve"],"picked":"Anger","floor":6.0},{"not_picked":["Body Slam","Sentinel"],"picked":"Seeing Red","floor":8.0},{"not_picked":["Entrench","Body Slam"],"picked":"Carnage","floor":10.0},{"not_picked":["Flex","Battle Trance"],"picked":"Flame Barrier","floor":11.0},{"not_picked":["Body Slam","Wild Strike"],"picked":"Iron Wave","floor":12.0},{"not_picked":["Sentinel","Armaments"],"picked":"Corruption","floor":14.0},{"not_picked":["Berserk","Immolate"],"picked":"Impervious","floor":16.0},{"not_picked":["Body Slam","Feel No Pain"],"picked":"Thunderclap","floor":18.0},{"not_picked":["Reckless Charge+1","Armaments+1"],"picked":"Intimidate","floor":19.0},{"not_picked":["Corruption","Body Slam"],"picked":"Iron Wave","floor":25}],"player_experience":72040,"relics_obtained":[{"floor":6.0,"key":"Self Forming Clay"},{"floor":8.0,"key":"Bottled Lightning"},{"floor":9.0,"key":"Regal Pillow"},{"floor":26,"key":"Pantograph"}],"event_choices":[{"event_name":"Shining Light","player_choice":"Entered Light","floor":2.0,"damage_taken":0.0},{"event_name":"World of Goop","player_choice":"Gather Gold","floor":3.0,"damage_taken":0.0},{"event_name":"Golden Wing","player_choice":"Gained Gold","floor":4.0,"damage_taken":0.0},{"event_name":"Bonfire Elementals","player_choice":"UNCOMMON","floor":21,"damage_taken":0},{"event_name":"Beggar","player_choice":"Ignored","floor":23,"damage_taken":0}],"boss_relics":[{"not_picked":["Runic Pyramid","Snecko Eye"],"picked":"Astrolabe"}],"items_purged_floors":[],"is_endless":false,"potions_floor_spawned":[5,6,14,16,25],"killed_by":"Book of Stabbing","ascension_level":0}