{"gold_per_floor":[126,138,300,272,295,307,332,344,405,417,354,391,430,452,464,555,567,595,787,56,16],"floor_reached":21,"playtime":664,"items_purged":["Strike_R"],"score":341,"play_id":"6a97187d-53ea-4d7d-b91b-cb55381a5c78","local_time":"20190304124901","is_ascension_mode":true,"campfire_choices":[{"data":"Flame Barrier","floor":6.0,"key":"SMITH"},{"data":"Spot Weakness","floor":8.0,"key":"SMITH"},{"data":"Body Slam","floor":10.0,"key":"SMITH"},{"data":"True Grit","floor":15.0,"key":"SMITH"}],"neow_cost":"NONE","seed_source_timestamp":5770730389761,"circlet_count":0,"master_deck":["AscendersBane","Defend_R+1","Defend_R+1","Defend_R","Defend_R","Bash","Flame Barrier+1","Body Slam+1","Spot Weakness+1","Offering","True Grit+1","Spot Weakness","Fiend Fire","Infernal Blade+1","Evolve+1","Corruption+1","Shockwave"],"special_seed":0,"relics":["Burning Blood","MawBank","Strawberry","War Paint","Art of War","Astrolabe","Dream Catcher","Shuriken","ClockworkSouvenir"],"potions_floor_usage":[16,21,21],"damage_taken":[{"damage":2.0,"enemies":"2 Louse","floor":1.0,"turns":4.0},{"damage":7.0,"enemies":"Small Slimes","floor":5.0,"turns":5.0},{"damage":10.0,"enemies":"Jaw Worm","floor":7.0,"turns":5.0},{"damage":22.0,"enemies":"Lagavulin","floor":13.0,"turns":6.0},{"damage":8.0,"enemies":"Gremlin Gang","floor":14.0,"turns":4.0},{"damage":55,"enemies":"Hexaghost","floor":16,"turns":11},{"damage":22,"enemies":"Spheric Guardian","floor":18,"turns":5},{"damage":15,"enemies":"2 Thieves","floor":21,"turns":1}],"seed_played":"-6428626854142852075","potions_obtained":[{"floor":4.0,"key":"Strength Potion"},{"floor":4.0,"key":"Fire Potion"}],"is_trial":false,"path_per_floor":["M","?","?","?","M","R","M","R","T","R","?","T","E","M","R","B",null,"M","?","$","M"],"character_chosen":"IRONCLAD","items_purchased":["Dream Catcher","Shuriken","ClockworkSouvenir"],"campfire_rested":0,"item_purchase_floors":[20,20,20],"current_hp_per_floor":[72,72,72,72,71,71,67,67,74,74,74,74,58,56,56,7,63,47,7,7,0],"gold":16,"neow_bonus":"RANDOM_COMMON_RELIC","is_prod":false,"is_daily":false,"chose_seed":false,"campfire_upgraded":4,"win_rate":0,"timestamp":1551721741,"path_taken":["M","?","?","?","M","R","?","R","T","R","?","?","E","M","R","BOSS","M","?","$","?"],"build_version":"2019-02-06","purchased_purges":1,"victory":false,"max_hp_per_floor":[75,75,75,75,75,75,75,75,82,82,82,82,82,82,82,82,82,82,82,82,82],"card_choices":[{"not_picked":["True Grit","Blood for Blood"],"picked":"Flame Barrier","floor":1.0},{"not_picked":["Sword Boomerang","Warcry"],"picked":"Spot Weakness","floor":5.0},{"not_picked":["Wild Strike","Sword Boomerang"],"picked":"Offering","floor":7.0},{"not_picked":["Twin Strike","Body Slam"],"picked":"True Grit","floor":13.0},{"not_picked":["Body Slam","Sever Soul"],"picked":"Spot Weakness","floor":14.0},{"not_picked":["Berserk","Bludgeon"],"picked":"Fiend Fire","floor":16},{"not_picked":["Rupture","Flex"],"picked":"Shockwave","floor":18}],"player_experience":1026992,"relics_obtained":[{"floor":9.0,"key":"Strawberry"},{"floor":12.0,"key":"War Paint"},{"floor":13.0,"key":"Art of War"}],"event_choices":[{"damage_healed":0.0,"max_hp_gain":0.0,"max_hp_loss":0.0,"gold_gain":0.0,"cards_transformed":["Strike_R"],"event_name":"Living Wall","player_choice":"Change","floor":2.0,"gold_loss":0.0,"damage_taken":0.0,"cards_obtained":["Body Slam"]},{"damage_healed":0.0,"max_hp_gain":0.0,"max_hp_loss":0.0,"gold_gain":150.0,"event_name":"Liars Game","player_choice":"AGREE","floor":3.0,"gold_loss":0.0,"damage_taken":0.0,"cards_obtained":["Doubt"]},{"damage_healed":0.0,"max_hp_gain":0.0,"max_hp_loss":0.0,"gold_gain":0.0,"event_name":"The Woman in Blue","player_choice":"Bought 3 Potions","floor":4.0,"gold_loss":0.0,"damage_taken":0.0},{"cards_removed":["Doubt"],"damage_healed":0.0,"max_hp_gain":0.0,"max_hp_loss":0.0,"gold_gain":0.0,"event_name":"The Cleric","player_choice":"Card Removal","floor":11.0,"gold_loss":75.0,"damage_taken":0.0},{"damage_healed":0,"gold_gain":180,"player_choice":"POTION POTION GOLD GOLD ","damage_taken":40,"max_hp_gain":0,"max_hp_loss":0,"event_name":"Knowing Skull","floor":19,"potions_obtained":["LiquidBronze","Dexterity Potion"],"gold_loss":0,"cards_obtained":[]}],"is_beta":true,"boss_relics":[{"not_picked":["Fusion Hammer","Empty Cage"],"picked":"Astrolabe"}],"items_purged_floors":[20],"is_endless":false,"potions_floor_spawned":[5,7],"killed_by":"2 Thieves","ascension_level":19}