{"gold_per_floor":[212,487,21,40,40,67,67,67,67,82,112,132,152,167,167,239,239,257,172,172,183,196,224,224,256,279,279,304,324,324,353,353,427,427,442,460,10,36,48,75,0,0,82,92,18,35,35,53,53,53],"floor_reached":50,"playtime":2610,"items_purged":["Regret"],"score":1133,"play_id":"d68cfc22-5e29-4f73-bd33-7d663076b778","local_time":"20190721205050","is_ascension_mode":true,"campfire_choices":[{"data":"Limit Break","floor":7,"key":"SMITH"},{"floor":15,"key":"REST"},{"floor":24,"key":"REST"},{"floor":27,"key":"REST"},{"floor":32,"key":"REST"},{"floor":42,"key":"REST"},{"floor":47,"key":"REST"},{"floor":49,"key":"REST"}],"neow_cost":"NONE","seed_source_timestamp":248655848982900,"circlet_count":0,"master_deck":["AscendersBane","Strike_R+1","Strike_R","Strike_R","Strike_R","Defend_R+1","Defend_R+1","Defend_R","Defend_R","Bash","Cleave+1","Limit Break+1","Inflame","Thunderclap","Wild Strike+1","Inflame","Battle Trance+1","Shockwave+1","Flex+1","Immolate+1","Shrug It Off+1","True Grit+1","Iron Wave+1","Whirlwind+1","Ghostly Armor+1","Anger+1","Clothesline+1","Inflame","Demon Form","Iron Wave+1","Heavy Blade+1","Flame Barrier+1","Sword Boomerang+1","Warcry+1","Rupture","Exhume+1","Brutality","Iron Wave+1","Seeing Red+1"],"relics":["Burning Blood","Paper Frog","War Paint","Toxic Egg 2","Molten Egg 2","Turnip","Fusion Hammer","Mummified Hand","Whetstone","Bottled Flame","Bag of Preparation","Ancient Tea Set","Du-Vu Doll","Philosopher\u0027s Stone","Anchor","Lantern","Orichalcum","Kunai","Red Mask","Ornamental Fan"],"potions_floor_usage":[10,10,11,23,23,23,50,50],"damage_taken":[{"damage":0,"enemies":"2 Louse","floor":1,"turns":3},{"damage":1,"enemies":"Cultist","floor":4,"turns":3},{"damage":35,"enemies":"Lagavulin","floor":6,"turns":5},{"damage":12,"enemies":"Jaw Worm","floor":10,"turns":2},{"damage":13,"enemies":"Gremlin Nob","floor":11,"turns":3},{"damage":13,"enemies":"Large Slime","floor":12,"turns":5},{"damage":15,"enemies":"Lots of Slimes","floor":13,"turns":4},{"damage":1,"enemies":"2 Fungi Beasts","floor":14,"turns":2},{"damage":37,"enemies":"The Guardian","floor":16,"turns":7},{"damage":26,"enemies":"Shell Parasite","floor":18,"turns":4},{"damage":0,"enemies":"3 Byrds","floor":21,"turns":2},{"damage":15,"enemies":"Snecko","floor":22,"turns":4},{"damage":24,"enemies":"Slavers","floor":23,"turns":3},{"damage":33,"enemies":"Book of Stabbing","floor":25,"turns":5},{"damage":0,"enemies":"Gremlin Leader","floor":28,"turns":3},{"damage":0,"enemies":"Cultist and Chosen","floor":29,"turns":2},{"damage":22,"enemies":"Book of Stabbing","floor":31,"turns":4},{"damage":27,"enemies":"Automaton","floor":33,"turns":6},{"damage":0,"enemies":"3 Shapes","floor":35,"turns":2},{"damage":0,"enemies":"Orb Walker","floor":36,"turns":2},{"damage":5,"enemies":"4 Shapes","floor":39,"turns":3},{"damage":0,"enemies":"Giant Head","floor":40,"turns":5},{"damage":0,"enemies":"Maw","floor":44,"turns":5},{"damage":0,"enemies":"Jaw Worm Horde","floor":46,"turns":1},{"damage":26,"enemies":"Writhing Mass","floor":48,"turns":3},{"damage":77,"enemies":"Awakened One","floor":50,"turns":6}],"seed_played":"7411324693228099744","potions_obtained":[{"floor":4,"key":"BloodPotion"},{"floor":6,"key":"AttackPotion"},{"floor":10,"key":"Energy Potion"},{"floor":22,"key":"EntropicBrew"},{"floor":25,"key":"Fire Potion"},{"floor":28,"key":"FairyPotion"},{"floor":35,"key":"Fire Potion"},{"floor":40,"key":"PowerPotion"},{"floor":44,"key":"SteroidPotion"}],"is_trial":false,"path_per_floor":["M","?","$","M","$","E","R","?","T","M","E","M","M","M","R","B",null,"M","?","?","M","M","E","R","E","T","R","E","M","?","E","R","B",null,"M","M","$","T","M","E","?","R","T","M","$","M","R","M","R","B"],"character_chosen":"IRONCLAD","items_purchased":["Paper Frog","Limit Break","Anchor","Lantern","Flame Barrier+1","Sword Boomerang+1","Warcry+1","Brutality"],"campfire_rested":7,"item_purchase_floors":[3,3,37,37,37,37,37,45],"current_hp_per_floor":[74,74,74,75,75,46,46,28,28,40,33,26,17,22,44,13,60,40,40,40,46,37,19,41,14,14,36,42,48,48,32,54,33,65,71,75,75,75,75,75,75,75,75,75,75,75,75,55,75,0],"gold":53,"neow_bonus":"HUNDRED_GOLD","is_prod":false,"is_daily":false,"chose_seed":false,"campfire_upgraded":1,"win_rate":0,"timestamp":1563756650,"path_taken":["M","?","?","M","$","E","R","?","T","M","E","M","M","M","R","BOSS","M","?","?","?","M","E","R","E","T","R","E","M","?","E","R","BOSS","M","?","$","?","M","E","?","R","T","M","$","M","R","M","R","BOSS"],"build_version":"2019-07-17","purchased_purges":1,"victory":false,"max_hp_per_floor":[75,75,75,75,75,75,75,75,75,75,75,75,75,75,75,75,75,75,75,75,75,75,75,75,75,75,75,75,75,75,75,75,75,75,75,75,75,75,75,75,75,75,75,75,75,75,75,75,75,75],"card_choices":[{"not_picked":["Sword Boomerang","Clash"],"picked":"Cleave","floor":1},{"not_picked":["Clash","Warcry"],"picked":"Inflame","floor":4},{"not_picked":["Disarm","True Grit"],"picked":"Thunderclap","floor":6},{"not_picked":["True Grit+1","Entrench+1"],"picked":"Wild Strike+1","floor":10},{"not_picked":["Headbutt+1","Twin Strike+1"],"picked":"Inflame","floor":11},{"not_picked":["Warcry+1","Juggernaut"],"picked":"Battle Trance+1","floor":12},{"not_picked":["Pommel Strike+1","Twin Strike+1"],"picked":"Shockwave+1","floor":13},{"not_picked":["Fire Breathing","Dropkick+1"],"picked":"Flex+1","floor":14},{"not_picked":["Exhume+1","Brutality"],"picked":"Immolate+1","floor":16},{"not_picked":["Carnage+1","Inflame"],"picked":"Shrug It Off+1","floor":18},{"not_picked":["Blood for Blood+1","Corruption"],"picked":"True Grit+1","floor":21},{"not_picked":["Thunderclap+1","True Grit+1"],"picked":"Iron Wave+1","floor":22},{"not_picked":["Rage+1","Combust+1"],"picked":"Whirlwind+1","floor":23},{"not_picked":["Intimidate+1","True Grit+1"],"picked":"Ghostly Armor+1","floor":25},{"not_picked":["Sever Soul+1","Rage+1"],"picked":"Anger+1","floor":28},{"not_picked":["Clash+1","True Grit+1"],"picked":"Clothesline+1","floor":29},{"not_picked":["Thunderclap+1","Burning Pact+1"],"picked":"Inflame","floor":31},{"not_picked":["Impervious+1","Offering+1"],"picked":"Demon Form","floor":33},{"not_picked":["Sword Boomerang+1","Twin Strike+1"],"picked":"Iron Wave+1","floor":35},{"not_picked":["Searing Blow+1","Body Slam+1"],"picked":"Heavy Blade+1","floor":36},{"not_picked":["Rage+1","Pommel Strike+1"],"picked":"Rupture","floor":39},{"not_picked":["Hemokinesis+1","True Grit+1"],"picked":"Exhume+1","floor":40},{"not_picked":["Cleave+1","Pommel Strike+1","True Grit+1"],"picked":"SKIP","floor":44},{"not_picked":["Shrug It Off+1","Thunderclap+1"],"picked":"Iron Wave+1","floor":46},{"not_picked":["Power Through+1","Cleave+1"],"picked":"Seeing Red+1","floor":48}],"player_experience":681788,"relics_obtained":[{"floor":6,"key":"War Paint"},{"floor":9,"key":"Molten Egg 2"},{"floor":11,"key":"Turnip"},{"floor":23,"key":"Whetstone"},{"floor":25,"key":"Bottled Flame"},{"floor":26,"key":"Bag of Preparation"},{"floor":28,"key":"Ancient Tea Set"},{"floor":31,"key":"Du-Vu Doll"},{"floor":38,"key":"Orichalcum"},{"floor":40,"key":"Kunai"},{"floor":43,"key":"Ornamental Fan"}],"event_choices":[{"damage_healed":0,"gold_gain":275,"player_choice":"Desecrate","damage_taken":0,"max_hp_gain":0,"max_hp_loss":0,"event_name":"Golden Shrine","floor":2,"gold_loss":0,"cards_obtained":["Regret"]},{"damage_healed":0,"gold_gain":0,"player_choice":"Success","damage_taken":18,"relics_obtained":["Toxic Egg 2"],"max_hp_gain":0,"max_hp_loss":0,"event_name":"Scrap Ooze","floor":8,"gold_loss":0},{"damage_healed":0,"gold_gain":0,"player_choice":"Obtained Relic","damage_taken":0,"relics_obtained":["Mummified Hand"],"max_hp_gain":0,"max_hp_loss":0,"event_name":"Addict","floor":19,"gold_loss":85},{"damage_healed":0,"gold_gain":0,"player_choice":"Ignored","damage_taken":0,"max_hp_gain":0,"max_hp_loss":0,"event_name":"N\u0027loth","floor":20,"gold_loss":0},{"cards_removed":["Strike_R"],"damage_healed":0,"gold_gain":0,"player_choice":"Offered Basic","damage_taken":0,"max_hp_gain":0,"max_hp_loss":0,"event_name":"Bonfire Elementals","floor":30,"gold_loss":0},{"damage_healed":0,"gold_gain":0,"player_choice":"Paid","damage_taken":0,"relics_obtained":["Red Mask"],"max_hp_gain":0,"max_hp_loss":0,"event_name":"Tomb of Lord Red Mask","floor":41,"gold_loss":75}],"is_beta":false,"boss_relics":[{"not_picked":["Black Blood","Lizard Tail"],"picked":"Fusion Hammer"},{"not_picked":["Eternal Feather","Runic Cube"],"picked":"Philosopher\u0027s Stone"}],"items_purged_floors":[3],"is_endless":false,"potions_floor_spawned":[4,6,10,22,25,28,33,35,40,44],"killed_by":"Awakened One","ascension_level":14}