{"gold_per_floor":[118,135,153,166,184,184,198,198,198,122,122,82,93,105,105,179,179,194,204,204,154,171,171,191,191,191,191,241,31,48,67,67,144,144,158,0,16,16,33,33,64,64,91,114,136,160,6,59,59,59],"floor_reached":51,"playtime":4717,"items_purged":[],"score":1203,"play_id":"66a680fb-655d-4ead-b003-d9684127821e","local_time":"20190204203849","is_ascension_mode":true,"campfire_choices":[{"data":"Genetic Algorithm","floor":6.0,"key":"SMITH"},{"data":"Genetic Algorithm","floor":8.0,"key":"SMITH"},{"data":"Defragment","floor":11.0,"key":"SMITH"},{"data":"Chaos","floor":15.0,"key":"SMITH"},{"floor":23.0,"key":"REST"},{"data":"Coolheaded","floor":25.0,"key":"SMITH"},{"data":"Coolheaded","floor":27.0,"key":"SMITH"},{"floor":32.0,"key":"REST"},{"floor":40.0,"key":"REST"},{"floor":42.0,"key":"RECALL"},{"floor":49,"key":"REST"}],"neow_cost":"NONE","seed_source_timestamp":538594742769597,"circlet_count":0,"master_deck":["AscendersBane","Defend_B","Defend_B","Defend_B","Defend_B","Zap+1","Dualcast","FTL+1","Self Repair","Coolheaded+1","BootSequence","Genetic Algorithm+1","Genetic Algorithm+1","Defragment+1","Reboot","Chaos+1","Echo Form","Conserve Battery+1","All For One+1","BootSequence+1","Undo","Cold Snap+1","Coolheaded+1","Capacitor","Go for the Eyes","Buffer","White Noise+1","Conserve Battery","Echo Form","Stack+1","White Noise+1","Storm","Conserve Battery+1"],"special_seed":0,"relics":["Cracked Core","PreservedInsect","Astrolabe","Enchiridion","Shuriken","Vajra","Fusion Hammer","Red Mask","Bottled Lightning","DataDisk","MawBank","Calipers"],"potions_floor_usage":[50,50],"damage_taken":[{"damage":1.0,"enemies":"Cultist","floor":1.0,"turns":3.0},{"damage":1.0,"enemies":"Small Slimes","floor":2.0,"turns":3.0},{"damage":2.0,"enemies":"2 Louse","floor":3.0,"turns":4.0},{"damage":0.0,"enemies":"Red Slaver","floor":4.0,"turns":4.0},{"damage":12.0,"enemies":"Exordium Wildlife","floor":5.0,"turns":8.0},{"damage":23.0,"enemies":"Gremlin Gang","floor":7.0,"turns":4.0},{"damage":2.0,"enemies":"3 Louse","floor":13.0,"turns":3.0},{"damage":18.0,"enemies":"Exordium Thugs","floor":14.0,"turns":4.0},{"damage":24.0,"enemies":"Hexaghost","floor":16.0,"turns":14.0},{"damage":15.0,"enemies":"Chosen","floor":18.0,"turns":7.0},{"damage":19.0,"enemies":"Shell Parasite","floor":19.0,"turns":7.0},{"damage":4.0,"enemies":"Centurion and Healer","floor":22.0,"turns":11.0},{"damage":0.0,"enemies":"3 Cultists","floor":24.0,"turns":6.0},{"damage":10.0,"enemies":"Snake Plant","floor":30.0,"turns":5.0},{"damage":31.0,"enemies":"Cultist and Chosen","floor":31.0,"turns":6.0},{"damage":6.0,"enemies":"Collector","floor":33.0,"turns":9.0},{"damage":10.0,"enemies":"3 Shapes","floor":35.0,"turns":8.0},{"damage":23.0,"enemies":"3 Darklings","floor":37.0,"turns":5.0},{"damage":0.0,"enemies":"Writhing Mass","floor":39.0,"turns":8.0},{"damage":0.0,"enemies":"Nemesis","floor":41.0,"turns":7.0},{"damage":2.0,"enemies":"4 Shapes","floor":44.0,"turns":7.0},{"damage":6.0,"enemies":"Sphere and 2 Shapes","floor":45.0,"turns":8.0},{"damage":0,"enemies":"Spire Growth","floor":46,"turns":4},{"damage":34,"enemies":"2 Orb Walkers","floor":48,"turns":6},{"damage":5,"enemies":"Donu and Deca","floor":50,"turns":12}],"seed_played":"-8719628419152599871","potions_obtained":[{"floor":1.0,"key":"Ancient Potion"},{"floor":2.0,"key":"SkillPotion"},{"floor":12.0,"key":"Fire Potion"},{"floor":14.0,"key":"EssenceOfSteel"},{"floor":18.0,"key":"PowerPotion"},{"floor":30.0,"key":"LiquidBronze"},{"floor":37.0,"key":"SkillPotion"},{"floor":39.0,"key":"SmokeBomb"},{"floor":44.0,"key":"Dexterity Potion"},{"floor":46,"key":"Dexterity Potion"}],"is_trial":false,"path_per_floor":["M","M","M","M","M","R","M","R","T","$","R","?","M","M","R","B",null,"M","M","?","?","M","R","M","R","T","R","?","$","M","M","R","B",null,"M","?","M","T","M","R","E","R","T","M","M","M","$","?","R","B",null],"character_chosen":"DEFECT","items_purchased":["Defragment","Capacitor","Vajra","Storm","FocusPotion"],"campfire_rested":4,"item_purchase_floors":[10,29,29,47,47],"current_hp_per_floor":[63,62,67,71,66,66,43,43,43,43,43,43,41,30,30,13,57,49,37,16,16,19,40,47,47,47,47,47,47,44,13,34,35,62,59,59,50,50,57,71,71,71,71,71,71,71,71,37,58,60],"gold":59,"neow_bonus":"REMOVE_CARD","is_prod":false,"is_daily":false,"chose_seed":false,"campfire_upgraded":6,"win_rate":0,"timestamp":1549330729,"path_taken":["M","M","M","M","M","R","M","R","T","?","R","?","M","M","R","BOSS","M","M","?","?","M","R","?","R","T","R","?","$","?","M","R","BOSS","M","?","M","?","M","R","E","R","T","M","M","?","?","?","R","BOSS"],"build_version":"2019-01-23","purchased_purges":0,"victory":true,"max_hp_per_floor":[71,71,71,71,71,71,71,71,71,71,71,71,71,71,71,71,71,71,71,71,71,71,71,71,71,71,71,71,71,71,71,71,71,71,71,71,71,71,71,71,71,71,71,71,71,71,71,71,71,71],"card_choices":[{"not_picked":["Melter","Barrage"],"picked":"FTL","floor":1.0},{"not_picked":["Barrage","Beam Cell"],"picked":"Self Repair","floor":2.0},{"not_picked":["Steam Power","Leap"],"picked":"Coolheaded","floor":3.0},{"not_picked":["Stack","Streamline"],"picked":"BootSequence","floor":4.0},{"not_picked":["Gash","FTL"],"picked":"Genetic Algorithm","floor":5.0},{"not_picked":["Barrage","Consume"],"picked":"Genetic Algorithm","floor":7.0},{"not_picked":["Force Field","Compile Driver"],"picked":"Reboot","floor":13.0},{"not_picked":["Rebound","Coolheaded"],"picked":"Chaos","floor":14.0},{"not_picked":["Machine Learning","Hyperbeam"],"picked":"Echo Form","floor":16.0},{"not_picked":["Leap","Auto Shields"],"picked":"Undo","floor":18.0},{"not_picked":["Auto Shields","Barrage","Redo"],"picked":"SKIP","floor":19.0},{"not_picked":["Ball Lightning","Hologram"],"picked":"Cold Snap+1","floor":22.0},{"not_picked":["Skim","Compile Driver"],"picked":"Coolheaded","floor":24.0},{"not_picked":["Barrage","Coolheaded"],"picked":"Go for the Eyes","floor":30.0},{"not_picked":["Consume","Steam","Rebound"],"picked":"SKIP","floor":31.0},{"not_picked":["Electrodynamics","Biased Cognition"],"picked":"Buffer","floor":33.0},{"not_picked":["Steam+1","Lockon"],"picked":"White Noise+1","floor":35.0},{"not_picked":["Chaos","Leap","Go for the Eyes"],"picked":"SKIP","floor":37.0},{"not_picked":["Leap","Hologram"],"picked":"Conserve Battery","floor":39.0},{"not_picked":["Coolheaded","FTL+1"],"picked":"Echo Form","floor":41.0},{"not_picked":["Aggregate","Barrage+1"],"picked":"Stack+1","floor":44.0},{"not_picked":["Rebound","Barrage"],"picked":"White Noise+1","floor":45.0},{"not_picked":["Gash","Cold Snap","Turbo"],"picked":"SKIP","floor":46},{"not_picked":["Leap","Gash"],"picked":"Conserve Battery+1","floor":48}],"player_experience":907798,"relics_obtained":[{"floor":9.0,"key":"PreservedInsect"},{"floor":20.0,"key":"Enchiridion"},{"floor":26.0,"key":"Shuriken"},{"floor":38.0,"key":"Bottled Lightning"},{"floor":41.0,"key":"DataDisk"},{"floor":43.0,"key":"MawBank"},{"floor":48,"key":"Calipers"}],"event_choices":[{"damage_healed":0.0,"max_hp_gain":0.0,"max_hp_loss":0.0,"gold_gain":0.0,"event_name":"The Woman in Blue","player_choice":"Bought 3 Potions","floor":12.0,"gold_loss":0.0,"damage_taken":0.0},{"damage_healed":0.0,"max_hp_gain":0.0,"max_hp_loss":0.0,"gold_gain":0.0,"event_name":"Cursed Tome","player_choice":"Obtained Book","floor":20.0,"gold_loss":0.0,"damage_taken":21.0},{"damage_healed":0.0,"max_hp_gain":0.0,"max_hp_loss":0.0,"gold_gain":0.0,"event_name":"Designer","player_choice":"Upgraded Two","floor":21.0,"gold_loss":50.0,"damage_taken":0.0,"cards_upgraded":["FTL","Zap"]},{"damage_healed":0.0,"max_hp_gain":0.0,"max_hp_loss":0.0,"gold_gain":100.0,"event_name":"The Joust","player_choice":"Bet on Murderer","floor":28.0,"gold_loss":50.0,"damage_taken":0.0},{"damage_healed":0.0,"max_hp_gain":0.0,"max_hp_loss":0.0,"gold_gain":0.0,"event_name":"Tomb of Lord Red Mask","player_choice":"Paid","floor":36.0,"gold_loss":158.0,"damage_taken":0.0,"relics_obtained":["Red Mask"]},{"damage_healed":0,"gold_gain":0,"player_choice":"Fight","damage_taken":0,"max_hp_gain":0,"max_hp_loss":0,"event_name":"Mysterious Sphere","floor":48,"gold_loss":0}],"is_beta":true,"boss_relics":[{"not_picked":["Busted Crown","Coffee Dripper"],"picked":"Astrolabe"},{"not_picked":["Black Star","Orrery"],"picked":"Fusion Hammer"}],"items_purged_floors":[],"is_endless":false,"potions_floor_spawned":[1,2,5,14,18,22,30,37,39,44,46,48],"ascension_level":17}