{"gold_per_floor":[112,112,112,112,124,138,138,156,156,180,214,11,26,61,61,61],"floor_reached":16,"playtime":964,"items_purged":[],"score":110,"play_id":"fda2b014-f242-4ac1-bb55-26ca0ad06a52","local_time":"20190428223122","is_ascension_mode":false,"campfire_choices":[{"floor":7.0,"key":"RECALL"},{"data":"Cloak And Dagger","floor":15.0,"key":"SMITH"}],"neow_cost":"CURSE","seed_source_timestamp":0,"circlet_count":0,"master_deck":["Defend_G","Defend_G","Defend_G","Defend_G","Defend_G","Strike_G","Strike_G","Strike_G","Strike_G","Strike_G","Survivor","Neutralize+1","Noxious Fumes+1","Regret","Backflip","Underhanded Strike","Sucker Punch","Poisoned Stab","Concentrate","Cloak And Dagger+1"],"special_seed":0,"relics":["Ring of the Snake","Calipers","Turnip","Vajra","Potion Belt","Lee\u0027s Waffle","Centennial Puzzle"],"potions_floor_usage":[16],"damage_taken":[{"damage":7.0,"enemies":"Cultist","floor":1.0,"turns":5.0},{"damage":0.0,"enemies":"2 Louse","floor":5.0,"turns":3.0},{"damage":4.0,"enemies":"Small Slimes","floor":6.0,"turns":5.0},{"damage":20.0,"enemies":"Exordium Wildlife","floor":8.0,"turns":5.0},{"damage":24.0,"enemies":"3 Sentries","floor":11.0,"turns":8.0},{"damage":1.0,"enemies":"Blue Slaver","floor":13.0,"turns":4.0},{"damage":34.0,"enemies":"Gremlin Nob","floor":14.0,"turns":5.0},{"damage":57,"enemies":"Slime Boss","floor":16,"turns":9}],"seed_played":"-3159235699795811007","potions_obtained":[{"floor":1.0,"key":"AttackPotion"},{"floor":5.0,"key":"Dexterity Potion"},{"floor":11.0,"key":"SteroidPotion"},{"floor":13.0,"key":"SkillPotion"}],"is_trial":false,"path_per_floor":["M","?","?","?","M","M","R","M","T","T","E","$","M","E","R","B"],"character_chosen":"THE_SILENT","items_purchased":["Lee\u0027s Waffle"],"campfire_rested":0,"item_purchase_floors":[12],"current_hp_per_floor":[63,63,63,49,49,45,45,25,25,25,1,77,76,42,42,0],"gold":61,"neow_bonus":"ONE_RARE_RELIC","is_prod":false,"is_daily":false,"chose_seed":false,"campfire_upgraded":1,"win_rate":0,"timestamp":1556505082,"path_taken":["M","?","?","?","M","M","R","?","T","?","E","$","M","E","R","BOSS"],"build_version":"2019-01-23","purchased_purges":0,"victory":false,"max_hp_per_floor":[70,70,70,70,70,70,70,70,70,70,70,77,77,77,77,77],"card_choices":[{"not_picked":["PiercingWail","Prepared"],"picked":"Noxious Fumes","floor":1.0},{"not_picked":["Eviscerate","Underhanded Strike"],"picked":"Backflip","floor":5.0},{"not_picked":["Backflip","Heel Hook"],"picked":"Underhanded Strike","floor":6.0},{"not_picked":["Expertise","Leg Sweep"],"picked":"Sucker Punch","floor":8.0},{"not_picked":["Quick Slash","Setup"],"picked":"Poisoned Stab","floor":11.0},{"not_picked":["Grand Finale","Eviscerate"],"picked":"Concentrate","floor":13.0},{"not_picked":["Riddle With Holes","Glass Knife"],"picked":"Cloak And Dagger","floor":14.0}],"player_experience":301037,"relics_obtained":[{"floor":10.0,"key":"Vajra"},{"floor":11.0,"key":"Potion Belt"},{"floor":14.0,"key":"Centennial Puzzle"}],"event_choices":[{"cards_removed":["Decay"],"damage_healed":0.0,"max_hp_gain":0.0,"max_hp_loss":0.0,"gold_gain":0.0,"event_name":"Living Wall","player_choice":"Forget","floor":2.0,"gold_loss":0.0,"damage_taken":0.0},{"damage_healed":0.0,"max_hp_gain":0.0,"max_hp_loss":0.0,"gold_gain":0.0,"event_name":"Big Fish","player_choice":"Box","floor":3.0,"gold_loss":0.0,"damage_taken":0.0,"relics_obtained":["Turnip"],"cards_obtained":["Regret"]},{"damage_healed":0.0,"max_hp_gain":0.0,"max_hp_loss":0.0,"gold_gain":0.0,"event_name":"Shining Light","player_choice":"Entered Light","floor":4.0,"gold_loss":0.0,"damage_taken":14.0,"cards_upgraded":["Neutralize","Noxious Fumes"]}],"is_beta":false,"boss_relics":[],"items_purged_floors":[],"is_endless":false,"potions_floor_spawned":[1,5,11,13],"killed_by":"Slime Boss","ascension_level":0}