{"gold_per_floor":[114,134,146,163,153,153,182,182,182,182,182],"floor_reached":11,"playtime":683,"items_purged":[],"score":86,"play_id":"4cd640d5-a411-4565-a7b3-80ab96ab3a92","local_time":"20190718230230","is_ascension_mode":true,"campfire_choices":[{"data":"Bash","floor":6,"key":"SMITH"},{"data":"Shockwave","floor":8,"key":"SMITH"},{"data":"Armaments","floor":10,"key":"SMITH"}],"neow_cost":"NONE","seed_source_timestamp":595778925974900,"circlet_count":0,"master_deck":["Strike_R","Strike_R","Strike_R","Strike_R","Strike_R","Defend_R","Defend_R","Defend_R","Defend_R","Bash+1","Armaments+1","Heavy Blade","Shrug It Off","Reckless Charge","Shockwave+1"],"relics":["Burning Blood","NeowsBlessing","Meat on the Bone","The Courier"],"potions_floor_usage":[],"damage_taken":[{"damage":0,"enemies":"Cultist","floor":1,"turns":1},{"damage":0,"enemies":"Jaw Worm","floor":2,"turns":1},{"damage":0,"enemies":"Small Slimes","floor":3,"turns":1},{"damage":10,"enemies":"Looter","floor":4,"turns":4},{"damage":4,"enemies":"Exordium Thugs","floor":5,"turns":4},{"damage":55,"enemies":"Lagavulin","floor":7,"turns":7},{"damage":12,"enemies":"Gremlin Gang","floor":11,"turns":3}],"seed_played":"-6960233476738256165","potions_obtained":[{"floor":2,"key":"LiquidBronze"},{"floor":3,"key":"Swift Potion"}],"is_trial":false,"path_per_floor":["M","M","M","M","M","R","E","R","T","R","M"],"character_chosen":"IRONCLAD","items_purchased":[],"campfire_rested":0,"item_purchase_floors":[],"current_hp_per_floor":[80,80,80,76,78,78,29,29,29,29,17],"gold":182,"neow_bonus":"THREE_ENEMY_KILL","is_prod":false,"is_daily":false,"chose_seed":false,"campfire_upgraded":3,"win_rate":0,"timestamp":1563505350,"path_taken":["M","M","M","M","M","R","E","R","T","R","?"],"build_version":"2019-07-17","purchased_purges":0,"victory":false,"max_hp_per_floor":[80,80,80,80,80,80,80,80,80,80,80],"card_choices":[{"not_picked":["Thunderclap","Anger"],"picked":"Armaments","floor":1},{"not_picked":["Combust","Shrug It Off"],"picked":"Heavy Blade","floor":2},{"not_picked":["Heavy Blade","Carnage"],"picked":"Shrug It Off","floor":3},{"not_picked":["Perfected Strike","Clothesline","Blood for Blood"],"picked":"SKIP","floor":4},{"not_picked":["Thunderclap","Sword Boomerang"],"picked":"Reckless Charge","floor":5},{"not_picked":["Double Tap","Clash"],"picked":"Shockwave","floor":7}],"player_experience":747113,"relics_obtained":[{"floor":7,"key":"Meat on the Bone"},{"floor":9,"key":"The Courier"}],"event_choices":[],"is_beta":false,"boss_relics":[],"items_purged_floors":[],"is_endless":false,"potions_floor_spawned":[2,3],"killed_by":"Gremlin Gang","ascension_level":3}