{"gold_per_floor":[111,121,138,148,158,233,233,508,508,528,546,559,559,569,569,666,666,685,685,685,610,627,627,640,660,712,712,119,146,146,180,180,276,276,292,14,27,39,39,39,66,66,66,66,83,95,95,95,95,95],"floor_reached":50,"playtime":5356,"items_purged":["Regret","Strike_B","Pain"],"score":556,"play_id":"800680f3-8f93-4638-b79d-073c13ca6abe","local_time":"20181110061831","is_ascension_mode":false,"campfire_choices":[{"data":"Loop","floor":13,"key":"SMITH"},{"data":"Genetic Algorithm","floor":15,"key":"SMITH"},{"data":"Conserve Battery","floor":23,"key":"SMITH"},{"data":"Conserve Battery","floor":27,"key":"SMITH"},{"floor":32,"key":"REST"},{"floor":40,"key":"REST"},{"floor":42,"key":"REST"},{"data":"Creative AI","floor":44,"key":"SMITH"},{"floor":47,"key":"RECALL"},{"data":"Leap","floor":49,"key":"SMITH"}],"neow_cost":"NONE","seed_source_timestamp":216626245779959,"circlet_count":0,"master_deck":["Strike_B+1","Defend_B","Defend_B","Defend_B","Defend_B","Zap+1","Dualcast","Leap+1","Conserve Battery+1","Chill","Loop+1","Chill","Coolheaded+1","Conserve Battery+1","Genetic Algorithm+1","Creative AI+1","White Noise","Parasite","Injury","Chill+1","Conserve Battery+1","Reinforced Body+1","Coolheaded+1"],"relics":["Cracked Core","Oddly Smooth Stone","Mercury Hourglass","Blue Candle","Black Star","Matryoshka","Regal Pillow","Ancient Tea Set","Strange Spoon","Blood Vial","Strawberry","PreservedInsect","Whetstone","Sundial","Bottled Flame","Calling Bell","Orichalcum","Shuriken","Emotion Chip","War Paint","Art of War","Anchor"],"potions_floor_usage":[16,24,29,29,31,31,33,50,50],"damage_taken":[{"damage":0,"enemies":"Cultist","floor":1,"turns":3},{"damage":0,"enemies":"2 Louse","floor":2,"turns":2},{"damage":0,"enemies":"Small Slimes","floor":3,"turns":3},{"damage":0,"enemies":"Blue Slaver","floor":4,"turns":4},{"damage":2,"enemies":"Exordium Thugs","floor":5,"turns":5},{"damage":1,"enemies":"Gremlin Gang","floor":10,"turns":4},{"damage":1,"enemies":"Blue Slaver","floor":11,"turns":4},{"damage":2,"enemies":"Exordium Thugs","floor":12,"turns":6},{"damage":1,"enemies":"Large Slime","floor":14,"turns":7},{"damage":1,"enemies":"The Guardian","floor":16,"turns":14},{"damage":7,"enemies":"Chosen","floor":18,"turns":10},{"damage":2,"enemies":"3 Byrds","floor":22,"turns":7},{"damage":20,"enemies":"Cultist and Chosen","floor":24,"turns":10},{"damage":2,"enemies":"Snecko","floor":25,"turns":7},{"damage":21,"enemies":"Book of Stabbing","floor":29,"turns":10},{"damage":19,"enemies":"Slavers","floor":31,"turns":8},{"damage":51,"enemies":"Champ","floor":33,"turns":14},{"damage":13,"enemies":"3 Darklings","floor":35,"turns":9},{"damage":0,"enemies":"3 Shapes","floor":37,"turns":19},{"damage":31,"enemies":"Spire Growth","floor":38,"turns":46},{"damage":81,"enemies":"Giant Head","floor":41,"turns":13},{"damage":6,"enemies":"Jaw Worm Horde","floor":45,"turns":11},{"damage":0,"enemies":"3 Darklings","floor":46,"turns":10},{"damage":53,"enemies":"Donu and Deca","floor":50,"turns":12}],"seed_played":"-967737642160460013","potions_obtained":[{"floor":3,"key":"FearPotion"},{"floor":10,"key":"Strength Potion"},{"floor":12,"key":"LiquidBronze"},{"floor":16,"key":"Strength Potion"},{"floor":25,"key":"Explosive Potion"},{"floor":30,"key":"SkillPotion"},{"floor":30,"key":"SkillPotion"},{"floor":31,"key":"Fruit Juice"},{"floor":38,"key":"Poison Potion"},{"floor":45,"key":"SkillPotion"}],"is_trial":false,"path_per_floor":["M","M","M","M","M","?","?","?","T","M","M","M","R","M","R","B",null,"M","?","T","$","M","R","M","M","T","R","$","E","?","E","R","B",null,"M","$","M","M","$","R","E","R","T","R","M","M","R","?","R","B"],"character_chosen":"DEFECT","items_purchased":["Strange Spoon","Blood Vial","Strawberry","War Paint"],"campfire_rested":3,"item_purchase_floors":[28,28,28,36],"current_hp_per_floor":[75,75,75,75,73,62,55,55,55,54,53,51,51,50,50,49,75,68,68,68,68,66,66,46,44,44,44,51,32,32,15,54,10,87,74,74,76,47,47,87,6,47,47,47,43,45,45,45,45,0],"gold":95,"neow_bonus":"RANDOM_COMMON_RELIC","is_prod":false,"is_daily":false,"chose_seed":false,"campfire_upgraded":6,"win_rate":0,"timestamp":1541848711,"path_taken":["M","M","M","?","M","?","?","?","T","M","M","?","R","M","R","BOSS","M","?","?","$","?","R","M","M","T","R","$","E","?","E","R","BOSS","M","$","M","?","$","R","E","R","T","R","M","M","R","?","R","BOSS"],"build_version":"2018-11-08","purchased_purges":3,"victory":false,"max_hp_per_floor":[75,75,75,75,75,75,75,75,75,75,75,75,75,75,75,75,75,75,75,75,75,75,75,75,75,75,75,82,82,82,82,82,87,87,87,87,87,87,87,87,87,87,87,87,87,87,87,87,87,87],"card_choices":[{"not_picked":["Skim","Barrage"],"picked":"Leap","floor":1},{"not_picked":["Chill","Rebound"],"picked":"Conserve Battery","floor":2},{"not_picked":["Blizzard","Auto Shields"],"picked":"Chill","floor":3},{"not_picked":["Sweeping Beam","Heatsinks"],"picked":"Loop","floor":4},{"not_picked":["FTL","Ball Lightning"],"picked":"Chill","floor":5},{"not_picked":["Storm","Ball Lightning","Hologram"],"picked":"SKIP","floor":10},{"not_picked":["Beam Cell","Tempest"],"picked":"Coolheaded","floor":11},{"not_picked":["Coolheaded","Cold Snap"],"picked":"Conserve Battery","floor":12},{"not_picked":["FTL","Lockon"],"picked":"Genetic Algorithm","floor":14},{"not_picked":["Hyperbeam","Rainbow"],"picked":"Creative AI","floor":16},{"not_picked":["Gash","Auto Shields","Tempest"],"picked":"SKIP","floor":18},{"not_picked":["Sweeping Beam","Steam Power","Gash"],"picked":"SKIP","floor":22},{"not_picked":["Sweeping Beam","Rebound","Compile Driver"],"picked":"SKIP","floor":24},{"not_picked":["Streamline","Coolheaded"],"picked":"White Noise","floor":25},{"not_picked":["Stack","All For One","Melter+1"],"picked":"SKIP","floor":29},{"not_picked":["Glacier","Go for the Eyes+1","Darkness+1"],"picked":"SKIP","floor":31},{"not_picked":["Skim+1","Glacier"],"picked":"Chill+1","floor":35},{"not_picked":["Leap+1","Hologram"],"picked":"Conserve Battery+1","floor":37},{"not_picked":["Steam","Beam Cell","Go for the Eyes"],"picked":"SKIP","floor":38},{"not_picked":["Biased Cognition","Lockon+1","Turbo+1"],"picked":"SKIP","floor":41},{"not_picked":["Turbo+1","Chill+1"],"picked":"Reinforced Body+1","floor":45},{"not_picked":["Go for the Eyes+1","Genetic Algorithm"],"picked":"Coolheaded+1","floor":46}],"player_experience":292740,"relics_obtained":[{"floor":9,"key":"Blue Candle"},{"floor":20,"key":"Matryoshka"},{"floor":26,"key":"Regal Pillow"},{"floor":26,"key":"Ancient Tea Set"},{"floor":29,"key":"PreservedInsect"},{"floor":29,"key":"Whetstone"},{"floor":31,"key":"Sundial"},{"floor":31,"key":"Bottled Flame"},{"floor":34,"key":"Orichalcum"},{"floor":34,"key":"Shuriken"},{"floor":34,"key":"Emotion Chip"},{"floor":41,"key":"Art of War"},{"floor":41,"key":"Anchor"}],"event_choices":[{"damage_healed":0,"gold_gain":75,"player_choice":"Gather Gold","damage_taken":11,"max_hp_gain":0,"max_hp_loss":0,"event_name":"World of Goop","floor":6,"gold_loss":0},{"damage_healed":0,"gold_gain":0,"player_choice":"Success","damage_taken":7,"relics_obtained":["Mercury Hourglass"],"max_hp_gain":0,"max_hp_loss":0,"event_name":"Scrap Ooze","floor":7,"gold_loss":0},{"damage_healed":0,"gold_gain":275,"player_choice":"Desecrate","damage_taken":0,"max_hp_gain":0,"max_hp_loss":0,"event_name":"Golden Shrine","floor":8,"gold_loss":0,"cards_obtained":["Regret"]},{"cards_removed":["Strike_B"],"damage_healed":0,"gold_gain":0,"player_choice":"Elegance","damage_taken":0,"max_hp_gain":0,"max_hp_loss":0,"event_name":"Back to Basics","floor":19,"gold_loss":0},{"damage_healed":0,"gold_gain":0,"player_choice":"Got Potions","damage_taken":0,"max_hp_gain":0,"max_hp_loss":0,"event_name":"Lab","floor":30,"gold_loss":0},{"cards_removed":["Strike_B"],"damage_healed":0,"gold_gain":0,"player_choice":"Removed Attack","damage_taken":0,"max_hp_gain":0,"max_hp_loss":0,"event_name":"Falling","floor":48,"gold_loss":0}],"is_beta":true,"boss_relics":[{"not_picked":["Tiny House","Runic Dome"],"picked":"Black Star"},{"not_picked":["Empty Cage","Pandora\u0027s Box"],"picked":"Calling Bell"}],"items_purged_floors":[21,28,36],"is_endless":false,"potions_floor_spawned":[3,10,12,14,16,18,25,31,38,45],"killed_by":"Donu and Deca","ascension_level":0}