{"path_per_floor":["M","?","M","M","M","R","$","E","T","M","M","R","$","M","R","B",null,"M","M","?","M","$","R","?","M","T","M","?","M","$","M","R"],"character_chosen":"DEFECT","items_purchased":["White Noise","Loop"],"gold_per_floor":[110,110,128,146,165,165,94,126,126,136,152,152,116,132,132,230,230,243,208,123,138,138,138,138,157,184,194,194,210,210,223,223,223],"floor_reached":33,"campfire_rested":4,"playtime":3195,"current_hp_per_floor":[73,66,60,59,51,51,51,18,18,14,4,26,26,26,48,31,75,75,33,33,18,18,40,40,26,26,21,21,17,17,4,26,0],"items_purged":[],"gold":223,"score":253,"play_id":"d103d16d-eb83-4383-a31a-babf1b459115","local_time":"20180511003947","is_prod":false,"is_daily":false,"chose_seed":false,"is_ascension_mode":false,"campfire_upgraded":1,"timestamp":1526013587,"path_taken":["M","?","?","M","M","R","$","E","T","M","M","R","$","M","R","BOSS","M","M","?","M","$","R","?","M","T","?","?","M","$","?","R","BOSS"],"build_version":"2018-05-10","seed_source_timestamp":19172243627595,"purchased_purges":1,"victory":false,"master_deck":["Strike_B+1","Strike_B+1","Strike_B","Defend_B","Defend_B","Defend_B","Defend_B","Zap","Dualcast","Sweeping Beam","White Noise","Glacier+1","Cold Snap","White Noise","Capacitor","Chill","Cold Snap","Loop","Undo","Rainbow","Hello World+1","Cold Snap+1","Impulse","White Noise","Chaos","Aggregate","Storm"],"max_hp_per_floor":[75,75,75,75,75,75,75,75,75,75,75,75,75,75,75,75,75,75,75,75,75,75,75,75,75,75,75,75,75,75,75,75,80],"relics":["Cracked Core","Pen Nib","Lantern","Ornamental Fan","White Beast Statue","Gambling Chip","Nloth\u0027s Gift"],"card_choices":[{"not_picked":["Streamline","Ball Lightning"],"picked":"Sweeping Beam","floor":1},{"not_picked":["Reprogram","Turbo"],"picked":"White Noise","floor":3},{"not_picked":["Stack","Double Energy"],"picked":"Glacier","floor":4},{"not_picked":["Capacitor","Fission"],"picked":"Cold Snap","floor":5},{"not_picked":["Sweeping Beam","Streamline"],"picked":"Capacitor","floor":8},{"not_picked":["Axe Kick","Skim"],"picked":"Chill","floor":10},{"not_picked":["Axe Kick","Melter"],"picked":"Cold Snap","floor":11},{"not_picked":["Hologram","Leap"],"picked":"Undo","floor":14},{"not_picked":["Fission","Hyperbeam"],"picked":"Rainbow","floor":16},{"not_picked":["Skim","Cold Snap"],"picked":"Hello World","floor":18},{"not_picked":["Go for the Eyes","Leap"],"picked":"Cold Snap","floor":19},{"not_picked":["Steam","Hologram"],"picked":"Impulse","floor":21},{"not_picked":["Lockon","Turbo"],"picked":"Chaos","floor":25},{"not_picked":["Glacier","Gash"],"picked":"Aggregate","floor":27},{"not_picked":["Hologram","Fission"],"picked":"Storm","floor":31}],"player_experience":44954,"potions_floor_usage":[16,16,16,25,29,31,31,31,33],"damage_taken":[{"damage":2,"enemies":"2 Louse","floor":1,"turns":3},{"damage":6,"enemies":"Jaw Worm","floor":3,"turns":3},{"damage":1,"enemies":"Cultist","floor":4,"turns":4},{"damage":8,"enemies":"Gremlin Gang","floor":5,"turns":2},{"damage":33,"enemies":"Gremlin Nob","floor":8,"turns":5},{"damage":4,"enemies":"Exordium Thugs","floor":10,"turns":4},{"damage":10,"enemies":"3 Louse","floor":11,"turns":3},{"damage":0,"enemies":"Large Slime","floor":14,"turns":7},{"damage":17,"enemies":"Slime Boss","floor":16,"turns":7},{"damage":0,"enemies":"3 Byrds","floor":18,"turns":4},{"damage":52,"enemies":"2 Thieves","floor":19,"turns":5},{"damage":15,"enemies":"Snake Plant","floor":21,"turns":3},{"damage":14,"enemies":"Centurion and Healer","floor":25,"turns":12},{"damage":5,"enemies":"Snecko","floor":27,"turns":8},{"damage":19,"enemies":"Chosen and Byrds","floor":29,"turns":8},{"damage":13,"enemies":"Snake Plant","floor":31,"turns":3},{"damage":34,"enemies":"Champ","floor":33,"turns":5}],"event_choices":[{"event_name":"Golden Wing","player_choice":"Card Removal","floor":2,"damage_taken":0},{"event_name":"Addict","player_choice":"Obtained Relic","floor":20,"damage_taken":0},{"event_name":"The Library","player_choice":"Read","floor":24,"damage_taken":0},{"event_name":"N\u0027loth","player_choice":"Traded a Whetstone","floor":28,"damage_taken":0}],"boss_relics":[{"not_picked":["Snecko Eye","Runic Pyramid"],"picked":"White Beast Statue"}],"potions_floor_spawned":[4,8,10,11,14,18,19,21,25,27,29,31],"seed_played":"1814335185161595067","killed_by":"Champ","ascension_level":0,"is_trial":false}