{"gold_per_floor":[367,52,69,81,6,6,181,181,204,224,224,184,198,210,210,307,307,321,332,332,342,355,355,367,367,367,292,292,31,31,48,48,149,149,161,161,161,180,200,200,212,212,237,247,260,278,296,296,296,296],"floor_reached":51,"playtime":5290,"items_purged":["Strike_R"],"score":1034,"play_id":"d93d5ad0-bfc0-42dc-8ea5-aed3b50feb23","local_time":"20181130165158","is_ascension_mode":true,"campfire_choices":[{"data":"True Grit","floor":6,"key":"SMITH"},{"data":"Shockwave","floor":11,"key":"SMITH"},{"data":"Evolve","floor":15,"key":"SMITH"},{"floor":23,"key":"REST"},{"data":"Disarm","floor":25,"key":"SMITH"},{"data":"Bash","floor":30,"key":"SMITH"},{"data":"Power Through","floor":32,"key":"SMITH"},{"data":"Reaper","floor":40,"key":"SMITH"},{"floor":42,"key":"REST"},{"data":"Inflame","floor":49,"key":"SMITH"}],"neow_cost":"TEN_PERCENT_HP_LOSS","seed_source_timestamp":0,"circlet_count":0,"master_deck":["Strike_R+1","Strike_R+1","Strike_R+1","Defend_R+1","Defend_R+1","Defend_R+1","Defend_R+1","Bash+1","Warcry+1","True Grit+1","Shockwave+1","Shrug It Off","Reaper+1","Power Through+1","Shockwave","Disarm+1","Twin Strike+1","Impervious+1","Clothesline+1","Iron Wave","Limit Break+1","Flex+1","Flex+1","Inflame+1","Writhe"],"special_seed":0,"relics":["Burning Blood","Pocketwatch","Bag of Preparation","Mark of Pain","MutagenicStrength","Toxic Egg 2","Shuriken","Empty Cage","Lantern"],"potions_floor_usage":[10,13,16,21,33,33,41,50,50],"damage_taken":[{"damage":1,"enemies":"Cultist","floor":1,"turns":3},{"damage":12,"enemies":"2 Louse","floor":3,"turns":3},{"damage":0,"enemies":"Small Slimes","floor":4,"turns":3},{"damage":0,"enemies":"Gremlin Gang","floor":10,"turns":5},{"damage":31,"enemies":"Exordium Wildlife","floor":13,"turns":5},{"damage":7,"enemies":"3 Louse","floor":14,"turns":4},{"damage":42,"enemies":"Hexaghost","floor":16,"turns":20},{"damage":44,"enemies":"Spheric Guardian","floor":18,"turns":9},{"damage":12,"enemies":"3 Byrds","floor":19,"turns":8},{"damage":21,"enemies":"Snake Plant","floor":21,"turns":5},{"damage":21,"enemies":"Cultist and Chosen","floor":22,"turns":11},{"damage":29,"enemies":"Centurion and Healer","floor":24,"turns":11},{"damage":0,"enemies":"Snecko","floor":31,"turns":5},{"damage":20,"enemies":"Champ","floor":33,"turns":13},{"damage":26,"enemies":"3 Shapes","floor":35,"turns":4},{"damage":12,"enemies":"Orb Walker","floor":38,"turns":5},{"damage":41,"enemies":"4 Shapes","floor":39,"turns":10},{"damage":27,"enemies":"Spire Growth","floor":41,"turns":6},{"damage":12,"enemies":"Jaw Worm Horde","floor":44,"turns":9},{"damage":14,"enemies":"3 Darklings","floor":45,"turns":5},{"damage":18,"enemies":"Spire Growth","floor":46,"turns":8},{"damage":4,"enemies":"Maw","floor":47,"turns":9},{"damage":62,"enemies":"Time Eater","floor":50,"turns":11}],"seed_played":"-3151512509166228874","potions_obtained":[{"floor":1,"key":"Fire Potion"},{"floor":3,"key":"Strength Potion"},{"floor":12,"key":"Fruit Juice"},{"floor":12,"key":"GamblersBrew"},{"floor":18,"key":"SpeedPotion"},{"floor":19,"key":"SkillPotion"},{"floor":31,"key":"Dexterity Potion"},{"floor":38,"key":"Fire Potion"},{"floor":39,"key":"FearPotion"},{"floor":41,"key":"Ancient Potion"},{"floor":45,"key":"Dexterity Potion"}],"is_trial":false,"path_per_floor":["M","$","M","M","$","R","?","?","T","M","R","?","M","M","R","B",null,"M","M","?","M","M","R","M","R","T","?","?","$","R","M","R","B",null,"M","?","?","M","M","R","M","R","T","M","M","M","M","?","R","B",null],"character_chosen":"IRONCLAD","items_purchased":["Pocketwatch","Shuriken"],"campfire_rested":2,"item_purchase_floors":[2,29],"current_hp_per_floor":[72,72,66,72,72,72,72,58,58,64,64,64,44,43,43,7,60,28,31,31,23,28,51,40,40,40,40,40,40,40,52,52,48,70,57,57,57,61,42,42,28,51,51,49,71,59,61,77,77,61],"gold":296,"neow_bonus":"TWO_FIFTY_GOLD","is_prod":false,"is_daily":false,"chose_seed":false,"campfire_upgraded":8,"win_rate":0,"timestamp":1543614718,"path_taken":["M","?","?","M","$","R","?","?","T","M","R","?","M","M","R","BOSS","M","?","?","M","M","R","M","R","T","?","?","?","R","M","R","BOSS","M","?","?","M","M","R","M","R","T","M","M","M","M","?","R","BOSS"],"build_version":"2018-11-15","purchased_purges":1,"victory":true,"max_hp_per_floor":[72,72,72,72,72,72,72,72,72,72,72,72,77,77,77,77,77,77,77,77,77,77,77,77,77,77,77,77,77,77,77,77,77,77,77,77,77,77,77,77,77,77,77,77,77,77,77,77,77,77],"card_choices":[{"not_picked":["Clothesline","Sword Boomerang"],"picked":"Evolve","floor":1},{"not_picked":["Searing Blow","Sever Soul"],"picked":"Warcry","floor":3},{"not_picked":["Body Slam","Iron Wave"],"picked":"True Grit","floor":4},{"not_picked":["True Grit","Sentinel"],"picked":"Shockwave","floor":10},{"not_picked":["Heavy Blade","Corruption"],"picked":"Dark Embrace","floor":13},{"not_picked":["Clash","Sword Boomerang"],"picked":"Shrug It Off","floor":14},{"not_picked":["Bludgeon","Limit Break"],"picked":"Reaper","floor":16},{"not_picked":["Wild Strike","Heavy Blade","Clash"],"picked":"SKIP","floor":18},{"not_picked":["Pommel Strike","Shrug It Off"],"picked":"Power Through","floor":19},{"not_picked":["Headbutt","Carnage"],"picked":"Shockwave","floor":21},{"not_picked":["Cleave","Twin Strike","Fire Breathing"],"picked":"SKIP","floor":22},{"not_picked":["Second Wind+1","Fire Breathing"],"picked":"Disarm","floor":24},{"not_picked":["Clothesline+1","Iron Wave"],"picked":"Twin Strike+1","floor":31},{"not_picked":["Brutality","Berserk"],"picked":"Impervious+1","floor":33},{"not_picked":["Heavy Blade","Flex+1"],"picked":"Clothesline+1","floor":35},{"not_picked":["Flex+1","Rage+1","Bloodletting+1"],"picked":"SKIP","floor":38},{"not_picked":["Clash","Thunderclap"],"picked":"Iron Wave","floor":39},{"not_picked":["Uppercut","Flex+1"],"picked":"Limit Break+1","floor":41},{"not_picked":["Wild Strike+1","Inflame"],"picked":"Flex+1","floor":44},{"not_picked":["True Grit+1","Second Wind+1","Perfected Strike+1"],"picked":"SKIP","floor":45},{"not_picked":["Power Through+1","Sword Boomerang+1"],"picked":"Flex+1","floor":46},{"not_picked":["Blood for Blood+1","Clothesline+1"],"picked":"Inflame","floor":47}],"player_experience":553863,"relics_obtained":[{"floor":9,"key":"Bag of Preparation"},{"floor":26,"key":"Toxic Egg 2"},{"floor":43,"key":"Lantern"}],"event_choices":[{"damage_healed":0,"gold_gain":175,"player_choice":"AGREE","damage_taken":0,"max_hp_gain":0,"max_hp_loss":0,"event_name":"Liars Game","floor":7,"gold_loss":0,"cards_obtained":["Doubt"]},{"damage_healed":0,"gold_gain":0,"player_choice":"Entered Light","damage_taken":14,"max_hp_gain":0,"max_hp_loss":0,"event_name":"Shining Light","floor":8,"gold_loss":0,"cards_upgraded":["Warcry","Strike_R"]},{"damage_healed":0,"gold_gain":0,"player_choice":"Bought 3 Potions","damage_taken":0,"max_hp_gain":0,"max_hp_loss":0,"event_name":"The Woman in Blue","floor":12,"gold_loss":0},{"damage_healed":0,"gold_gain":0,"player_choice":"Inject Mutagens","damage_taken":0,"relics_obtained":["MutagenicStrength"],"max_hp_gain":0,"max_hp_loss":0,"event_name":"Drug Dealer","floor":20,"gold_loss":0},{"cards_removed":["Doubt"],"damage_healed":0,"gold_gain":0,"player_choice":"Gave Gold","damage_taken":0,"max_hp_gain":0,"max_hp_loss":0,"event_name":"Beggar","floor":27,"gold_loss":75},{"damage_healed":0,"gold_gain":0,"player_choice":"Simplicity","damage_taken":0,"max_hp_gain":0,"max_hp_loss":0,"event_name":"Back to Basics","floor":28,"gold_loss":0,"cards_upgraded":["Strike_R","Strike_R","Strike_R","Defend_R","Defend_R","Defend_R","Defend_R"]},{"cards_removed":["Strike_R"],"damage_healed":0,"gold_gain":0,"player_choice":"Removed Attack","damage_taken":0,"max_hp_gain":0,"max_hp_loss":0,"event_name":"Falling","floor":36,"gold_loss":0},{"damage_healed":0,"gold_gain":0,"player_choice":"Ignored","damage_taken":0,"max_hp_gain":0,"max_hp_loss":0,"event_name":"Mysterious Sphere","floor":37,"gold_loss":0},{"damage_healed":19,"gold_gain":0,"player_choice":"Writhe","damage_taken":0,"max_hp_gain":0,"max_hp_loss":0,"event_name":"Winding Halls","floor":48,"gold_loss":0,"cards_obtained":["Writhe"]}],"is_beta":true,"boss_relics":[{"not_picked":["Sozu","Orrery"],"picked":"Mark of Pain"},{"not_picked":["Velvet Choker","Cursed Key"],"picked":"Empty Cage"}],"items_purged_floors":[5],"is_endless":false,"potions_floor_spawned":[1,3,18,19,31,38,39,41,45,47],"ascension_level":6}