{"gold_per_floor":[365,33,49,199,253,253,269,282,282,282,299,299,311,324,324,399,399,414,414,334,334,334,334,45,45,45,45,63,63,77,87,87,165,165,179,179,179],"floor_reached":37,"playtime":2375,"items_purged":["Decay"],"score":700,"play_id":"f255bba2-5aa1-42b0-9657-dedc641096cd","local_time":"20190218185331","is_ascension_mode":true,"campfire_choices":[{"data":"Noxious Fumes","floor":6.0,"key":"SMITH"},{"data":"Sucker Punch","floor":10.0,"key":"SMITH"},{"data":"Footwork","floor":12.0,"key":"SMITH"},{"data":"Flechettes","floor":15.0,"key":"SMITH"},{"floor":23.0,"key":"REST"},{"floor":27.0,"key":"REST"},{"data":"Catalyst","floor":29.0,"key":"SMITH"},{"floor":32.0,"key":"REST"}],"neow_cost":"CURSE","seed_source_timestamp":0,"circlet_count":0,"master_deck":["AscendersBane","Defend_G","Defend_G","Defend_G","Defend_G","Defend_G","Strike_G","Survivor","Neutralize","Flechettes+1","Noxious Fumes+1","Cloak And Dagger","Sucker Punch+1","Backflip","Footwork+1","Prepared","Acrobatics","Venomology","Night Terror+1","Leg Sweep+1","Well Laid Plans+1","Cloak And Dagger","PiercingWail","Leg Sweep","Catalyst+1","Prepared","PiercingWail","Malaise","Madness","Madness"],"special_seed":0,"relics":["Ring of the Snake","Bag of Marbles","Pen Nib","The Courier","Astrolabe","MutagenicStrength","Meat on the Bone","WingedGreaves","Empty Cage"],"potions_floor_usage":[37,37],"damage_taken":[{"damage":0.0,"enemies":"2 Louse","floor":1.0,"turns":4.0},{"damage":5.0,"enemies":"Jaw Worm","floor":3.0,"turns":5.0},{"damage":2.0,"enemies":"Small Slimes","floor":7.0,"turns":5.0},{"damage":0.0,"enemies":"Blue Slaver","floor":8.0,"turns":4.0},{"damage":3.0,"enemies":"3 Louse","floor":11.0,"turns":5.0},{"damage":1.0,"enemies":"Exordium Wildlife","floor":13.0,"turns":4.0},{"damage":0.0,"enemies":"Large Slime","floor":14.0,"turns":2.0},{"damage":42.0,"enemies":"Slime Boss","floor":16.0,"turns":11.0},{"damage":37.0,"enemies":"3 Byrds","floor":18.0,"turns":4.0},{"damage":2.0,"enemies":"2 Thieves","floor":20.0,"turns":4.0},{"damage":5.0,"enemies":"Colosseum Slavers","floor":21.0,"turns":6.0},{"damage":1.0,"enemies":"Chosen and Byrds","floor":28.0,"turns":7.0},{"damage":8.0,"enemies":"Centurion and Healer","floor":30.0,"turns":10.0},{"damage":23.0,"enemies":"Snecko","floor":31.0,"turns":8.0},{"damage":61.0,"enemies":"Automaton","floor":33.0,"turns":13.0},{"damage":17,"enemies":"3 Shapes","floor":35,"turns":10},{"damage":31,"enemies":"3 Darklings","floor":37,"turns":7}],"seed_played":"-8363016057920401144","potions_obtained":[{"floor":1.0,"key":"Fire Potion"},{"floor":8.0,"key":"Weak Potion"},{"floor":28.0,"key":"Poison Potion"},{"floor":33.0,"key":"Block Potion"}],"is_trial":false,"path_per_floor":["M","$","M","?","T","R","M","M","T","R","M","R","M","M","R","B",null,"M","?","M","?","?","R","$","?","T","R","M","R","M","M","R","B",null,"M","?","M"],"character_chosen":"THE_SILENT","items_purchased":["Noxious Fumes","Bag of Marbles","Meat on the Bone","Leg Sweep"],"campfire_rested":3,"item_purchase_floors":[2,2,24,24],"current_hp_per_floor":[59,59,54,54,54,54,52,52,52,52,49,49,48,48,48,6,51,14,14,12,7,7,26,26,26,26,45,59,59,51,40,59,25,56,39,27,0],"gold":179,"neow_bonus":"TWO_FIFTY_GOLD","is_prod":false,"is_daily":false,"chose_seed":false,"campfire_upgraded":5,"win_rate":0,"timestamp":1550534011,"path_taken":["M","$","M","?","?","R","M","M","T","R","M","R","M","M","R","BOSS","M","?","M","?","?","R","?","?","T","R","?","R","M","M","R","BOSS","M","?","M"],"build_version":"2019-02-06","purchased_purges":1,"victory":false,"max_hp_per_floor":[66,66,66,66,66,66,66,66,66,66,66,66,66,66,66,66,66,66,66,66,66,66,66,66,66,66,66,66,66,66,66,66,66,66,66,66,66],"card_choices":[{"not_picked":["Concentrate","Poisoned Stab"],"picked":"Flechettes","floor":1.0},{"not_picked":["Dagger Spray","Flying Knee"],"picked":"Cloak And Dagger","floor":3.0},{"not_picked":["Dagger Spray","Dagger Throw"],"picked":"Sucker Punch","floor":7.0},{"not_picked":["Expertise","Terror"],"picked":"Backflip","floor":8.0},{"not_picked":["Infinite Blades","Backflip"],"picked":"Footwork","floor":11.0},{"not_picked":["Sucker Punch","Masterful Stab"],"picked":"Prepared","floor":13.0},{"not_picked":["Bane","Quick Slash"],"picked":"Acrobatics","floor":14.0},{"not_picked":["Die Die Die","Doppelganger"],"picked":"Venomology","floor":16.0},{"not_picked":["Dagger Throw","Distraction"],"picked":"Cloak And Dagger","floor":18.0},{"not_picked":["Riddle With Holes","Backflip"],"picked":"PiercingWail","floor":20.0},{"not_picked":["Poisoned Stab","Night Terror","Skewer"],"picked":"SKIP","floor":28.0},{"not_picked":["Blade Dance","Sucker Punch"],"picked":"Prepared","floor":30.0},{"not_picked":["Concentrate","Flying Knee"],"picked":"PiercingWail","floor":31.0},{"not_picked":["Glass Knife","Envenom"],"picked":"Malaise","floor":33.0},{"not_picked":["Acrobatics","Choke","Outmaneuver"],"picked":"SKIP","floor":35}],"player_experience":991277,"relics_obtained":[{"floor":5.0,"key":"Pen Nib"},{"floor":9.0,"key":"The Courier"},{"floor":26.0,"key":"WingedGreaves"}],"event_choices":[{"damage_healed":0.0,"max_hp_gain":0.0,"max_hp_loss":0.0,"gold_gain":150.0,"event_name":"Liars Game","player_choice":"AGREE","floor":4.0,"gold_loss":0.0,"damage_taken":0.0,"cards_obtained":["Doubt"]},{"damage_healed":0.0,"max_hp_gain":0.0,"max_hp_loss":0.0,"gold_gain":0.0,"event_name":"Drug Dealer","player_choice":"Inject Mutagens","floor":19.0,"gold_loss":0.0,"damage_taken":0.0,"relics_obtained":["MutagenicStrength"]},{"damage_healed":0.0,"max_hp_gain":0.0,"max_hp_loss":0.0,"gold_gain":0.0,"event_name":"Colosseum","player_choice":"Fight","floor":21.0,"gold_loss":0.0,"damage_taken":0.0},{"damage_healed":0.0,"max_hp_gain":0.0,"max_hp_loss":0.0,"gold_gain":0.0,"event_name":"Colosseum","player_choice":"Fled From Nobs","floor":21.0,"gold_loss":0.0,"damage_taken":0.0},{"damage_healed":0.0,"max_hp_gain":0.0,"max_hp_loss":0.0,"gold_gain":0.0,"event_name":"Cursed Tome","player_choice":"Ignored","floor":22.0,"gold_loss":0.0,"damage_taken":0.0},{"damage_healed":0.0,"max_hp_gain":0.0,"max_hp_loss":0.0,"gold_gain":0.0,"event_name":"The Library","player_choice":"Read","floor":25.0,"gold_loss":0.0,"damage_taken":0.0,"cards_obtained":["Catalyst"]},{"damage_healed":0,"gold_gain":0,"player_choice":"Embrace Madness","damage_taken":12,"max_hp_gain":0,"max_hp_loss":0,"event_name":"Winding Halls","floor":36,"gold_loss":0,"cards_obtained":["Madness","Madness"]}],"is_beta":true,"boss_relics":[{"not_picked":["HoveringKite","Sozu"],"picked":"Astrolabe"},{"not_picked":["Runic Dome","Velvet Choker"],"picked":"Empty Cage"}],"items_purged_floors":[2],"is_endless":false,"potions_floor_spawned":[1,8,21,28,31,33],"killed_by":"3 Darklings","ascension_level":19}