{"gold_per_floor":[111,123,198,198,217,248,248,268,292,310,310,310],"floor_reached":12,"playtime":609,"items_purged":[],"score":84,"play_id":"9cc28f33-33cc-43bc-ab06-b79dea2e9f10","local_time":"20190712091447","is_ascension_mode":true,"campfire_choices":[{"floor":7,"key":"REST"}],"neow_cost":"NONE","seed_source_timestamp":142094606216911,"circlet_count":0,"master_deck":["Strike_R","Strike_R","Strike_R","Strike_R","Strike_R+1","Defend_R","Defend_R","Defend_R","Defend_R","Bash+1","Body Slam","True Grit","Thunderclap","Seeing Red","Shrug It Off"],"relics":["White Beast Statue","Pen Nib","Whetstone"],"potions_floor_usage":[6],"damage_taken":[{"damage":0,"enemies":"Small Slimes","floor":1,"turns":4},{"damage":15,"enemies":"Jaw Worm","floor":2,"turns":5},{"damage":6,"enemies":"2 Louse","floor":5,"turns":3},{"damage":43,"enemies":"Lagavulin","floor":6,"turns":8},{"damage":8,"enemies":"2 Fungi Beasts","floor":8,"turns":4},{"damage":11,"enemies":"Large Slime","floor":10,"turns":6},{"damage":10,"enemies":"Lots of Slimes","floor":12,"turns":1}],"seed_played":"-4564999851492911301","potions_obtained":[{"floor":1,"key":"Poison Potion"},{"floor":2,"key":"Dexterity Potion"},{"floor":5,"key":"LiquidBronze"},{"floor":6,"key":"SkillPotion"},{"floor":8,"key":"Explosive Potion"}],"is_trial":false,"path_per_floor":["M","M","?","?","M","E","R","M","T","M","?","M"],"character_chosen":"IRONCLAD","items_purchased":[],"campfire_rested":1,"item_purchase_floors":[],"current_hp_per_floor":[80,65,54,54,48,5,29,21,21,10,36,26],"gold":310,"neow_bonus":"BOSS_RELIC","is_prod":false,"is_daily":false,"chose_seed":false,"campfire_upgraded":0,"win_rate":0,"timestamp":1562948087,"path_taken":["M","M","?","?","M","E","R","M","T","M","?","M"],"build_version":"2019-07-05","purchased_purges":0,"victory":false,"max_hp_per_floor":[80,80,80,80,80,80,80,80,80,80,80,80],"card_choices":[{"not_picked":["Feel No Pain","Thunderclap"],"picked":"Body Slam","floor":1},{"not_picked":["Wild Strike","Dual Wield","Disarm"],"picked":"SKIP","floor":2},{"not_picked":["Clash","Wild Strike"],"picked":"True Grit","floor":5},{"not_picked":["Disarm","Clash"],"picked":"Thunderclap","floor":6},{"not_picked":["Armaments","Whirlwind"],"picked":"Seeing Red","floor":8},{"not_picked":["Dropkick","Perfected Strike"],"picked":"Shrug It Off","floor":10}],"player_experience":122118,"relics_obtained":[{"floor":6,"key":"Pen Nib"},{"floor":9,"key":"Whetstone"}],"event_choices":[{"damage_healed":0,"gold_gain":75,"player_choice":"Gather Gold","damage_taken":11,"max_hp_gain":0,"max_hp_loss":0,"event_name":"World of Goop","floor":3,"gold_loss":0},{"damage_healed":0,"gold_gain":0,"player_choice":"Ignored","damage_taken":0,"max_hp_gain":0,"max_hp_loss":0,"event_name":"Liars Game","floor":4,"gold_loss":0},{"damage_healed":26,"gold_gain":0,"player_choice":"Banana","damage_taken":0,"max_hp_gain":0,"max_hp_loss":0,"event_name":"Big Fish","floor":11,"gold_loss":0}],"is_beta":false,"boss_relics":[],"items_purged_floors":[],"is_endless":false,"potions_floor_spawned":[1,2,5,6,8,10],"killed_by":"Lots of Slimes","ascension_level":1}