{"gold_per_floor":[119,119,135,135,135,161,172,172,197,230,241,241,260,280,280,403,403,381,160,175,175],"floor_reached":21,"playtime":1472,"items_purged":[],"score":210,"play_id":"a654febf-a768-426a-a792-92ad022dfedf","local_time":"20190602114842","is_ascension_mode":true,"campfire_choices":[{"floor":8.0,"key":"RECALL"},{"data":"Seeing Red","floor":15.0,"key":"SMITH"}],"neow_cost":"NONE","seed_source_timestamp":236348505698322,"circlet_count":0,"master_deck":["Strike_R","Strike_R","Strike_R","Strike_R","Strike_R","Defend_R","Defend_R","Defend_R","Defend_R","Seeing Red+1","Inflame","Berserk+1","Anger","Sword Boomerang","Impervious","Clash","Inflame","Spot Weakness","Injury","Ghostly Armor","Limit Break","Normality","Doubt","Normality","Entrench","Infernal Blade","Iron Wave+1"],"special_seed":0,"relics":["Burning Blood","Bag of Preparation","Regal Pillow","Matryoshka","Golden Idol","Calling Bell","Smiling Mask","Gremlin Horn","Peace Pipe","Art of War"],"potions_floor_usage":[18,18],"damage_taken":[{"damage":0.0,"enemies":"2 Louse","floor":1.0,"turns":3.0},{"damage":9.0,"enemies":"Cultist","floor":3.0,"turns":4.0},{"damage":26.0,"enemies":"Lagavulin","floor":6.0,"turns":5.0},{"damage":0.0,"enemies":"Small Slimes","floor":7.0,"turns":3.0},{"damage":13.0,"enemies":"Gremlin Nob","floor":10.0,"turns":4.0},{"damage":0.0,"enemies":"Blue Slaver","floor":11.0,"turns":2.0},{"damage":1.0,"enemies":"Looter","floor":13.0,"turns":3.0},{"damage":0.0,"enemies":"Gremlin Gang","floor":14.0,"turns":3.0},{"damage":30.0,"enemies":"Slime Boss","floor":16.0,"turns":10.0},{"damage":47,"enemies":"2 Thieves","floor":18,"turns":5},{"damage":26,"enemies":"Spheric Guardian","floor":20,"turns":5},{"damage":32,"enemies":"Snake Plant","floor":21,"turns":4}],"seed_played":"17266122921053839","potions_obtained":[{"floor":1.0,"key":"Explosive Potion"},{"floor":3.0,"key":"SpeedPotion"},{"floor":11.0,"key":"BloodPotion"},{"floor":13.0,"key":"AttackPotion"},{"floor":16.0,"key":"Fire Potion"},{"floor":20,"key":"SpeedPotion"}],"is_trial":false,"path_per_floor":["M","?","M","?","?","E","M","R","T","E","M","?","M","M","R","B",null,"M","$","M","M"],"character_chosen":"IRONCLAD","items_purchased":["Art of War","Infernal Blade"],"campfire_rested":0,"item_purchase_floors":[19,19],"current_hp_per_floor":[80,80,77,77,77,57,63,63,63,56,62,62,67,73,73,49,80,47,47,27,0],"gold":175,"neow_bonus":"TRANSFORM_CARD","is_prod":false,"is_daily":false,"chose_seed":false,"campfire_upgraded":1,"win_rate":0,"timestamp":1559490522,"path_taken":["M","?","?","?","?","E","M","R","T","E","M","?","M","?","R","BOSS","M","$","M","M"],"build_version":"2019-01-23","purchased_purges":0,"victory":false,"max_hp_per_floor":[80,80,80,80,80,80,80,80,80,80,80,80,80,80,80,80,80,80,80,80,80],"card_choices":[{"not_picked":["Heavy Blade","Wild Strike"],"picked":"Inflame","floor":1.0},{"not_picked":["True Grit","Wild Strike"],"picked":"Sword Boomerang","floor":3.0},{"not_picked":["Burning Pact","Twin Strike"],"picked":"Impervious","floor":6.0},{"not_picked":["Thunderclap","Heavy Blade"],"picked":"Clash","floor":7.0},{"not_picked":["Cleave","Flex"],"picked":"Inflame","floor":10.0},{"not_picked":["Anger","Ghostly Armor"],"picked":"Spot Weakness","floor":11.0},{"not_picked":["Combust","Twin Strike"],"picked":"Ghostly Armor","floor":13.0},{"not_picked":["Corruption","Carnage","Searing Blow"],"picked":"SKIP","floor":14.0},{"not_picked":["Immolate","Barricade"],"picked":"Limit Break","floor":16.0},{"not_picked":["Burning Pact+1","Bloodletting"],"picked":"Entrench","floor":18},{"not_picked":["Havoc","Twin Strike"],"picked":"Iron Wave+1","floor":20}],"player_experience":418830,"relics_obtained":[{"floor":6.0,"key":"Bag of Preparation"},{"floor":9.0,"key":"Regal Pillow"},{"floor":10.0,"key":"Matryoshka"},{"floor":17.0,"key":"Smiling Mask"},{"floor":17.0,"key":"Gremlin Horn"},{"floor":17.0,"key":"Peace Pipe"}],"event_choices":[{"damage_healed":0.0,"max_hp_gain":0.0,"max_hp_loss":0.0,"gold_gain":0.0,"event_name":"Match and Keep!","player_choice":"2 cards matched","floor":2.0,"gold_loss":0.0,"damage_taken":0.0,"cards_obtained":["Berserk","Anger"]},{"damage_healed":0.0,"max_hp_gain":0.0,"max_hp_loss":0.0,"gold_gain":0.0,"event_name":"Golden Wing","player_choice":"Ignored","floor":4.0,"gold_loss":0.0,"damage_taken":0.0},{"damage_healed":0.0,"max_hp_gain":0.0,"max_hp_loss":0.0,"gold_gain":0.0,"event_name":"Living Wall","player_choice":"Grow","floor":5.0,"gold_loss":0.0,"damage_taken":0.0,"cards_upgraded":["Berserk"]},{"damage_healed":0.0,"max_hp_gain":0.0,"max_hp_loss":0.0,"gold_gain":0.0,"event_name":"Golden Idol","player_choice":"Take Wound","floor":12.0,"gold_loss":0.0,"damage_taken":0.0,"relics_obtained":["Golden Idol"],"cards_obtained":["Injury"]}],"is_beta":false,"boss_relics":[{"not_picked":["Pandora\u0027s Box","Runic Pyramid"],"picked":"Calling Bell"}],"items_purged_floors":[],"is_endless":false,"potions_floor_spawned":[1,3,11,13,16,20],"killed_by":"Snake Plant","ascension_level":2}