{"gold_per_floor":[118,118,118,118,118,158,4,47,72,72,72,110,110,56,56,149,149,165,43,43,43,43,43],"floor_reached":23,"playtime":748,"items_purged":["Strike_R"],"score":410,"play_id":"6dcfe038-4d1e-4458-92e1-d52434c83dfd","local_time":"20190716223305","is_ascension_mode":true,"campfire_choices":[{"data":"Panacea","floor":10,"key":"SMITH"},{"data":"Inflame","floor":13,"key":"SMITH"},{"data":"Armaments","floor":15,"key":"SMITH"}],"neow_cost":"NONE","seed_source_timestamp":1818823127464400,"circlet_count":0,"master_deck":["AscendersBane","Strike_R","Strike_R","Defend_R","Defend_R","Defend_R+1","Defend_R","Bash","Shrug It Off+1","Anger","Panacea+1","Inflame+1","Heavy Blade","Battle Trance","Armaments+1","Berserk","Heavy Blade","Rage","True Grit"],"relics":["Burning Blood","NeowsBlessing","Bloody Idol","Ornamental Fan","Oddly Smooth Stone","Orichalcum","War Paint","Juzu Bracelet","Bag of Preparation","Spirit Poop","Dream Catcher","Snecko Eye"],"potions_floor_usage":[16,18],"damage_taken":[{"damage":0,"enemies":"Jaw Worm","floor":1,"turns":1},{"damage":0,"enemies":"Gremlin Nob","floor":6,"turns":1},{"damage":0,"enemies":"3 Sentries","floor":8,"turns":2},{"damage":30,"enemies":"Lagavulin","floor":12,"turns":5},{"damage":22,"enemies":"The Guardian","floor":16,"turns":12},{"damage":0,"enemies":"Chosen","floor":18,"turns":4},{"damage":0,"enemies":"Gremlin Leader","floor":23,"turns":2}],"seed_played":"-69188961215075494","potions_obtained":[{"floor":1,"key":"Regen Potion"},{"floor":16,"key":"Energy Potion"}],"is_trial":false,"path_per_floor":["M","?","T","?","T","E","$","E","T","R","?","E","R","$","R","B",null,"M","$","?","?","?","E"],"character_chosen":"IRONCLAD","items_purchased":["Panacea","Inflame","Armaments","Heavy Blade"],"campfire_rested":0,"item_purchase_floors":[7,7,14,19],"current_hp_per_floor":[78,78,78,75,75,80,80,80,80,80,80,56,56,56,56,55,74,80,80,80,80,80,80],"gold":43,"neow_bonus":"THREE_ENEMY_KILL","is_prod":false,"is_daily":false,"chose_seed":false,"campfire_upgraded":3,"win_rate":0,"timestamp":1563330785,"path_taken":["M","?","?","?","?","E","$","E","T","R","?","E","R","?","R","BOSS","M","$","?","?","?","E"],"build_version":"2019-07-05","purchased_purges":1,"victory":false,"max_hp_per_floor":[80,80,80,80,80,80,80,80,80,80,80,80,80,80,80,80,80,80,80,80,80,80,80],"card_choices":[{"not_picked":["Sever Soul","Heavy Blade"],"picked":"Shrug It Off","floor":1},{"not_picked":["Corruption","Reckless Charge"],"picked":"Anger","floor":6},{"not_picked":["Entrench","Intimidate"],"picked":"Heavy Blade","floor":8},{"not_picked":["Dual Wield","Warcry"],"picked":"Battle Trance","floor":12},{"not_picked":["Brutality","Dark Embrace"],"picked":"Berserk","floor":16},{"not_picked":["Warcry","Pommel Strike","Wild Strike"],"picked":"SKIP","floor":18}],"player_experience":653224,"relics_obtained":[{"floor":3,"key":"Ornamental Fan"},{"floor":5,"key":"Orichalcum"},{"floor":6,"key":"War Paint"},{"floor":8,"key":"Juzu Bracelet"},{"floor":9,"key":"Bag of Preparation"},{"floor":12,"key":"Dream Catcher"}],"event_choices":[{"damage_healed":0,"gold_gain":0,"player_choice":"Take Wound","damage_taken":0,"relics_obtained":["Golden Idol"],"max_hp_gain":0,"max_hp_loss":0,"event_name":"Golden Idol","floor":2,"gold_loss":0,"cards_obtained":["Injury"]},{"damage_healed":0,"gold_gain":0,"player_choice":"Success","damage_taken":3,"relics_obtained":["Oddly Smooth Stone"],"max_hp_gain":0,"max_hp_loss":0,"event_name":"Scrap Ooze","floor":4,"gold_loss":0},{"cards_removed":["Injury"],"damage_healed":0,"gold_gain":0,"player_choice":"Offered Curse","damage_taken":0,"relics_obtained":["Spirit Poop"],"max_hp_gain":0,"max_hp_loss":0,"event_name":"Bonfire Elementals","floor":11,"gold_loss":0},{"damage_healed":0,"gold_gain":0,"player_choice":"Gave Idol","damage_taken":0,"relics_obtained":["Bloody Idol"],"max_hp_gain":0,"max_hp_loss":0,"event_name":"Forgotten Altar","floor":20,"relics_lost":["Golden Idol"],"gold_loss":0},{"damage_healed":0,"gold_gain":0,"player_choice":"Ignored","damage_taken":0,"max_hp_gain":0,"max_hp_loss":0,"event_name":"Vampires","floor":21,"gold_loss":0},{"damage_healed":0,"gold_gain":0,"cards_transformed":["Strike_R","Strike_R"],"player_choice":"Became Test Subject","damage_taken":0,"max_hp_gain":0,"max_hp_loss":0,"event_name":"Drug Dealer","floor":22,"gold_loss":0,"cards_obtained":["Rage","True Grit"]}],"is_beta":false,"boss_relics":[{"not_picked":["Velvet Choker","Runic Dome"],"picked":"Snecko Eye"}],"items_purged_floors":[19],"is_endless":false,"potions_floor_spawned":[1,16],"killed_by":"Gremlin Leader","ascension_level":13}