{"gold_per_floor":[115,115,127,127,143,143,204,218,263,293,308,308,323,9,9,110,110,120,170,180,195,208,208,221,221,244,244,255,255,255,274,274,375,375,394,408,181,181,192,219,219,494,494,509,509,509,114,132,132,132],"floor_reached":51,"playtime":1145,"items_purged":["Strike_R","Strike_R"],"score":756,"play_id":"0aea79d1-0be7-435e-924d-193d3142cb2c","local_time":"20190703054645","is_ascension_mode":false,"campfire_choices":[{"data":"Bash","floor":6.0,"key":"SMITH"},{"data":"Sword Boomerang","floor":12.0,"key":"SMITH"},{"floor":15.0,"key":"DIG"},{"data":"1","floor":23,"key":"LIFT"},{"data":"2","floor":27,"key":"LIFT"},{"data":"3","floor":30,"key":"LIFT"},{"floor":32,"key":"DIG"},{"floor":41,"key":"DIG"},{"data":"Limit Break","floor":45,"key":"SMITH"},{"floor":49,"key":"DIG"}],"neow_cost":"CURSE","seed_source_timestamp":29859220747199,"circlet_count":0,"master_deck":["Strike_R","Strike_R+1","Defend_R","Defend_R","Defend_R","Defend_R","Bash+1","Injury","Heavy Blade+1","Sword Boomerang+1","Headbutt+1","Pummel","Headbutt","Disarm","Heavy Blade","Limit Break+1","Pommel Strike+1","Disarm","Shame","Writhe","Sword Boomerang","Shrug It Off+1","Reaper"],"special_seed":0,"relics":["Burning Blood","Du-Vu Doll","Bronze Scales","Orichalcum","Juzu Bracelet","Vajra","Shovel","Girya","Busted Crown","Art of War","PreservedInsect","Pear","Coffee Dripper","Happy Flower","Omamori","Whetstone","Bottled Lightning","Centennial Puzzle","Bag of Marbles"],"potions_floor_usage":[50,50],"damage_taken":[{"damage":2.0,"enemies":"2 Louse","floor":1.0,"turns":4.0},{"damage":1.0,"enemies":"Small Slimes","floor":3.0,"turns":3.0},{"damage":1.0,"enemies":"Jaw Worm","floor":5.0,"turns":3.0},{"damage":27.0,"enemies":"3 Sentries","floor":7.0,"turns":8.0},{"damage":5.0,"enemies":"Looter","floor":8.0,"turns":3.0},{"damage":0.0,"enemies":"Gremlin Nob","floor":10.0,"turns":3.0},{"damage":9.0,"enemies":"Exordium Wildlife","floor":11.0,"turns":3.0},{"damage":10.0,"enemies":"Lots of Slimes","floor":13.0,"turns":2.0},{"damage":28.0,"enemies":"The Guardian","floor":16.0,"turns":10.0},{"damage":5.0,"enemies":"Spheric Guardian","floor":18.0,"turns":3.0},{"damage":0,"enemies":"Chosen","floor":20,"turns":2},{"damage":15,"enemies":"Shelled Parasite and Fungi","floor":21,"turns":3},{"damage":4,"enemies":"Sentry and Sphere","floor":22,"turns":3},{"damage":5,"enemies":"Snake Plant","floor":24,"turns":2},{"damage":9,"enemies":"Snecko","floor":28,"turns":2},{"damage":4,"enemies":"Sentry and Sphere","floor":31,"turns":3},{"damage":29,"enemies":"Automaton","floor":33,"turns":6},{"damage":8,"enemies":"Orb Walker","floor":35,"turns":2},{"damage":15,"enemies":"3 Darklings","floor":36,"turns":3},{"damage":34,"enemies":"Jaw Worm Horde","floor":39,"turns":3},{"damage":3,"enemies":"Reptomancer","floor":40,"turns":3},{"damage":22,"enemies":"Maw","floor":44,"turns":3},{"damage":14,"enemies":"4 Shapes","floor":48,"turns":3},{"damage":25,"enemies":"Donu and Deca","floor":50,"turns":4}],"seed_played":"6632890448453655850","potions_obtained":[{"floor":5.0,"key":"Ancient Potion"},{"floor":7.0,"key":"FairyPotion"},{"floor":10.0,"key":"Dexterity Potion"},{"floor":35,"key":"Dexterity Potion"}],"is_trial":false,"path_per_floor":["M","?","M","?","M","R","?","M","T","E","M","R","M","$","R","B",null,"M","?","M","M","M","R","M","?","T","R","M","?","R","M","R","B",null,"M","M","$","?","M","E","R","?","T","M","R","?","$","M","R","B",null],"character_chosen":"IRONCLAD","items_purchased":["Shovel","Heavy Blade","Happy Flower","Reaper","Centennial Puzzle"],"campfire_rested":0,"item_purchase_floors":[14,14,37,47,47],"current_hp_per_floor":[80,68,73,73,78,78,57,58,58,64,61,61,57,57,57,35,80,80,80,80,71,73,73,74,74,74,74,71,71,71,73,83,60,90,88,79,79,90,62,65,65,65,65,49,49,49,49,88,88,69],"gold":132,"neow_bonus":"ONE_RARE_RELIC","is_prod":false,"is_daily":false,"chose_seed":false,"campfire_upgraded":3,"win_rate":0,"timestamp":1562154405,"path_taken":["M","?","M","?","?","R","?","M","T","E","M","R","M","$","R","BOSS","M","?","M","M","M","R","M","?","T","R","M","?","R","M","R","BOSS","M","M","$","?","M","E","R","?","T","M","R","?","?","M","R","BOSS"],"build_version":"2019-07-01","purchased_purges":2,"victory":true,"max_hp_per_floor":[80,80,80,80,80,80,80,80,80,80,80,80,80,80,80,80,80,80,80,80,80,80,80,80,80,80,80,80,80,80,80,90,90,90,90,90,90,90,90,90,90,90,90,90,90,90,90,90,90,90],"card_choices":[{"not_picked":["True Grit","Anger","Entrench"],"picked":"SKIP","floor":1.0},{"not_picked":["Body Slam","Spot Weakness"],"picked":"Heavy Blade","floor":3.0},{"not_picked":["Sever Soul","Iron Wave"],"picked":"Sword Boomerang","floor":5.0},{"not_picked":["Infernal Blade","Fiend Fire"],"picked":"Headbutt","floor":7.0},{"not_picked":["Second Wind","Body Slam"],"picked":"Pummel","floor":8.0},{"not_picked":["Ghostly Armor","Shrug It Off"],"picked":"Headbutt","floor":10.0},{"not_picked":["Perfected Strike","Clothesline","True Grit"],"picked":"SKIP","floor":11.0},{"not_picked":["Power Through","Burning Pact"],"picked":"Disarm","floor":13.0},{"not_picked":["Exhume","Dark Embrace"],"picked":"Limit Break","floor":16.0},{"not_picked":["Wild Strike"],"picked":"SKIP","floor":18.0},{"not_picked":["Clash"],"picked":"SKIP","floor":20},{"not_picked":[],"picked":"Pommel Strike+1","floor":21},{"not_picked":["Clothesline"],"picked":"SKIP","floor":22},{"not_picked":["Flex"],"picked":"SKIP","floor":24},{"not_picked":["Shrug It Off"],"picked":"SKIP","floor":28},{"not_picked":["Burning Pact"],"picked":"SKIP","floor":31},{"not_picked":["Evolve+1"],"picked":"SKIP","floor":35},{"not_picked":["True Grit"],"picked":"SKIP","floor":36},{"not_picked":[],"picked":"Sword Boomerang","floor":39},{"not_picked":[],"picked":"Shrug It Off+1","floor":40},{"not_picked":["Intimidate"],"picked":"SKIP","floor":44},{"not_picked":["Twin Strike"],"picked":"SKIP","floor":48}],"player_experience":1537064,"relics_obtained":[{"floor":7.0,"key":"Orichalcum"},{"floor":9.0,"key":"Juzu Bracelet"},{"floor":10.0,"key":"Vajra"},{"floor":15.0,"key":"Girya"},{"floor":26,"key":"Art of War"},{"floor":32,"key":"Pear"},{"floor":40,"key":"Omamori"},{"floor":41,"key":"Whetstone"},{"floor":43,"key":"Bottled Lightning"},{"floor":49,"key":"Bag of Marbles"}],"event_choices":[{"damage_healed":0.0,"max_hp_gain":0.0,"max_hp_loss":0.0,"gold_gain":0.0,"event_name":"Scrap Ooze","player_choice":"Success","floor":2.0,"gold_loss":0.0,"damage_taken":12.0,"relics_obtained":["Bronze Scales"]},{"damage_healed":0.0,"max_hp_gain":0.0,"max_hp_loss":0.0,"gold_gain":0.0,"event_name":"Living Wall","player_choice":"Grow","floor":4.0,"gold_loss":0.0,"damage_taken":0.0,"cards_upgraded":["Heavy Blade"]},{"damage_healed":0.0,"max_hp_gain":0.0,"max_hp_loss":0.0,"gold_gain":30.0,"event_name":"Dead Adventurer","player_choice":"Searched \u00273\u0027 times","floor":7.0,"gold_loss":0.0,"damage_taken":0.0},{"damage_healed":0,"gold_gain":100,"player_choice":"Bet on Murderer","damage_taken":0,"max_hp_gain":0,"max_hp_loss":0,"event_name":"The Joust","floor":19,"gold_loss":50},{"damage_healed":0,"gold_gain":0,"cards_transformed":["Strike_R"],"player_choice":"Transformed","damage_taken":0,"max_hp_gain":0,"max_hp_loss":0,"event_name":"Transmorgrifier","floor":25,"gold_loss":0,"cards_obtained":["Disarm"]},{"damage_healed":0,"gold_gain":0,"player_choice":"Stole Relic","damage_taken":0,"relics_obtained":["PreservedInsect"],"max_hp_gain":0,"max_hp_loss":0,"event_name":"Addict","floor":29,"gold_loss":0,"cards_obtained":["Shame"]},{"damage_healed":23,"gold_gain":0,"player_choice":"Writhe","damage_taken":0,"max_hp_gain":0,"max_hp_loss":0,"event_name":"Winding Halls","floor":38,"gold_loss":0,"cards_obtained":["Writhe"]},{"damage_healed":0,"gold_gain":275,"player_choice":"Desecrate","damage_taken":0,"max_hp_gain":0,"max_hp_loss":0,"event_name":"Golden Shrine","floor":42,"gold_loss":0,"cards_obtained":["Regret"]},{"damage_healed":0,"gold_gain":0,"player_choice":"Ignored","damage_taken":0,"max_hp_gain":0,"max_hp_loss":0,"event_name":"SecretPortal","floor":46,"gold_loss":0}],"is_beta":false,"boss_relics":[{"not_picked":["Velvet Choker","Fusion Hammer"],"picked":"Busted Crown"},{"not_picked":["Runic Pyramid","Snecko Eye"],"picked":"Coffee Dripper"}],"items_purged_floors":[37,47],"is_endless":false,"potions_floor_spawned":[5,7,10,13,20,21,33,35,48],"ascension_level":0}