{"gold_per_floor":[367,332,332,342,28,60,60,60,60,73,73,100,112,187,187,260,260,271,196,271,283,295,295,326,342,424,455,474,485,485,510,510,587,587,597,597,697,697,708,728,277,277,302,329,40,52,70,84,84,84],"floor_reached":51,"playtime":2191,"items_purged":["Pain","Strike_R"],"score":1300,"play_id":"92b0eea8-c562-4e48-9cab-42d4feb5b976","local_time":"20190716234833","is_ascension_mode":true,"campfire_choices":[{"floor":7,"key":"REST"},{"data":"Bash","floor":11,"key":"SMITH"},{"floor":15,"key":"REST"},{"floor":23,"key":"REST"},{"data":"Spot Weakness","floor":30,"key":"SMITH"},{"floor":32,"key":"REST"},{"data":"Limit Break","floor":42,"key":"SMITH"},{"floor":49,"key":"REST"}],"neow_cost":"PERCENT_DAMAGE","seed_source_timestamp":1821896865469300,"circlet_count":0,"master_deck":["AscendersBane","Strike_R+1","Strike_R+1","Defend_R","Defend_R+1","Defend_R","Defend_R+1","Bash+1","Headbutt","Pommel Strike","Inflame","Spot Weakness+1","Feed+1","Bludgeon+1","Reckless Charge+1","Twin Strike+1","Thunderclap+1","Anger+1","Pummel+1","Blood for Blood+1","Juggernaut","Body Slam+1","Secret Technique","Jack Of All Trades","Headbutt+1","Headbutt+1","The Bomb","Limit Break+1","Sword Boomerang+1","Twin Strike+1","Heavy Blade+1","Pommel Strike+1","Flex+1","Parasite","Wild Strike+1"],"relics":["Burning Blood","Thread and Needle","Regal Pillow","Boot","Molten Egg 2","Busted Crown","War Paint","Ornamental Fan","Happy Flower","Strawberry","Snecko Eye","FossilizedHelix","WarpedTongs","Ancient Tea Set","Calipers","Vajra"],"potions_floor_usage":[13,16,16,24,27,27,33,44,50,50],"damage_taken":[{"damage":2,"enemies":"Jaw Worm","floor":1,"turns":3},{"damage":10,"enemies":"Small Slimes","floor":4,"turns":3},{"damage":25,"enemies":"Gremlin Nob","floor":6,"turns":4},{"damage":0,"enemies":"2 Louse","floor":10,"turns":2},{"damage":33,"enemies":"Lagavulin","floor":12,"turns":6},{"damage":8,"enemies":"Large Slime","floor":13,"turns":4},{"damage":43,"enemies":"Hexaghost","floor":16,"turns":9},{"damage":14,"enemies":"Shell Parasite","floor":18,"turns":5},{"damage":3,"enemies":"Chosen","floor":21,"turns":2},{"damage":27,"enemies":"Sentry and Sphere","floor":22,"turns":5},{"damage":47,"enemies":"Book of Stabbing","floor":24,"turns":5},{"damage":23,"enemies":"Centurion and Healer","floor":25,"turns":5},{"damage":22,"enemies":"Gremlin Leader","floor":27,"turns":6},{"damage":14,"enemies":"Shelled Parasite and Fungi","floor":28,"turns":3},{"damage":0,"enemies":"3 Cultists","floor":29,"turns":4},{"damage":7,"enemies":"Book of Stabbing","floor":31,"turns":3},{"damage":104,"enemies":"Automaton","floor":33,"turns":10},{"damage":2,"enemies":"3 Darklings","floor":35,"turns":3},{"damage":0,"enemies":"Mind Bloom Boss Battle","floor":37,"turns":5},{"damage":1,"enemies":"Orb Walker","floor":39,"turns":3},{"damage":8,"enemies":"Sphere and 2 Shapes","floor":40,"turns":3},{"damage":26,"enemies":"Reptomancer","floor":44,"turns":4},{"damage":9,"enemies":"3 Darklings","floor":46,"turns":3},{"damage":0,"enemies":"Spire Growth","floor":47,"turns":3},{"damage":0,"enemies":"Writhing Mass","floor":48,"turns":3},{"damage":81,"enemies":"Donu and Deca","floor":50,"turns":6}],"seed_played":"1878911614777620855","potions_obtained":[{"floor":1,"key":"LiquidBronze"},{"floor":10,"key":"Fire Potion"},{"floor":13,"key":"Weak Potion"},{"floor":16,"key":"EssenceOfSteel"},{"floor":22,"key":"Ancient Potion"},{"floor":24,"key":"EssenceOfSteel"},{"floor":25,"key":"BloodPotion"},{"floor":27,"key":"BloodPotion"},{"floor":29,"key":"BloodPotion"},{"floor":33,"key":"Strength Potion"},{"floor":40,"key":"AttackPotion"},{"floor":44,"key":"FearPotion"}],"is_trial":false,"path_per_floor":["M","?","?","M","$","E","R","?","T","M","R","E","M","?","R","B",null,"M","?","?","M","M","R","E","M","T","E","M","M","R","E","R","B",null,"M","?","?","?","M","M","$","R","T","E","$","M","M","M","R","B",null],"character_chosen":"IRONCLAD","items_purchased":["Thread and Needle","The Bomb","Limit Break","Sword Boomerang+1","Heavy Blade+1","Vajra"],"campfire_rested":5,"item_purchase_floors":[5,41,41,41,45,45],"current_hp_per_floor":[55,75,59,55,55,36,75,68,68,74,74,47,45,34,73,40,73,69,69,61,68,47,89,52,35,35,43,39,49,49,59,108,38,96,100,90,96,96,105,103,103,103,103,83,83,80,86,92,119,73],"gold":84,"neow_bonus":"TWO_FIFTY_GOLD","is_prod":false,"is_daily":false,"chose_seed":false,"campfire_upgraded":3,"win_rate":0,"timestamp":1563335313,"path_taken":["M","?","?","M","$","E","R","?","T","M","R","E","M","?","R","BOSS","M","?","?","?","M","R","E","M","T","E","M","M","R","E","R","BOSS","M","?","?","?","?","M","$","R","T","E","$","M","M","M","R","BOSS"],"build_version":"2019-07-05","purchased_purges":2,"victory":true,"max_hp_per_floor":[80,80,80,80,80,80,80,80,80,80,80,80,80,80,80,84,84,88,88,88,92,92,92,96,96,96,96,100,104,104,115,115,115,115,115,115,115,115,119,119,119,119,119,119,119,119,119,119,119,119],"card_choices":[{"not_picked":["Twin Strike","Second Wind"],"picked":"Headbutt","floor":1},{"not_picked":["Sentinel","Havoc"],"picked":"Pommel Strike","floor":4},{"not_picked":["Evolve","Shrug It Off"],"picked":"Inflame","floor":6},{"not_picked":["Clash","True Grit"],"picked":"Spot Weakness","floor":10},{"not_picked":["Second Wind","Combust","Clothesline"],"picked":"SKIP","floor":12},{"not_picked":["Whirlwind+1","Flex"],"picked":"Feed+1","floor":13},{"not_picked":["Brutality","Reaper+1"],"picked":"Bludgeon+1","floor":16},{"not_picked":[],"picked":"Reckless Charge+1","floor":18},{"not_picked":["Corruption"],"picked":"SKIP","floor":21},{"not_picked":[],"picked":"Twin Strike+1","floor":22},{"not_picked":["Rage"],"picked":"SKIP","floor":24},{"not_picked":[],"picked":"Thunderclap+1","floor":25},{"not_picked":[],"picked":"Anger+1","floor":27},{"not_picked":["Armaments"],"picked":"SKIP","floor":28},{"not_picked":[],"picked":"Pummel+1","floor":29},{"not_picked":[],"picked":"Blood for Blood+1","floor":31},{"not_picked":[],"picked":"Juggernaut","floor":33},{"not_picked":[],"picked":"Body Slam+1","floor":35},{"not_picked":[],"picked":"Secret Technique","floor":36},{"not_picked":[],"picked":"Jack Of All Trades","floor":36},{"not_picked":[],"picked":"Headbutt+1","floor":37},{"not_picked":["Armaments"],"picked":"SKIP","floor":39},{"not_picked":[],"picked":"Headbutt+1","floor":40},{"not_picked":[],"picked":"Twin Strike+1","floor":44},{"not_picked":[],"picked":"Pommel Strike+1","floor":46},{"not_picked":[],"picked":"Flex+1","floor":47},{"not_picked":[],"picked":"Wild Strike+1","floor":48}],"player_experience":656272,"relics_obtained":[{"floor":6,"key":"Regal Pillow"},{"floor":9,"key":"Boot"},{"floor":12,"key":"Molten Egg 2"},{"floor":24,"key":"War Paint"},{"floor":26,"key":"Ornamental Fan"},{"floor":27,"key":"Happy Flower"},{"floor":31,"key":"Strawberry"},{"floor":37,"key":"FossilizedHelix"},{"floor":43,"key":"Ancient Tea Set"},{"floor":44,"key":"Calipers"}],"event_choices":[{"damage_healed":20,"gold_gain":0,"player_choice":"Healed","damage_taken":0,"max_hp_gain":0,"max_hp_loss":0,"event_name":"The Cleric","floor":2,"gold_loss":35},{"damage_healed":0,"gold_gain":0,"player_choice":"Entered Light","damage_taken":16,"max_hp_gain":0,"max_hp_loss":0,"event_name":"Shining Light","floor":3,"gold_loss":0,"cards_upgraded":["Strike_R","Strike_R"]},{"cards_removed":["Strike_R"],"damage_healed":0,"gold_gain":0,"player_choice":"Card Removal","damage_taken":7,"max_hp_gain":0,"max_hp_loss":0,"event_name":"Golden Wing","floor":8,"gold_loss":0},{"damage_healed":0,"gold_gain":75,"player_choice":"Gather Gold","damage_taken":11,"max_hp_gain":0,"max_hp_loss":0,"event_name":"World of Goop","floor":14,"gold_loss":0},{"cards_removed":["Strike_R"],"damage_healed":0,"gold_gain":0,"player_choice":"Gave Gold","damage_taken":0,"max_hp_gain":0,"max_hp_loss":0,"event_name":"Beggar","floor":19,"gold_loss":75},{"damage_healed":0,"gold_gain":75,"player_choice":"Touch","damage_taken":8,"max_hp_gain":0,"max_hp_loss":0,"event_name":"FaceTrader","floor":20,"gold_loss":0},{"damage_healed":0,"gold_gain":0,"player_choice":"Memory 3","damage_taken":10,"max_hp_gain":0,"max_hp_loss":0,"event_name":"SensoryStone","floor":36,"gold_loss":0},{"damage_healed":0,"gold_gain":0,"player_choice":"Fight","damage_taken":0,"max_hp_gain":0,"max_hp_loss":0,"event_name":"MindBloom","floor":37,"gold_loss":0},{"damage_healed":0,"gold_gain":0,"player_choice":"Rummage","damage_taken":0,"relics_obtained":["WarpedTongs"],"max_hp_gain":0,"max_hp_loss":0,"event_name":"Accursed Blacksmith","floor":38,"gold_loss":0,"cards_obtained":["Pain"]}],"is_beta":false,"boss_relics":[{"not_picked":["Empty Cage","Mark of Pain"],"picked":"Busted Crown"},{"not_picked":["Pandora\u0027s Box","Calling Bell"],"picked":"Snecko Eye"}],"items_purged_floors":[41,45],"is_endless":false,"potions_floor_spawned":[1,10,13,16,22,24,25,27,29,33,37,40,44,46,47],"ascension_level":13}