{"path_per_floor":["M","M","M","$","M","E","R","M","T","R","M","R","?","M","R","B",null,"M","?","M","?","?"],"character_chosen":"IRONCLAD","items_purchased":["Armaments"],"gold_per_floor":[112,122,137,114,132,163,163,183,183,183,183,183,183,183,183,279,279,290,205,190,190,190,190],"floor_reached":23,"campfire_rested":1,"playtime":2050,"item_purchase_floors":[],"current_hp_per_floor":[76,76,76,76,62,32,73,79,79,79,68,68,88,88,88,55,88,58,58,47,31,37,0],"items_purged":[],"gold":190,"score":193,"play_id":"36b6f377-fb90-4389-add6-e081064edbdd","local_time":"20180602233918","is_prod":false,"is_daily":false,"chose_seed":false,"is_ascension_mode":false,"campfire_upgraded":3,"win_rate":0.0,"timestamp":1527997158,"campfire_choices":[{"floor":7.0,"key":"REST"},{"data":"Perfected Strike","floor":10.0,"key":"SMITH"},{"data":"Headbutt","floor":12,"key":"SMITH"},{"data":"Strike_R","floor":15,"key":"SMITH"}],"path_taken":["M","M","M","?","M","E","R","M","T","R","M","R","?","M","R","BOSS","M","?","?","?","?","E"],"build_version":"2018-05-31","seed_source_timestamp":0,"purchased_purges":0,"victory":false,"master_deck":["Strike_R+1","Strike_R","Strike_R","Strike_R","Strike_R","Defend_R","Defend_R","Defend_R","Defend_R","Bash","Anger","Inflame","Headbutt+1","Armaments","Shrug It Off","Feel No Pain","Perfected Strike+1","Intimidate","Parasite","Searing Blow","Barricade","Twin Strike","Hemokinesis","Necronomicurse","Writhe"],"max_hp_per_floor":[88,88,88,88,88,88,88,88,88,88,88,88,88,88,88,88,88,88,88,88,88,94,94],"relics":["Black Blood","Regal Pillow","Dream Catcher","Oddly Smooth Stone","Necronomicon","Darkstone Periapt"],"card_choices":[{"not_picked":["Dual Wield","Power Through"],"picked":"Anger","floor":1.0},{"not_picked":["Warcry","Twin Strike"],"picked":"Inflame","floor":2.0},{"not_picked":["Cleave","Clash"],"picked":"Headbutt","floor":3.0},{"not_picked":["Dropkick","Clothesline"],"picked":"Shrug It Off","floor":5.0},{"not_picked":["Body Slam","Shrug It Off"],"picked":"Feel No Pain","floor":6.0},{"not_picked":["Entrench","Burning Pact"],"picked":"Perfected Strike","floor":8.0},{"not_picked":["Headbutt","Brutality"],"picked":"Intimidate","floor":11.0},{"not_picked":["Thunderclap","Clothesline"],"picked":"Searing Blow","floor":14},{"not_picked":["Dark Embrace","Juggernaut"],"picked":"Barricade","floor":16},{"not_picked":["True Grit","Clash"],"picked":"Twin Strike","floor":18},{"not_picked":["Rampage","Armaments"],"picked":"Hemokinesis","floor":20}],"player_experience":5842,"potions_floor_usage":[14,16,23,23],"damage_taken":[{"damage":18.0,"enemies":"Cultist","floor":1.0,"turns":7.0},{"damage":6.0,"enemies":"2 Louse","floor":2.0,"turns":3.0},{"damage":6.0,"enemies":"Jaw Worm","floor":3.0,"turns":3.0},{"damage":20.0,"enemies":"Exordium Thugs","floor":5.0,"turns":4.0},{"damage":36.0,"enemies":"Lagavulin","floor":6.0,"turns":8.0},{"damage":0.0,"enemies":"Large Slime","floor":8.0,"turns":5.0},{"damage":17.0,"enemies":"Exordium Wildlife","floor":11.0,"turns":4.0},{"damage":0,"enemies":"Lots of Slimes","floor":14,"turns":2},{"damage":39,"enemies":"Slime Boss","floor":16,"turns":10},{"damage":40,"enemies":"Spheric Guardian","floor":18,"turns":5},{"damage":21,"enemies":"2 Thieves","floor":20,"turns":4},{"damage":46,"enemies":"Slavers","floor":23,"turns":3}],"relics_obtained":[{"floor":6.0,"key":"Regal Pillow"},{"floor":9.0,"key":"Dream Catcher"},{"floor":21,"key":"Necronomicon"}],"event_choices":[{"event_name":"Mushrooms","player_choice":"Healed and dodged fight","floor":13,"damage_taken":0},{"event_name":"Addict","player_choice":"Obtained Relic","floor":19,"damage_taken":0},{"event_name":"Cursed Tome","player_choice":"Obtained Book","floor":21,"damage_taken":0},{"event_name":"The Mausoleum","player_choice":"Yes","floor":22,"damage_taken":0}],"boss_relics":[{"not_picked":["Orrery","Sozu"],"picked":"Black Blood"}],"items_purged_floors":[],"potions_floor_spawned":[1,2,3,6,16,18,20],"seed_played":"5325434694827099056","killed_by":"Slavers","ascension_level":0,"potions_obtained":[{"floor":1.0,"key":"Explosive Potion"},{"floor":2.0,"key":"Poison Potion"},{"floor":3.0,"key":"SpeedPotion"},{"floor":6.0,"key":"Strength Potion"},{"floor":18,"key":"Explosive Potion"},{"floor":20,"key":"LiquidBronze"}],"is_trial":false}