{"gold_per_floor":[117,127,147,124,74,74,85,85,85,96,106,106,106,79,79,177,177,177],"floor_reached":18,"playtime":1204,"items_purged":[],"score":160,"play_id":"84f55dc6-6e22-4608-a30c-502c89faad0b","local_time":"20190704205002","is_ascension_mode":true,"campfire_choices":[{"data":"Backflip","floor":6,"key":"SMITH"},{"data":"Dagger Spray","floor":12,"key":"SMITH"},{"data":"Leg Sweep","floor":15,"key":"SMITH"}],"neow_cost":"TEN_PERCENT_HP_LOSS","seed_source_timestamp":1020556821907300,"circlet_count":0,"master_deck":["Strike_G+1","Strike_G+1","Defend_G","Defend_G","Defend_G","Defend_G","Survivor","Neutralize","Leg Sweep+1","Deflect","Distraction","Backflip+1","Dagger Spray+1","Backstab","Deflect+1","Deflect+1","Phantasmal Killer+1","Wraith Form v2+1","Flechettes+1","Underhanded Strike+1"],"relics":["Ring of the Snake","Dead Branch","Toxic Egg 2","Art of War","Astrolabe"],"potions_floor_usage":[16],"damage_taken":[{"damage":0,"enemies":"Cultist","floor":1,"turns":3},{"damage":0,"enemies":"Small Slimes","floor":2,"turns":7},{"damage":0,"enemies":"2 Louse","floor":3,"turns":4},{"damage":0,"enemies":"Blue Slaver","floor":7,"turns":8},{"damage":0,"enemies":"2 Fungi Beasts","floor":10,"turns":3},{"damage":0,"enemies":"Large Slime","floor":11,"turns":4},{"damage":18,"enemies":"Hexaghost","floor":16,"turns":12},{"damage":0,"enemies":"Chosen","floor":18,"turns":4}],"seed_played":"-6765620972906428556","potions_obtained":[{"floor":1,"key":"FearPotion"},{"floor":7,"key":"LiquidBronze"},{"floor":16,"key":"SkillPotion"}],"is_trial":false,"path_per_floor":["M","M","M","$","?","R","M","?","T","M","M","R","T","$","R","B",null,"M"],"character_chosen":"THE_SILENT","items_purchased":["Backflip","Deflect+1"],"campfire_rested":0,"item_purchase_floors":[4,14],"current_hp_per_floor":[63,63,63,63,63,63,63,50,50,50,50,50,50,50,50,32,63,63],"gold":177,"neow_bonus":"ONE_RARE_RELIC","is_prod":false,"is_daily":false,"chose_seed":false,"campfire_upgraded":3,"win_rate":0,"timestamp":1562287802,"path_taken":["M","?","?","?","?","R","M","?","T","M","M","R","?","$","R","BOSS","M"],"build_version":"2019-07-01","purchased_purges":0,"victory":false,"max_hp_per_floor":[63,63,63,63,63,63,63,63,63,63,63,63,63,63,63,63,63,63],"card_choices":[{"not_picked":["Skewer","Backflip"],"picked":"Leg Sweep","floor":1},{"not_picked":["PiercingWail","Accuracy"],"picked":"Deflect","floor":2},{"not_picked":["Caltrops","Acrobatics"],"picked":"Distraction","floor":3},{"not_picked":["Endless Agony","Flying Knee"],"picked":"Dagger Spray","floor":7},{"not_picked":["Backflip+1","Prepared+1"],"picked":"Backstab","floor":10},{"not_picked":["Sucker Punch","Prepared+1"],"picked":"Deflect+1","floor":11},{"not_picked":["Tools of the Trade","Malaise+1"],"picked":"Phantasmal Killer+1","floor":16}],"player_experience":602477,"relics_obtained":[{"floor":9,"key":"Toxic Egg 2"},{"floor":13,"key":"Art of War"}],"event_choices":[{"cards_removed":["Strike_G"],"damage_healed":0,"gold_gain":0,"player_choice":"Card Removal","damage_taken":0,"max_hp_gain":0,"max_hp_loss":0,"event_name":"The Cleric","floor":5,"gold_loss":50},{"damage_healed":0,"gold_gain":0,"player_choice":"Entered Light","damage_taken":13,"max_hp_gain":0,"max_hp_loss":0,"event_name":"Shining Light","floor":8,"gold_loss":0,"cards_upgraded":["Strike_G","Strike_G"]}],"is_beta":false,"boss_relics":[{"not_picked":["Runic Dome","Philosopher\u0027s Stone"],"picked":"Astrolabe"}],"items_purged_floors":[],"is_endless":false,"potions_floor_spawned":[1,7,16],"killed_by":"Chosen","ascension_level":1}