{"gold_per_floor":[217,230,230,242,257,257,268,287,287,299,249,135,135,135,135,231,231,249,237,237,237,336,336,354,354,379,391,391],"floor_reached":28,"playtime":1664,"items_purged":["Strike_B"],"score":212,"play_id":"8fd61ef6-914d-46cf-9d42-a59c7bfd1580","local_time":"20181110131658","is_ascension_mode":false,"campfire_choices":[{"data":"Genetic Algorithm","floor":6,"key":"SMITH"},{"data":"Defragment","floor":13,"key":"SMITH"},{"data":"Chaos","floor":15,"key":"SMITH"},{"data":"Glacier","floor":23,"key":"SMITH"}],"neow_cost":"NONE","seed_source_timestamp":245433865709076,"circlet_count":0,"master_deck":["Defend_B","Defend_B","Defend_B","Defend_B","Zap","Dualcast","Self Repair","Glacier+1","Genetic Algorithm+1","Chaos+1","Defragment+1","Multi-Cast","Coolheaded","Blizzard"],"relics":["Cracked Core","FossilizedHelix","Nuclear Battery","Smiling Mask"],"potions_floor_usage":[16,16,28,28],"damage_taken":[{"damage":1,"enemies":"Jaw Worm","floor":1,"turns":3},{"damage":6,"enemies":"Cultist","floor":2,"turns":3},{"damage":0,"enemies":"Small Slimes","floor":4,"turns":5},{"damage":3,"enemies":"Exordium Thugs","floor":5,"turns":6},{"damage":0,"enemies":"Large Slime","floor":7,"turns":9},{"damage":54,"enemies":"Gremlin Gang","floor":8,"turns":8},{"damage":0,"enemies":"3 Louse","floor":10,"turns":5},{"damage":2,"enemies":"Slime Boss","floor":16,"turns":11},{"damage":2,"enemies":"Shell Parasite","floor":18,"turns":8},{"damage":0,"enemies":"2 Thieves","floor":19,"turns":5},{"damage":46,"enemies":"Chosen and Byrds","floor":24,"turns":11},{"damage":14,"enemies":"Snake Plant","floor":27,"turns":3},{"damage":37,"enemies":"Gremlin Leader","floor":28,"turns":2}],"seed_played":"6091067041955931651","potions_obtained":[{"floor":1,"key":"EssenceOfSteel"},{"floor":8,"key":"Regen Potion"},{"floor":10,"key":"Strength Potion"},{"floor":18,"key":"SmokeBomb"},{"floor":24,"key":"Poison Potion"}],"is_trial":false,"path_per_floor":["M","M","?","M","M","R","M","M","T","M","?","$","R","?","R","B",null,"M","M","?","?","?","R","M","?","T","M","E"],"character_chosen":"DEFECT","items_purchased":["Defragment"],"campfire_rested":0,"item_purchase_floors":[12],"current_hp_per_floor":[74,68,68,75,75,75,75,28,28,35,35,35,35,35,35,55,75,75,75,75,75,75,75,36,36,36,29,0],"gold":391,"neow_bonus":"HUNDRED_GOLD","is_prod":false,"is_daily":false,"chose_seed":false,"campfire_upgraded":4,"win_rate":0,"timestamp":1541873818,"path_taken":["M","M","?","M","M","R","M","M","T","?","?","?","R","?","R","BOSS","M","?","?","?","?","R","M","?","T","M","E"],"build_version":"2018-11-08","purchased_purges":1,"victory":false,"max_hp_per_floor":[75,75,75,75,75,75,75,75,75,75,75,75,75,75,75,75,75,75,75,75,75,75,75,75,75,75,75,75],"card_choices":[{"not_picked":["Beam Cell","Turbo"],"picked":"Self Repair","floor":1},{"not_picked":["Rebound","Lockon"],"picked":"Glacier","floor":2},{"not_picked":["Doom and Gloom","Gash","Turbo"],"picked":"SKIP","floor":4},{"not_picked":["Coolheaded","Steam"],"picked":"Genetic Algorithm","floor":5},{"not_picked":["Beam Cell","Cold Snap"],"picked":"Chaos","floor":7},{"not_picked":["Stack","Gash","Redo"],"picked":"SKIP","floor":8},{"not_picked":["Auto Shields","Gash","Cold Snap"],"picked":"SKIP","floor":10},{"not_picked":["Gash+1","Leap","Compile Driver"],"picked":"SKIP","floor":18},{"not_picked":["Beam Cell","Turbo+1","Steam"],"picked":"SKIP","floor":19},{"not_picked":["Beam Cell","Doom and Gloom"],"picked":"Coolheaded","floor":24},{"not_picked":["Hologram+1","Consume","Stack"],"picked":"SKIP","floor":27}],"player_experience":320328,"relics_obtained":[{"floor":9,"key":"FossilizedHelix"},{"floor":26,"key":"Smiling Mask"}],"event_choices":[{"damage_healed":0,"gold_gain":0,"player_choice":"Ignored","damage_taken":0,"max_hp_gain":0,"max_hp_loss":0,"event_name":"NoteForYourself","floor":3,"gold_loss":0},{"cards_removed":["Strike_B"],"damage_healed":0,"gold_gain":0,"player_choice":"Card Removal","damage_taken":0,"max_hp_gain":0,"max_hp_loss":0,"event_name":"The Cleric","floor":11,"gold_loss":50},{"damage_healed":0,"gold_gain":0,"cards_transformed":["Strike_B"],"player_choice":"Transformed","damage_taken":0,"max_hp_gain":0,"max_hp_loss":0,"event_name":"Transmorgrifier","floor":14,"gold_loss":0,"cards_obtained":["Multi-Cast"]},{"damage_healed":0,"gold_gain":0,"player_choice":"Ignored","damage_taken":0,"max_hp_gain":0,"max_hp_loss":0,"event_name":"Vampires","floor":20,"gold_loss":0},{"cards_removed":["Strike_B"],"damage_healed":0,"gold_gain":0,"player_choice":"Elegance","damage_taken":0,"max_hp_gain":0,"max_hp_loss":0,"event_name":"Back to Basics","floor":21,"gold_loss":0},{"damage_healed":0,"gold_gain":99,"player_choice":"Stole From Cult","damage_taken":0,"max_hp_gain":0,"max_hp_loss":0,"event_name":"Nest","floor":22,"gold_loss":0},{"damage_healed":0,"gold_gain":0,"player_choice":"Read","damage_taken":0,"max_hp_gain":0,"max_hp_loss":0,"event_name":"The Library","floor":25,"gold_loss":0,"cards_obtained":["Blizzard"]}],"is_beta":true,"boss_relics":[{"not_picked":["Philosopher\u0027s Stone","Runic Pyramid"],"picked":"Nuclear Battery"}],"items_purged_floors":[12],"is_endless":false,"potions_floor_spawned":[1,8,10,18,24],"killed_by":"Gremlin Leader","ascension_level":0}