{"gold_per_floor":[118,130,79,79,98,129,140,140,140,140,159,83,83,93,93,189,189,207,132,149,149],"floor_reached":21,"playtime":1146,"items_purged":["Strike_R"],"score":181,"play_id":"3a3b07ee-3f56-44e0-a6fd-d7de3144d1f8","local_time":"20190206202552","is_ascension_mode":false,"campfire_choices":[{"floor":8,"key":"REST"},{"data":"Anger","floor":15,"key":"SMITH"}],"neow_cost":"NONE","seed_source_timestamp":2422001303798823,"circlet_count":0,"master_deck":["Strike_R","Strike_R","Strike_R","Strike_R","Defend_R","Defend_R","Defend_R","Defend_R","Bash","Fire Breathing","Heavy Blade","Anger+1","Sword Boomerang","Flex","Anger","Flex","Seeing Red","Dual Wield","Anger","Fiend Fire","Flex","Carnage"],"relics":["Burning Blood","NeowsBlessing","Dream Catcher","Shuriken","GremlinMask","Bag of Preparation","Busted Crown"],"potions_floor_usage":[16,16,20],"damage_taken":[{"damage":0,"enemies":"Cultist","floor":1,"turns":1},{"damage":0,"enemies":"2 Louse","floor":2,"turns":1},{"damage":0,"enemies":"Small Slimes","floor":5,"turns":1},{"damage":46,"enemies":"3 Sentries","floor":6,"turns":10},{"damage":16,"enemies":"Red Slaver","floor":7,"turns":4},{"damage":6,"enemies":"3 Louse","floor":11,"turns":3},{"damage":15,"enemies":"Looter","floor":14,"turns":3},{"damage":26,"enemies":"Slime Boss","floor":16,"turns":8},{"damage":26,"enemies":"2 Thieves","floor":18,"turns":4},{"damage":30,"enemies":"3 Byrds","floor":20,"turns":6},{"damage":45,"enemies":"Snake Plant","floor":21,"turns":4}],"seed_played":"-344788864106278246","potions_obtained":[{"floor":1,"key":"SpeedPotion"},{"floor":7,"key":"Strength Potion"},{"floor":11,"key":"SneckoOil"}],"is_trial":false,"path_per_floor":["M","M","$","?","M","E","M","R","T","?","M","$","T","M","R","B",null,"M","$","M","M"],"character_chosen":"IRONCLAD","items_purchased":["Anger","Dual Wield"],"campfire_rested":1,"item_purchase_floors":[3,12],"current_hp_per_floor":[80,80,80,85,85,45,35,60,60,60,60,60,60,51,51,31,85,65,65,41,0],"gold":149,"neow_bonus":"THREE_ENEMY_KILL","is_prod":false,"is_daily":false,"chose_seed":false,"campfire_upgraded":1,"win_rate":0,"timestamp":1549502752,"path_taken":["M","M","$","?","M","E","M","R","T","?","?","?","?","M","R","BOSS","M","$","M","M"],"build_version":"2019-01-23","purchased_purges":1,"victory":false,"max_hp_per_floor":[80,80,80,85,85,85,85,85,85,85,85,85,85,85,85,85,85,85,85,85,85],"card_choices":[{"not_picked":["Thunderclap","Sever Soul"],"picked":"Fire Breathing","floor":1},{"not_picked":["Warcry","Iron Wave"],"picked":"Heavy Blade","floor":2},{"not_picked":["Wild Strike","Heavy Blade"],"picked":"Sword Boomerang","floor":5},{"not_picked":["True Grit","Headbutt"],"picked":"Flex","floor":6},{"not_picked":["Twin Strike","Body Slam"],"picked":"Anger","floor":7},{"not_picked":["Cleave","Armaments"],"picked":"Flex","floor":8},{"not_picked":["Shrug It Off","Second Wind"],"picked":"Seeing Red","floor":11},{"not_picked":["Feed","True Grit"],"picked":"Anger","floor":14},{"not_picked":["Dark Embrace","Brutality"],"picked":"Fiend Fire","floor":16},{"not_picked":[],"picked":"Flex","floor":18},{"not_picked":[],"picked":"Carnage","floor":20}],"player_experience":184178,"relics_obtained":[{"floor":6,"key":"Dream Catcher"},{"floor":9,"key":"Shuriken"},{"floor":13,"key":"Bag of Preparation"}],"event_choices":[{"damage_healed":0,"gold_gain":0,"player_choice":"Donut","damage_taken":0,"max_hp_gain":5,"max_hp_loss":0,"event_name":"Big Fish","floor":4,"gold_loss":0},{"damage_healed":0,"gold_gain":0,"player_choice":"Trade","damage_taken":0,"relics_obtained":["GremlinMask"],"max_hp_gain":0,"max_hp_loss":0,"event_name":"FaceTrader","floor":10,"gold_loss":0}],"is_beta":false,"boss_relics":[{"not_picked":["Cursed Key","Velvet Choker"],"picked":"Busted Crown"}],"items_purged_floors":[19],"is_endless":false,"potions_floor_spawned":[1,7,11],"killed_by":"Snake Plant","ascension_level":0}