{"gold_per_floor":[20,35,55,20,31,106,118,118,163,181,181,200,200,53,53,151,151,171,171,145,161,161],"floor_reached":22,"playtime":1221,"items_purged":[],"score":360,"play_id":"a3dd893a-8b42-4022-85e6-76d0c06ba017","local_time":"20190426081646","is_ascension_mode":true,"campfire_choices":[{"data":"Fission","floor":11.0,"key":"SMITH"},{"data":"Leap","floor":15.0,"key":"SMITH"}],"neow_cost":"NO_GOLD","seed_source_timestamp":217318591811013,"circlet_count":0,"master_deck":["AscendersBane","Strike_B","Strike_B","Strike_B","Strike_B","Defend_B","Defend_B","Defend_B","Defend_B","Zap","Dualcast","BootSequence","Cold Snap","Leap+1","Coolheaded","Fission+1","White Noise","Coolheaded","Creative AI","Hologram","Reboot","Cold Snap","Undo","Stack","Go for the Eyes"],"special_seed":0,"relics":["Cracked Core","Emotion Chip","Golden Idol","Orichalcum","Nuclear Battery"],"potions_floor_usage":[20],"damage_taken":[{"damage":0.0,"enemies":"Cultist","floor":1.0,"turns":3.0},{"damage":2.0,"enemies":"Jaw Worm","floor":2.0,"turns":3.0},{"damage":0.0,"enemies":"2 Louse","floor":3.0,"turns":2.0},{"damage":3.0,"enemies":"Large Slime","floor":5.0,"turns":6.0},{"damage":1.0,"enemies":"Blue Slaver","floor":7.0,"turns":4.0},{"damage":7.0,"enemies":"3 Louse","floor":10.0,"turns":4.0},{"damage":6.0,"enemies":"Gremlin Gang","floor":12.0,"turns":6.0},{"damage":19.0,"enemies":"The Guardian","floor":16.0,"turns":10.0},{"damage":16.0,"enemies":"Chosen","floor":18.0,"turns":16.0},{"damage":0,"enemies":"2 Thieves","floor":20,"turns":4},{"damage":13,"enemies":"Snecko","floor":21,"turns":11},{"damage":32,"enemies":"Chosen and Byrds","floor":22,"turns":9}],"seed_played":"-1639669992201611007","potions_obtained":[{"floor":2.0,"key":"SkillPotion"},{"floor":7.0,"key":"SpeedPotion"},{"floor":16.0,"key":"Explosive Potion"},{"floor":18.0,"key":"GamblersBrew"},{"floor":20,"key":"Strength Potion"}],"is_trial":false,"path_per_floor":["M","M","M","?","M","?","M","?","T","M","R","M","?","$","R","B",null,"M","?","M","M","M"],"character_chosen":"DEFECT","items_purchased":["White Noise","Coolheaded","PowerPotion"],"campfire_rested":0,"item_purchase_floors":[14,14,14],"current_hp_per_floor":[64,62,62,71,68,57,56,56,56,49,49,43,36,36,36,17,58,42,42,42,29,0],"gold":161,"neow_bonus":"ONE_RARE_RELIC","is_prod":false,"is_daily":false,"chose_seed":false,"campfire_upgraded":2,"win_rate":0,"timestamp":1556281006,"path_taken":["M","M","M","?","M","?","?","?","T","M","R","M","?","?","R","BOSS","M","?","?","M","M"],"build_version":"2019-04-23","purchased_purges":0,"victory":false,"max_hp_per_floor":[71,71,71,71,71,71,71,71,71,71,71,71,71,71,71,71,71,71,71,71,71,71],"card_choices":[{"not_picked":["Steam","Rebound","Streamline"],"picked":"SKIP","floor":1.0},{"not_picked":["Gash","Turbo"],"picked":"BootSequence","floor":2.0},{"not_picked":["Heatsinks","Gash"],"picked":"Cold Snap","floor":3.0},{"not_picked":["Darkness","Sunder"],"picked":"Leap","floor":5.0},{"not_picked":["Storm","Turbo"],"picked":"Coolheaded","floor":7.0},{"not_picked":["Tempest","Auto Shields"],"picked":"Fission","floor":10.0},{"not_picked":["Tempest","Gash","Barrage"],"picked":"SKIP","floor":12.0},{"not_picked":["Buffer","Seek"],"picked":"Creative AI","floor":16.0},{"not_picked":["Streamline","Leap"],"picked":"Hologram","floor":18.0},{"not_picked":["Steam","Hyperbeam"],"picked":"Stack","floor":20},{"not_picked":["Rebound","BootSequence"],"picked":"Go for the Eyes","floor":21}],"player_experience":1067553,"relics_obtained":[{"floor":9.0,"key":"Orichalcum"}],"event_choices":[{"damage_healed":17.0,"max_hp_gain":0.0,"max_hp_loss":0.0,"gold_gain":0.0,"event_name":"The Cleric","player_choice":"Healed","floor":4.0,"gold_loss":35.0,"damage_taken":0.0},{"damage_healed":0.0,"max_hp_gain":0.0,"max_hp_loss":0.0,"gold_gain":75.0,"event_name":"World of Goop","player_choice":"Gather Gold","floor":6.0,"gold_loss":0.0,"damage_taken":11.0},{"damage_healed":0.0,"max_hp_gain":0.0,"max_hp_loss":0.0,"gold_gain":0.0,"event_name":"Golden Idol","player_choice":"Take Wound","floor":8.0,"gold_loss":0.0,"damage_taken":0.0,"relics_obtained":["Golden Idol"],"cards_obtained":["Injury"]},{"cards_removed":["Injury"],"damage_healed":0.0,"max_hp_gain":0.0,"max_hp_loss":0.0,"gold_gain":0.0,"event_name":"Golden Wing","player_choice":"Card Removal","floor":13.0,"gold_loss":0.0,"damage_taken":7.0},{"damage_healed":0,"gold_gain":0,"player_choice":"3 cards matched","damage_taken":0,"max_hp_gain":0,"max_hp_loss":0,"event_name":"Match and Keep!","floor":19,"gold_loss":0,"cards_obtained":["Reboot","Cold Snap","Undo"]}],"is_beta":true,"boss_relics":[{"not_picked":["Philosopher\u0027s Stone","Cursed Key"],"picked":"Nuclear Battery"}],"items_purged_floors":[],"is_endless":false,"potions_floor_spawned":[2,7,16,18,20],"killed_by":"Chosen and Byrds","ascension_level":20}