{"gold_per_floor":[119,134,145,145,165,200,200,212,212,212,212,212],"floor_reached":12,"playtime":1064,"items_purged":[],"score":84,"play_id":"64546ddd-b6a2-4407-9f60-fa0df63be2a3","local_time":"20190701210626","is_ascension_mode":true,"campfire_choices":[{"data":"All Out Attack","floor":7.0,"key":"SMITH"},{"data":"Noxious Fumes","floor":10.0,"key":"SMITH"}],"neow_cost":"NONE","seed_source_timestamp":0,"circlet_count":0,"master_deck":["Strike_G","Strike_G","Strike_G","Strike_G","Defend_G","Defend_G","Defend_G","Defend_G","Defend_G","Survivor","Neutralize","Backflip","Dagger Throw","Noxious Fumes+1","Dagger Throw","All Out Attack+1","Cloak And Dagger"],"special_seed":0,"relics":["White Beast Statue","Art of War","Bottled Lightning"],"potions_floor_usage":[],"damage_taken":[{"damage":1.0,"enemies":"Jaw Worm","floor":1.0,"turns":5.0},{"damage":0.0,"enemies":"Small Slimes","floor":2.0,"turns":5.0},{"damage":1.0,"enemies":"Cultist","floor":3.0,"turns":4.0},{"damage":7.0,"enemies":"Looter","floor":5.0,"turns":4.0},{"damage":28.0,"enemies":"Gremlin Nob","floor":6.0,"turns":4.0},{"damage":2.0,"enemies":"Blue Slaver","floor":8.0,"turns":4.0},{"damage":0,"enemies":"Exordium Thugs","floor":12,"turns":1}],"seed_played":"-2720924915866910414","potions_obtained":[{"floor":1.0,"key":"Swift Potion"},{"floor":2.0,"key":"PowerPotion"},{"floor":3.0,"key":"SpeedPotion"},{"floor":6.0,"key":"AttackPotion"},{"floor":11.0,"key":"PowerPotion"}],"is_trial":false,"path_per_floor":["M","M","M","?","M","E","R","M","T","R","?","M"],"character_chosen":"THE_SILENT","items_purchased":[],"campfire_rested":0,"item_purchase_floors":[],"current_hp_per_floor":[69,69,68,61,54,26,26,24,24,24,24,24],"gold":212,"neow_bonus":"BOSS_RELIC","is_prod":false,"is_daily":false,"chose_seed":false,"campfire_upgraded":2,"win_rate":0,"timestamp":1562029586,"path_taken":["M","M","M","?","M","E","R","M","T","R","?","M"],"build_version":"2019-07-01","purchased_purges":0,"victory":false,"max_hp_per_floor":[70,70,70,70,70,70,70,70,70,70,70,70],"card_choices":[{"not_picked":["Choke","Prepared"],"picked":"Backflip","floor":1.0},{"not_picked":["Riddle With Holes","Quick Slash"],"picked":"Dagger Throw","floor":2.0},{"not_picked":["Terror","Slice"],"picked":"Noxious Fumes","floor":3.0},{"not_picked":["Prepared","Backflip"],"picked":"Dagger Throw","floor":5.0},{"not_picked":["Prepared","Underhanded Strike"],"picked":"All Out Attack","floor":6.0},{"not_picked":["Acrobatics","Doppelganger"],"picked":"Cloak And Dagger","floor":8.0}],"player_experience":544419,"relics_obtained":[{"floor":6.0,"key":"Art of War"},{"floor":9.0,"key":"Bottled Lightning"}],"event_choices":[{"cards_removed":["Strike_G"],"damage_healed":0.0,"max_hp_gain":0.0,"max_hp_loss":0.0,"gold_gain":0.0,"event_name":"Golden Wing","player_choice":"Card Removal","floor":4.0,"gold_loss":0.0,"damage_taken":7.0},{"damage_healed":0.0,"max_hp_gain":0.0,"max_hp_loss":0.0,"gold_gain":0.0,"event_name":"Lab","player_choice":"Got Potions","floor":11.0,"gold_loss":0.0,"damage_taken":0.0}],"is_beta":false,"boss_relics":[],"items_purged_floors":[],"is_endless":false,"potions_floor_spawned":[1,2,3,5,6,8],"killed_by":"Exordium Thugs","ascension_level":1}