{"gold_per_floor":[115,131,151,168,180,180,180,194,194,194,194,194,47,57,57,57],"floor_reached":16,"playtime":1979,"items_purged":[],"score":94,"play_id":"8686b96f-90cd-4a8c-8c54-66b07ccdf335","local_time":"20190629170743","is_ascension_mode":false,"campfire_choices":[{"data":"Corruption","floor":6,"key":"SMITH"},{"floor":12,"key":"DIG"},{"floor":15,"key":"DIG"}],"neow_cost":"NONE","seed_source_timestamp":574446869943700,"circlet_count":0,"master_deck":["Strike_R","Strike_R+1","Strike_R","Strike_R","Strike_R","Defend_R+1","Defend_R","Defend_R","Defend_R","Bash","Juggernaut+1","Warcry","Corruption+1","Cleave","Sentinel","Shrug It Off","Perfected Strike"],"relics":["Burning Blood","Shovel","Thread and Needle","Blood Vial","Mango"],"potions_floor_usage":[4,16],"damage_taken":[{"damage":6,"enemies":"Jaw Worm","floor":1,"turns":5},{"damage":6,"enemies":"2 Louse","floor":2,"turns":4},{"damage":2,"enemies":"Small Slimes","floor":3,"turns":3},{"damage":18,"enemies":"Exordium Thugs","floor":4,"turns":5},{"damage":10,"enemies":"2 Fungi Beasts","floor":5,"turns":4},{"damage":12,"enemies":"Looter","floor":8,"turns":4},{"damage":0,"enemies":"Red Slaver","floor":14,"turns":4},{"damage":53,"enemies":"The Guardian","floor":16,"turns":8}],"seed_played":"-6511754078657285546","potions_obtained":[{"floor":2,"key":"Energy Potion"},{"floor":14,"key":"AttackPotion"}],"is_trial":false,"path_per_floor":["M","M","M","M","M","R","?","M","T","?","?","R","$","M","R","B"],"character_chosen":"IRONCLAD","items_purchased":["Blood Vial"],"campfire_rested":0,"item_purchase_floors":[13],"current_hp_per_floor":[80,80,80,68,64,64,48,42,42,42,42,42,42,50,64,13],"gold":57,"neow_bonus":"ONE_RANDOM_RARE_CARD","is_prod":false,"is_daily":false,"chose_seed":false,"campfire_upgraded":1,"win_rate":0,"timestamp":1561842463,"path_taken":["M","M","M","M","M","R","?","M","T","?","?","R","$","M","R","BOSS"],"build_version":"2019-01-23","purchased_purges":0,"victory":false,"max_hp_per_floor":[80,80,80,80,80,80,80,80,80,80,80,80,80,80,94,94],"card_choices":[{"not_picked":["Thunderclap","Heavy Blade"],"picked":"Warcry","floor":1},{"not_picked":["Fire Breathing","Clash"],"picked":"Corruption","floor":2},{"not_picked":["Headbutt","Heavy Blade"],"picked":"Cleave","floor":3},{"not_picked":["Battle Trance","Sword Boomerang"],"picked":"Sentinel","floor":4},{"not_picked":["Anger","Wild Strike","Thunderclap"],"picked":"SKIP","floor":5},{"not_picked":["Clash","Twin Strike"],"picked":"Shrug It Off","floor":8},{"not_picked":["Clash","Rupture"],"picked":"Perfected Strike","floor":14}],"player_experience":511946,"relics_obtained":[{"floor":9,"key":"Shovel"},{"floor":12,"key":"Thread and Needle"},{"floor":15,"key":"Mango"}],"event_choices":[{"damage_healed":0,"gold_gain":0,"player_choice":"Entered Light","damage_taken":16,"max_hp_gain":0,"max_hp_loss":0,"event_name":"Shining Light","floor":7,"gold_loss":0,"cards_upgraded":["Defend_R","Strike_R"]},{"damage_healed":0,"gold_gain":0,"player_choice":"Fled","damage_taken":0,"max_hp_gain":0,"max_hp_loss":0,"event_name":"Scrap Ooze","floor":10,"gold_loss":0},{"damage_healed":0,"gold_gain":0,"player_choice":"Grow","damage_taken":0,"max_hp_gain":0,"max_hp_loss":0,"event_name":"Living Wall","floor":11,"gold_loss":0,"cards_upgraded":["Juggernaut"]}],"is_beta":false,"boss_relics":[],"items_purged_floors":[],"is_endless":false,"potions_floor_spawned":[2,14],"killed_by":"The Guardian","ascension_level":0}