{"gold_per_floor":[113,126,126,126,91,91,106,119,119,119,134,134,146,175,175,252,252,268,268,33,49,49,49,64,82,82,82,101,101],"floor_reached":29,"playtime":1645,"items_purged":["Regret"],"score":456,"play_id":"4a4db566-3bc0-41b4-9c95-0284cbc9e905","local_time":"20190215172451","is_ascension_mode":true,"campfire_choices":[{"data":"Armaments","floor":6.0,"key":"SMITH"},{"data":"Armaments","floor":12.0,"key":"SMITH"},{"data":"Rampage","floor":15.0,"key":"SMITH"},{"data":"Seeing Red","floor":23.0,"key":"SMITH"},{"data":"Intimidate","floor":27.0,"key":"SMITH"}],"neow_cost":"NONE","seed_source_timestamp":159881826955474,"circlet_count":0,"master_deck":["AscendersBane","Defend_R","Defend_R","Defend_R","Defend_R","Bash","True Grit+1","Armaments+1","Armaments+1","Pommel Strike","Second Wind","Fire Breathing+1","Rampage+1","Barricade+1","Metallicize+1","Dual Wield","Whirlwind","Iron Wave","Seeing Red+1","Bite","Bite","Bite","Bite","Bite","Intimidate+1","Flame Barrier","Feel No Pain+1"],"special_seed":0,"relics":["Burning Blood","Regal Pillow","Mercury Hourglass","Frozen Egg 2","Blood Vial","Orrery","FaceOfCleric","Ancient Tea Set","Gremlin Horn"],"potions_floor_usage":[29],"damage_taken":[{"damage":6.0,"enemies":"Jaw Worm","floor":1.0,"turns":6.0},{"damage":2.0,"enemies":"2 Louse","floor":2.0,"turns":6.0},{"damage":0.0,"enemies":"Small Slimes","floor":7.0,"turns":5.0},{"damage":8.0,"enemies":"3 Louse","floor":8.0,"turns":5.0},{"damage":4.0,"enemies":"Exordium Thugs","floor":11.0,"turns":6.0},{"damage":0.0,"enemies":"2 Fungi Beasts","floor":13.0,"turns":4.0},{"damage":33.0,"enemies":"Gremlin Nob","floor":14.0,"turns":5.0},{"damage":37.0,"enemies":"Hexaghost","floor":16.0,"turns":13.0},{"damage":19.0,"enemies":"Spheric Guardian","floor":18.0,"turns":11.0},{"damage":5.0,"enemies":"Chosen","floor":21.0,"turns":8.0},{"damage":45.0,"enemies":"Snake Plant","floor":24.0,"turns":7.0},{"damage":32.0,"enemies":"Centurion and Healer","floor":25.0,"turns":19.0},{"damage":58.0,"enemies":"Snecko","floor":28.0,"turns":10.0},{"damage":35,"enemies":"Sentry and Sphere","floor":29,"turns":5}],"seed_played":"-3684715118258213043","potions_obtained":[{"floor":2.0,"key":"Block Potion"},{"floor":7.0,"key":"Ancient Potion"},{"floor":14.0,"key":"FearPotion"},{"floor":24.0,"key":"SteroidPotion"},{"floor":25.0,"key":"FearPotion"}],"is_trial":false,"path_per_floor":["M","M","?","?","?","R","M","M","T","?","M","R","M","E","R","B",null,"M","?","$","M","?","R","M","M","T","R","M","M"],"character_chosen":"IRONCLAD","items_purchased":["Ancient Tea Set"],"campfire_rested":0,"item_purchase_floors":[20],"current_hp_per_floor":[68,72,49,42,60,60,66,64,64,64,66,66,72,45,45,16,60,49,49,49,53,53,53,26,55,55,55,16,0],"gold":101,"neow_bonus":"RANDOM_COMMON_RELIC","is_prod":false,"is_daily":false,"chose_seed":false,"campfire_upgraded":5,"win_rate":0,"timestamp":1550269491,"path_taken":["M","M","?","?","?","R","M","M","T","?","M","R","M","E","R","BOSS","M","?","?","M","?","R","M","M","T","R","?","M"],"build_version":"2019-02-06","purchased_purges":1,"victory":false,"max_hp_per_floor":[75,75,75,75,75,75,75,75,75,75,75,75,75,75,75,75,75,75,75,75,76,53,53,54,55,55,55,56,56],"card_choices":[{"not_picked":["Sword Boomerang","Infernal Blade"],"picked":"True Grit","floor":1.0},{"not_picked":["True Grit","Perfected Strike"],"picked":"Armaments","floor":2.0},{"not_picked":["Headbutt","Flex"],"picked":"Armaments","floor":7.0},{"not_picked":["Brutality","Anger"],"picked":"Pommel Strike","floor":8.0},{"not_picked":["Flex","Heavy Blade"],"picked":"Second Wind","floor":11.0},{"not_picked":["Wild Strike","Corruption+1"],"picked":"Fire Breathing+1","floor":13.0},{"not_picked":["Thunderclap","Battle Trance"],"picked":"Rampage","floor":14.0},{"not_picked":["Berserk+1","Feed"],"picked":"Barricade+1","floor":16.0},{"not_picked":["Spot Weakness","Cleave"],"picked":"Metallicize+1","floor":17.0},{"not_picked":["Sword Boomerang","Iron Wave"],"picked":"Dual Wield","floor":17.0},{"not_picked":["Corruption+1","Twin Strike"],"picked":"Whirlwind","floor":17.0},{"not_picked":["Bloodletting+1","Twin Strike"],"picked":"Iron Wave","floor":18.0},{"not_picked":["Searing Blow","Perfected Strike+1"],"picked":"Seeing Red","floor":21.0},{"not_picked":["Sword Boomerang","Blood for Blood"],"picked":"Intimidate","floor":24.0},{"not_picked":["Armaments","Power Through"],"picked":"Flame Barrier","floor":25.0},{"not_picked":["Pommel Strike","Rampage"],"picked":"Feel No Pain+1","floor":28.0}],"player_experience":975180,"relics_obtained":[{"floor":9.0,"key":"Mercury Hourglass"},{"floor":14.0,"key":"Blood Vial"},{"floor":26.0,"key":"Gremlin Horn"}],"event_choices":[{"damage_healed":0.0,"max_hp_gain":0.0,"max_hp_loss":0.0,"gold_gain":0.0,"event_name":"Shining Light","player_choice":"Entered Light","floor":3.0,"gold_loss":0.0,"damage_taken":23.0,"cards_upgraded":["Strike_R","True Grit"]},{"cards_removed":["Strike_R"],"damage_healed":0.0,"max_hp_gain":0.0,"max_hp_loss":0.0,"gold_gain":0.0,"event_name":"Golden Wing","player_choice":"Card Removal","floor":4.0,"gold_loss":0.0,"damage_taken":7.0},{"damage_healed":18.0,"max_hp_gain":0.0,"max_hp_loss":0.0,"gold_gain":0.0,"event_name":"The Cleric","player_choice":"Healed","floor":5.0,"gold_loss":35.0,"damage_taken":0.0},{"damage_healed":0.0,"max_hp_gain":0.0,"max_hp_loss":0.0,"gold_gain":0.0,"event_name":"Big Fish","player_choice":"Box","floor":10.0,"gold_loss":0.0,"damage_taken":0.0,"relics_obtained":["Frozen Egg 2"],"cards_obtained":["Regret"]},{"damage_healed":0.0,"max_hp_gain":0.0,"max_hp_loss":0.0,"gold_gain":0.0,"event_name":"FaceTrader","player_choice":"Trade","floor":19.0,"gold_loss":0.0,"damage_taken":0.0,"relics_obtained":["FaceOfCleric"]},{"damage_healed":0.0,"max_hp_gain":0.0,"max_hp_loss":23.0,"gold_gain":0.0,"event_name":"Vampires","player_choice":"Became a vampire","floor":22.0,"gold_loss":0.0,"damage_taken":0.0,"cards_obtained":["Bite","Bite","Bite","Bite","Bite"]}],"is_beta":true,"boss_relics":[{"not_picked":["Velvet Choker","Ectoplasm"],"picked":"Orrery"}],"items_purged_floors":[20],"is_endless":false,"potions_floor_spawned":[2,7,14,24,25],"killed_by":"Sentry and Sphere","ascension_level":18}