{"gold_per_floor":[119,44,119,134,114,114,149,149,149,176,201,31,31,43,43,120,120,133,147,16,16,16,16,51,51,51,51],"floor_reached":27,"playtime":749,"items_purged":[],"score":473,"play_id":"74a95996-31a8-4fa6-948b-190e9d03ebd7","local_time":"20190726182336","is_ascension_mode":true,"campfire_choices":[{"data":"Bash","floor":6,"key":"SMITH"},{"data":"Demon Form","floor":8,"key":"SMITH"},{"data":"Twin Strike","floor":13,"key":"SMITH"},{"floor":15,"key":"REST"},{"data":"Sword Boomerang","floor":23,"key":"SMITH"},{"floor":25,"key":"REST"}],"neow_cost":"NONE","seed_source_timestamp":170779037449100,"circlet_count":0,"master_deck":["AscendersBane","Strike_R","Strike_R","Strike_R","Strike_R","Defend_R","Defend_R","Defend_R","Defend_R","Bash+1","Headbutt","Shrug It Off","Demon Form+1","Clothesline","Feed","Metallicize+1","Intimidate","Twin Strike+1","Shrug It Off","Juggernaut+1","Twin Strike+1","Spot Weakness+1","Fire Breathing+1","Sword Boomerang+1","Shame","Shrug It Off"],"relics":["Burning Blood","NeowsBlessing","WingedGreaves","Strawberry","Vajra","Frozen Egg 2","Cursed Key","Omamori","Lantern","Bottled Tornado"],"potions_floor_usage":[10,11,19,24,27],"damage_taken":[{"damage":0,"enemies":"Cultist","floor":1,"turns":1},{"damage":0,"enemies":"Small Slimes","floor":4,"turns":1},{"damage":0,"enemies":"3 Sentries","floor":7,"turns":2},{"damage":40,"enemies":"Lagavulin","floor":10,"turns":6},{"damage":28,"enemies":"Gremlin Nob","floor":11,"turns":4},{"damage":0,"enemies":"2 Louse","floor":14,"turns":2},{"damage":41,"enemies":"Slime Boss","floor":16,"turns":12},{"damage":21,"enemies":"Shell Parasite","floor":18,"turns":5},{"damage":19,"enemies":"3 Byrds","floor":19,"turns":7},{"damage":40,"enemies":"Book of Stabbing","floor":24,"turns":4},{"damage":42,"enemies":"Slavers","floor":27,"turns":3}],"seed_played":"6826748377718136234","potions_obtained":[{"floor":5,"key":"Regen Potion"},{"floor":7,"key":"Swift Potion"},{"floor":10,"key":"Poison Potion"},{"floor":14,"key":"Dexterity Potion"},{"floor":24,"key":"LiquidBronze"}],"is_trial":false,"path_per_floor":["M","?","?","M","?","R","E","R","T","E","E","$","R","M","R","B",null,"M","M","$","?","$","R","E","R","T","E"],"character_chosen":"IRONCLAD","items_purchased":["Metallicize+1","Intimidate","Twin Strike","Fire Breathing+1","Sword Boomerang"],"campfire_rested":2,"item_purchase_floors":[12,12,12,20,20],"current_hp_per_floor":[74,74,63,69,69,69,75,75,82,52,30,30,30,39,64,29,71,56,46,46,46,46,46,12,38,38,0],"gold":51,"neow_bonus":"THREE_ENEMY_KILL","is_prod":false,"is_daily":false,"chose_seed":false,"campfire_upgraded":4,"win_rate":0,"timestamp":1564179816,"path_taken":["M","?","?","M","?","R","E","R","T","E","E","$","R","M","R","BOSS","M","M","?","?","$","R","E","R","T","E"],"build_version":"2019-07-17","purchased_purges":0,"victory":false,"max_hp_per_floor":[75,75,75,75,75,75,75,75,82,82,82,82,82,85,85,85,85,85,88,88,88,88,88,88,88,88,91],"card_choices":[{"not_picked":["Anger","Flex"],"picked":"Headbutt","floor":1},{"not_picked":["Wild Strike","Rupture"],"picked":"Shrug It Off","floor":4},{"not_picked":["Seeing Red","Heavy Blade"],"picked":"Demon Form","floor":7},{"not_picked":["Clash","True Grit"],"picked":"Clothesline","floor":10},{"not_picked":["Rampage","Infernal Blade"],"picked":"Feed","floor":11},{"not_picked":["Hemokinesis","Blood for Blood"],"picked":"Shrug It Off","floor":14},{"not_picked":["Barricade+1","Impervious"],"picked":"Juggernaut+1","floor":16},{"not_picked":["Flame Barrier","Rage"],"picked":"Twin Strike+1","floor":18},{"not_picked":["Sentinel","True Grit"],"picked":"Spot Weakness+1","floor":19},{"not_picked":["Clash+1","Spot Weakness"],"picked":"Shrug It Off","floor":24}],"player_experience":694182,"relics_obtained":[{"floor":7,"key":"WingedGreaves"},{"floor":9,"key":"Strawberry"},{"floor":10,"key":"Vajra"},{"floor":11,"key":"Frozen Egg 2"},{"floor":24,"key":"Lantern"},{"floor":26,"key":"Bottled Tornado"}],"event_choices":[{"cards_removed":["Strike_R"],"damage_healed":0,"gold_gain":0,"player_choice":"Card Removal","damage_taken":0,"max_hp_gain":0,"max_hp_loss":0,"event_name":"The Cleric","floor":2,"gold_loss":75},{"damage_healed":0,"gold_gain":75,"player_choice":"Gather Gold","damage_taken":11,"max_hp_gain":0,"max_hp_loss":0,"event_name":"World of Goop","floor":3,"gold_loss":0},{"damage_healed":0,"gold_gain":0,"player_choice":"Bought 1 Potion","damage_taken":0,"max_hp_gain":0,"max_hp_loss":0,"event_name":"The Woman in Blue","floor":5,"gold_loss":0},{"damage_healed":0,"gold_gain":0,"player_choice":"Stole Relic","damage_taken":0,"relics_obtained":["Omamori"],"max_hp_gain":0,"max_hp_loss":0,"event_name":"Addict","floor":21,"gold_loss":0,"cards_obtained":["Shame"]}],"is_beta":false,"boss_relics":[{"not_picked":["Black Blood","Runic Pyramid"],"picked":"Cursed Key"}],"items_purged_floors":[],"is_endless":false,"potions_floor_spawned":[7,10,14,24],"killed_by":"Slavers","ascension_level":15}