{"path_per_floor":["M","?","?","M","?","R","$","?","T","E","M","M","$","T","R","B",null,"M","?","?","$"],"character_chosen":"DEFECT","items_purchased":["Regal Pillow","Sundial","Pantograph"],"gold_per_floor":[111,111,186,201,201,201,201,201,275,318,343,364,221,221,221,344,344,362,902,862,242,212],"floor_reached":22,"campfire_rested":0,"playtime":1399,"current_hp_per_floor":[75,68,57,53,53,53,53,53,53,49,49,46,46,46,46,46,85,61,5,5,5,0],"items_purged":["Injury"],"gold":212,"score":253,"play_id":"76516af0-15eb-456d-83a8-bf9b2e6bac76","local_time":"20180511165943","is_prod":false,"is_daily":false,"chose_seed":false,"is_ascension_mode":true,"campfire_upgraded":2,"timestamp":1526072383,"path_taken":["M","?","?","M","?","R","?","?","T","E","?","M","?","?","R","BOSS","M","?","?","$","M"],"build_version":"2018-05-10","seed_source_timestamp":79766189108302,"purchased_purges":1,"victory":false,"master_deck":["Strike_B","Strike_B","Defend_B","Defend_B","Defend_B","Defend_B+1","Zap","Dualcast","Coolheaded","Chill","Hello World","Loop","Darkness+1","Creative AI","White Noise"],"max_hp_per_floor":[75,75,75,75,75,75,75,75,75,85,85,85,85,85,85,85,85,85,85,85,85,85],"relics":["Cracked Core","Golden Idol","Letter Opener","Pear","Regal Pillow","Ice Cream","Inserter","Sundial","Pantograph"],"card_choices":[{"not_picked":["Leap","Stack"],"picked":"Coolheaded","floor":1},{"not_picked":["Axe Kick","Self Repair"],"picked":"Chill","floor":4},{"not_picked":["Darkness","Streamline"],"picked":"Loop","floor":10},{"not_picked":["FTL","Ball Lightning"],"picked":"Darkness","floor":11},{"not_picked":["Multi-Cast","Nova"],"picked":"Creative AI","floor":16},{"not_picked":["Chaos","Sweeping Beam"],"picked":"White Noise","floor":18}],"player_experience":68729,"potions_floor_usage":[10,16,16,22,22,22,22,22,22],"damage_taken":[{"damage":0,"enemies":"Cultist","floor":1,"turns":4},{"damage":4,"enemies":"2 Louse","floor":4,"turns":4},{"damage":14,"enemies":"3 Sentries","floor":10,"turns":7},{"damage":0,"enemies":"Jaw Worm","floor":11,"turns":4},{"damage":3,"enemies":"Blue Slaver","floor":12,"turns":4},{"damage":0,"enemies":"The Guardian","floor":16,"turns":9},{"damage":24,"enemies":"Spheric Guardian","floor":18,"turns":5},{"damage":12,"enemies":"2 Thieves","floor":22,"turns":1}],"event_choices":[{"event_name":"Golden Wing","player_choice":"Card Removal","floor":2,"damage_taken":0},{"event_name":"World of Goop","player_choice":"Gather Gold","floor":3,"damage_taken":0},{"event_name":"Golden Idol","player_choice":"Take Wound","floor":5,"damage_taken":0},{"event_name":"Living Wall","player_choice":"Change","floor":8,"damage_taken":0},{"event_name":"Knowing Skull","player_choice":"GOLD GOLD GOLD GOLD GOLD GOLD ","floor":19,"damage_taken":0},{"event_name":"The Woman in Blue","player_choice":"Bought 3 Potions","floor":20,"damage_taken":0}],"boss_relics":[{"not_picked":["Philosopher\u0027s Stone","Calling Bell"],"picked":"Inserter"}],"potions_floor_spawned":[10,12,16,18],"seed_played":"-2842011335056042672","killed_by":"2 Thieves","ascension_level":2,"is_trial":false}