{"gold_per_floor":[113,113,86,104,32,32,96,120,172,6,6,25,200,200,200,296,296,312,330,124,50,50,50],"floor_reached":23,"playtime":860,"items_purged":[],"score":210,"play_id":"544da438-85e7-478e-89d5-997dfb5f98c2","local_time":"20190721133249","is_ascension_mode":false,"campfire_choices":[{"data":"Corruption","floor":6,"key":"SMITH"},{"data":"The Bomb","floor":15,"key":"SMITH"}],"neow_cost":"NONE","seed_source_timestamp":855175648686269,"circlet_count":0,"master_deck":["Strike_R","Strike_R","Strike_R","Strike_R","Defend_R","Defend_R","Defend_R","Defend_R","Bash","Flex","Heavy Blade","Clothesline","Sword Boomerang","Corruption+1","Infernal Blade","The Bomb+1","Disarm","Doubt","Feed","Bloodletting","The Bomb+1","Bludgeon"],"relics":["Burning Blood","NeowsBlessing","Tiny Chest","Boot","Juzu Bracelet","Kunai","Eternal Feather","DollysMirror","Mummified Hand"],"potions_floor_usage":[],"damage_taken":[{"damage":0,"enemies":"Small Slimes","floor":1,"turns":1},{"damage":0,"enemies":"Cultist","floor":4,"turns":1},{"damage":0,"enemies":"Lagavulin","floor":7,"turns":2},{"damage":6,"enemies":"Jaw Worm","floor":12,"turns":2},{"damage":64,"enemies":"The Guardian","floor":16,"turns":11},{"damage":5,"enemies":"3 Byrds","floor":18,"turns":3},{"damage":17,"enemies":"Shell Parasite","floor":19,"turns":4},{"damage":69,"enemies":"Slavers","floor":23,"turns":3}],"seed_played":"2787103840912874398","potions_obtained":[{"floor":12,"key":"SneckoOil"},{"floor":19,"key":"EssenceOfSteel"}],"is_trial":false,"path_per_floor":["M","?","$","M","$","R","E","T","T","$","$","M","?","T","R","B",null,"M","M","$","$","?","E"],"character_chosen":"IRONCLAD","items_purchased":["Clothesline","Corruption","The Bomb","DollysMirror","Bludgeon"],"campfire_rested":0,"item_purchase_floors":[3,5,10,20,21],"current_hp_per_floor":[80,80,80,80,80,80,80,80,80,80,80,80,80,80,80,22,80,80,69,69,69,69,0],"gold":50,"neow_bonus":"THREE_ENEMY_KILL","is_prod":false,"is_daily":false,"chose_seed":false,"campfire_upgraded":2,"win_rate":0,"timestamp":1563733969,"path_taken":["M","?","?","M","$","R","E","?","T","?","$","M","?","?","R","BOSS","M","M","?","$","?","E"],"build_version":"2019-07-17","purchased_purges":0,"victory":false,"max_hp_per_floor":[80,80,80,80,80,80,80,80,80,80,80,80,80,80,80,80,80,80,80,80,80,80,80],"card_choices":[{"not_picked":["Warcry","True Grit"],"picked":"Flex","floor":1},{"not_picked":["Iron Wave","Wild Strike"],"picked":"Sword Boomerang","floor":4},{"not_picked":["Body Slam","Blood for Blood"],"picked":"Infernal Blade","floor":7},{"not_picked":["Ghostly Armor","Heavy Blade"],"picked":"Disarm","floor":12},{"not_picked":["Bludgeon","Fiend Fire"],"picked":"Feed","floor":16},{"not_picked":["Body Slam","Heavy Blade"],"picked":"Bloodletting","floor":18},{"not_picked":["Power Through","Twin Strike","Perfected Strike"],"picked":"SKIP","floor":19}],"player_experience":143713,"relics_obtained":[{"floor":7,"key":"Tiny Chest"},{"floor":8,"key":"Boot"},{"floor":9,"key":"Juzu Bracelet"},{"floor":14,"key":"Kunai"}],"event_choices":[{"damage_healed":0,"gold_gain":0,"cards_transformed":["Strike_R"],"player_choice":"Transformed","damage_taken":0,"max_hp_gain":0,"max_hp_loss":0,"event_name":"Transmorgrifier","floor":2,"gold_loss":0,"cards_obtained":["Heavy Blade"]},{"damage_healed":0,"gold_gain":175,"player_choice":"AGREE","damage_taken":0,"max_hp_gain":0,"max_hp_loss":0,"event_name":"Liars Game","floor":13,"gold_loss":0,"cards_obtained":["Doubt"]},{"damage_healed":0,"gold_gain":0,"player_choice":"Opened","damage_taken":0,"relics_obtained":["Mummified Hand"],"max_hp_gain":0,"max_hp_loss":0,"event_name":"The Mausoleum","floor":22,"gold_loss":0}],"is_beta":false,"boss_relics":[{"not_picked":["Coffee Dripper","Snecko Eye"],"picked":"Eternal Feather"}],"items_purged_floors":[],"is_endless":false,"potions_floor_spawned":[12,19],"killed_by":"Slavers","ascension_level":0}