{"path_per_floor":["M","M","?","?","$","R","$","E","T","?","M","E","M","M","R","B",null,"M","M","?","?","?","R","M","M","T","R","M","M","R","M","R","B",null,"M","?","M","M","?","R","M","R","T","$","R","M","R","M","R","B"],"character_chosen":"DEFECT","items_purchased":["Static Discharge","Shuriken","LiquidBronze","Finesse","PowerPotion"],"gold_per_floor":[117,130,130,130,130,130,55,85,111,81,95,129,144,163,163,260,260,272,284,284,284,284,284,297,309,309,309,322,333,333,345,345,446,446,463,463,473,491,491,491,503,503,583,52,52,67,67,84,84,84],"floor_reached":51,"campfire_rested":6,"playtime":5921,"current_hp_per_floor":[75,75,75,60,60,60,60,60,60,60,60,57,43,43,43,38,75,58,55,55,41,25,25,24,11,11,35,11,7,31,31,55,42,80,60,80,7,40,40,40,39,63,63,63,63,48,72,11,35,10],"items_purged":["Doubt"],"gold":84,"score":661,"play_id":"bbcc49b1-470e-4b4e-8cf4-36fcc2963dcd","local_time":"20180509203107","is_prod":false,"is_daily":false,"chose_seed":false,"is_ascension_mode":false,"campfire_upgraded":5,"timestamp":1525912267,"path_taken":["M","M","?","?","?","R","$","E","T","?","?","E","M","M","R","BOSS","M","M","?","?","?","R","?","M","T","R","M","M","R","M","R","BOSS","M","?","M","M","?","R","M","R","T","$","R","M","R","M","R","BOSS"],"build_version":"2018-05-08","seed_source_timestamp":9961250624671,"purchased_purges":1,"victory":true,"master_deck":["Strike_B","Strike_B","Strike_B","Defend_B+1","Defend_B+1","Defend_B+1","Defend_B+1","Zap+1","Dualcast+1","Sweeping Beam","Sweeping Beam","Static Discharge+1","Heatsinks+1","Coolheaded+1","Genetic Algorithm+1","Conserve Battery+1","Skim+1","Machine Learning","Darkness+1","Stack+1","Necronomicurse","Storm+1","Hologram+1","Writhe","Loop+1","Conserve Battery+1","Hello World+1","Multi-Cast+1","Capacitor+1","Writhe","Force Field+1","Leap+1","Fusion+1","Finesse+1","Rebound","Conserve Battery+1"],"max_hp_per_floor":[75,75,75,75,75,75,75,75,75,75,75,75,75,75,75,75,75,75,75,75,80,80,80,80,80,80,80,80,80,80,80,80,80,80,80,80,80,80,80,80,80,80,80,80,80,80,80,80,80,80],"relics":["Cracked Core","NeowsBlessing","Toxic Egg 2","War Paint","Peace Pipe","Cursed Key","Necronomicon","Bag of Preparation","Lizard Tail","Gremlin Horn","Shuriken"],"card_choices":[{"not_picked":["FTL","Steam"],"picked":"Sweeping Beam","floor":1},{"not_picked":["Turbo","Axe Kick"],"picked":"Sweeping Beam","floor":2},{"not_picked":["Ball Lightning","FTL"],"picked":"Heatsinks","floor":8},{"not_picked":["Melter","Auto Shields"],"picked":"Coolheaded","floor":11},{"not_picked":["Aggregate","Stack"],"picked":"Genetic Algorithm","floor":12},{"not_picked":["Coolheaded","Rebound"],"picked":"Conserve Battery","floor":13},{"not_picked":["Axe Kick","Hello World"],"picked":"Skim","floor":14},{"not_picked":["Thunder Strike","Buffer"],"picked":"Machine Learning","floor":16},{"not_picked":["BootSequence","Capacitor"],"picked":"Darkness","floor":18},{"not_picked":["Hologram","Rebound"],"picked":"Stack","floor":19},{"not_picked":["Turbo","Lockon"],"picked":"Storm","floor":24},{"not_picked":["Ball Lightning","Rebound"],"picked":"Hologram","floor":25},{"not_picked":["Stack","Hologram"],"picked":"Loop","floor":28},{"not_picked":["Double Energy","Scrape"],"picked":"Conserve Battery","floor":29},{"not_picked":["Capacitor","Ball Lightning"],"picked":"Hello World","floor":31},{"not_picked":["Seek","Buffer"],"picked":"Multi-Cast","floor":33},{"not_picked":["Skim","Hologram"],"picked":"Capacitor","floor":35},{"not_picked":["Leap","Steam"],"picked":"Force Field","floor":37},{"not_picked":["Sweeping Beam","Streamline"],"picked":"Leap","floor":38},{"not_picked":["Steam","Chill"],"picked":"Fusion","floor":41},{"not_picked":["Leap","Skim"],"picked":"Rebound","floor":46},{"not_picked":["Leap","Rebound"],"picked":"Conserve Battery","floor":48}],"player_experience":17254,"potions_floor_usage":[16,16,16,29,29,38,41,50,50,50],"damage_taken":[{"damage":0,"enemies":"Cultist","floor":1,"turns":1},{"damage":0,"enemies":"Jaw Worm","floor":2,"turns":1},{"damage":0,"enemies":"Gremlin Nob","floor":8,"turns":1},{"damage":0,"enemies":"2 Louse","floor":11,"turns":2},{"damage":3,"enemies":"Lagavulin","floor":12,"turns":6},{"damage":14,"enemies":"Large Slime","floor":13,"turns":5},{"damage":0,"enemies":"Blue Slaver","floor":14,"turns":4},{"damage":20,"enemies":"Hexaghost","floor":16,"turns":10},{"damage":17,"enemies":"2 Thieves","floor":18,"turns":3},{"damage":3,"enemies":"3 Byrds","floor":19,"turns":3},{"damage":1,"enemies":"Centurion and Healer","floor":24,"turns":7},{"damage":13,"enemies":"Cultist and Chosen","floor":25,"turns":5},{"damage":24,"enemies":"Chosen and Byrds","floor":28,"turns":6},{"damage":4,"enemies":"Slaver and Parasite","floor":29,"turns":7},{"damage":0,"enemies":"Snake Plant","floor":31,"turns":5},{"damage":13,"enemies":"Champ","floor":33,"turns":13},{"damage":20,"enemies":"Orb Walker","floor":35,"turns":3},{"damage":73,"enemies":"3 Shapes","floor":37,"turns":4},{"damage":8,"enemies":"3 Darklings","floor":38,"turns":10},{"damage":1,"enemies":"Spire Growth","floor":41,"turns":6},{"damage":15,"enemies":"4 Shapes","floor":46,"turns":4},{"damage":61,"enemies":"Flame Bruiser 2 Orb","floor":48,"turns":4},{"damage":25,"enemies":"Donu and Deca","floor":50,"turns":10}],"event_choices":[{"event_name":"Bonfire Elementals","player_choice":"BASIC","floor":3,"damage_taken":0},{"event_name":"Shining Light","player_choice":"Entered Light","floor":4,"damage_taken":0},{"event_name":"The Woman in Blue","player_choice":"Bought 2 Potions","floor":10,"damage_taken":0},{"event_name":"Beggar","player_choice":"Ignored","floor":20,"damage_taken":0},{"event_name":"Forgotten Altar","player_choice":"Shed Blood","floor":21,"damage_taken":0},{"event_name":"Cursed Tome","player_choice":"Obtained Book","floor":22,"damage_taken":0},{"event_name":"Winding Halls","player_choice":"Writhe","floor":36,"damage_taken":0},{"event_name":"The Moai Head","player_choice":"Ignored","floor":39,"damage_taken":0}],"boss_relics":[{"not_picked":["Snecko Eye","Runic Dome"],"picked":"Cursed Key"},{"not_picked":["Sozu","White Beast Statue"],"picked":"Lizard Tail"}],"potions_floor_spawned":[1,11,14,19,25,29,33,35,38,41,48],"seed_played":"-3313199902533433152","ascension_level":0,"is_trial":false}