{"gold_per_floor":[14,26,41,57,57,86,86,148,221,221,14,32,137,150,150,246,246,259,279,329,2,19,19,33,59,110,121,0,4,16,165,165,165],"floor_reached":33,"playtime":1557,"items_purged":[],"score":285,"play_id":"df2e231f-d683-450c-b2e2-90e1afa56e0c","local_time":"20190502094537","is_ascension_mode":true,"campfire_choices":[{"floor":7,"key":"REST"},{"data":"Electrodynamics","floor":10,"key":"SMITH"},{"floor":15,"key":"REST"},{"floor":23,"key":"RECALL"},{"floor":32,"key":"REST"}],"neow_cost":"NO_GOLD","seed_source_timestamp":1437964082455968,"circlet_count":0,"master_deck":["Strike_B","Strike_B","Strike_B","Strike_B","Defend_B","Defend_B","Defend_B","Defend_B","Zap","Dualcast","Electrodynamics+1","Compile Driver","Leap","Beam Cell","Loop","Storm","Conserve Battery","Doom and Gloom","The Bomb","Coolheaded","Streamline","Coolheaded","Buffer","Barrage+1","Lockon","Writhe","Melter","Rip and Tear","Loop","Multi-Cast","Conserve Battery+1","Coolheaded","Tempest"],"relics":["Cracked Core","SsserpentHead","Oddly Smooth Stone","Symbiotic Virus","Emotion Chip","Fusion Hammer","Orichalcum","Ice Cream","Happy Flower"],"potions_floor_usage":[8,12,13,18,25,30,33,33],"damage_taken":[{"damage":1,"enemies":"Cultist","floor":1,"turns":3},{"damage":6,"enemies":"Jaw Worm","floor":2,"turns":4},{"damage":0,"enemies":"Small Slimes","floor":3,"turns":3},{"damage":13,"enemies":"Exordium Thugs","floor":4,"turns":4},{"damage":38,"enemies":"Lagavulin","floor":6,"turns":7},{"damage":1,"enemies":"3 Louse","floor":8,"turns":4},{"damage":0,"enemies":"Exordium Wildlife","floor":12,"turns":3},{"damage":21,"enemies":"Lagavulin Event","floor":13,"turns":4},{"damage":0,"enemies":"2 Fungi Beasts","floor":14,"turns":2},{"damage":10,"enemies":"Slime Boss","floor":16,"turns":5},{"damage":0,"enemies":"3 Byrds","floor":18,"turns":2},{"damage":0,"enemies":"Spheric Guardian","floor":19,"turns":3},{"damage":10,"enemies":"Snake Plant","floor":22,"turns":4},{"damage":5,"enemies":"Cultist and Chosen","floor":24,"turns":4},{"damage":29,"enemies":"Book of Stabbing","floor":25,"turns":4},{"damage":20,"enemies":"Sentry and Sphere","floor":27,"turns":4},{"damage":0,"enemies":"3 Cultists","floor":30,"turns":2},{"damage":46,"enemies":"Champ","floor":33,"turns":8}],"seed_played":"4962144062583720964","potions_obtained":[{"floor":6,"key":"SkillPotion"},{"floor":8,"key":"Block Potion"},{"floor":12,"key":"LiquidBronze"},{"floor":14,"key":"SpeedPotion"},{"floor":16,"key":"Fire Potion"},{"floor":19,"key":"FocusPotion"},{"floor":27,"key":"Block Potion"},{"floor":30,"key":"SteroidPotion"}],"is_trial":false,"path_per_floor":["M","M","M","M","?","E","R","M","T","R","$","M","?","M","R","B",null,"M","M","?","$","M","R","M","E","T","M","?","$","M","?","R","B"],"character_chosen":"DEFECT","items_purchased":["Doom and Gloom","The Bomb","Ice Cream","Melter","Coolheaded"],"campfire_rested":3,"item_purchase_floors":[11,11,21,21,29],"current_hp_per_floor":[74,68,68,55,55,17,39,38,38,38,38,38,17,17,39,29,75,75,75,75,75,65,65,60,31,31,11,11,11,11,11,33,0],"gold":165,"neow_bonus":"THREE_RARE_CARDS","is_prod":false,"is_daily":false,"chose_seed":false,"campfire_upgraded":1,"win_rate":0,"timestamp":1556804737,"path_taken":["M","M","M","?","?","E","R","?","T","R","$","M","?","M","R","BOSS","M","M","?","$","M","R","M","E","T","M","?","?","M","?","R","BOSS"],"build_version":"2019-01-23","purchased_purges":0,"victory":false,"max_hp_per_floor":[75,75,75,75,75,75,75,75,75,75,75,75,75,75,75,75,75,75,75,75,75,75,75,75,75,75,75,75,75,75,75,75,75],"card_choices":[{"not_picked":["Seek","Multi-Cast"],"picked":"Electrodynamics","floor":0},{"not_picked":["Sweeping Beam","Gash"],"picked":"Compile Driver","floor":1},{"not_picked":["Steam","Force Field"],"picked":"Leap","floor":2},{"not_picked":["Go for the Eyes","Hologram"],"picked":"Beam Cell","floor":3},{"not_picked":["Conserve Battery","Fusion"],"picked":"Loop","floor":4},{"not_picked":["White Noise","Sweeping Beam"],"picked":"Storm","floor":6},{"not_picked":["Hologram","Cold Snap"],"picked":"Conserve Battery","floor":8},{"not_picked":["White Noise","Auto Shields"],"picked":"Coolheaded","floor":12},{"not_picked":["Loop","Consume"],"picked":"Streamline","floor":13},{"not_picked":["Leap","Steam Power"],"picked":"Coolheaded","floor":14},{"not_picked":["Rainbow","Amplify"],"picked":"Buffer","floor":16},{"not_picked":["Force Field","Conserve Battery"],"picked":"Barrage+1","floor":18},{"not_picked":["FTL","Streamline"],"picked":"Lockon","floor":19},{"not_picked":["Glacier","BootSequence+1"],"picked":"Rip and Tear","floor":22},{"not_picked":["Barrage","Force Field"],"picked":"Loop","floor":24},{"not_picked":["Beam Cell","Storm"],"picked":"Multi-Cast","floor":25},{"not_picked":["Go for the Eyes+1","Ball Lightning"],"picked":"Conserve Battery+1","floor":27},{"not_picked":["Ball Lightning","Beam Cell"],"picked":"Tempest","floor":30}],"player_experience":308472,"relics_obtained":[{"floor":6,"key":"Oddly Smooth Stone"},{"floor":9,"key":"Symbiotic Virus"},{"floor":13,"key":"Emotion Chip"},{"floor":25,"key":"Happy Flower"}],"event_choices":[{"damage_healed":0,"gold_gain":0,"player_choice":"Trade","damage_taken":0,"relics_obtained":["SsserpentHead"],"max_hp_gain":0,"max_hp_loss":0,"event_name":"FaceTrader","floor":5,"gold_loss":0},{"damage_healed":0,"gold_gain":0,"player_choice":"Searched \u00271\u0027 times","damage_taken":0,"max_hp_gain":0,"max_hp_loss":0,"event_name":"Dead Adventurer","floor":13,"gold_loss":0},{"damage_healed":0,"gold_gain":0,"player_choice":"Opened","damage_taken":0,"relics_obtained":["Orichalcum"],"max_hp_gain":0,"max_hp_loss":0,"event_name":"The Mausoleum","floor":20,"gold_loss":0,"cards_obtained":["Writhe"]},{"damage_healed":0,"gold_gain":0,"player_choice":"Paid Fearfully","damage_taken":0,"max_hp_gain":0,"max_hp_loss":0,"event_name":"Masked Bandits","floor":28,"gold_loss":171},{"damage_healed":0,"gold_gain":99,"player_choice":"Stole From Cult","damage_taken":0,"max_hp_gain":0,"max_hp_loss":0,"event_name":"Nest","floor":31,"gold_loss":0}],"is_beta":false,"boss_relics":[{"not_picked":["FrozenCore","Lizard Tail"],"picked":"Fusion Hammer"}],"items_purged_floors":[],"is_endless":false,"potions_floor_spawned":[6,8,12,14,16,19,27,30],"killed_by":"Champ","ascension_level":1}