{"gold_per_floor":[118,393,412,429,354,354,374,374,374,374,374,374,60,80,80,157,157,173,173,191,208,133,133,159,159,159,169,202,202,215,265,265,265],"floor_reached":33,"playtime":1643,"items_purged":[],"score":459,"play_id":"8b458f96-6c3f-4655-a95d-b067b2715e4d","local_time":"20190125171322","is_ascension_mode":true,"campfire_choices":[{"data":"Neutralize","floor":6.0,"key":"SMITH"},{"data":"Dagger Spray","floor":10.0,"key":"SMITH"},{"data":"Dodge and Roll","floor":12.0,"key":"SMITH"},{"data":"Survivor","floor":15.0,"key":"SMITH"},{"data":"Footwork","floor":23.0,"key":"SMITH"},{"floor":25.0,"key":"REST"},{"floor":29,"key":"REST"},{"data":"Noxious Fumes","floor":32,"key":"SMITH"}],"neow_cost":"NONE","seed_source_timestamp":108944797147974,"circlet_count":0,"master_deck":["AscendersBane","Defend_G","Defend_G","Defend_G","Defend_G","Defend_G","Strike_G","Strike_G","Strike_G","Strike_G","Strike_G","Survivor+1","Neutralize+1","Calculated Gamble","Dagger Spray+1","Dodge and Roll+1","PiercingWail","Flying Knee","Concentrate+1","Dash+1","After Image","Footwork+1","Cloak And Dagger+1","Accuracy","Accuracy","Noxious Fumes+1","Bullet Time+1","Leg Sweep+1","PiercingWail+1"],"special_seed":0,"relics":["Ring of the Snake","Molten Egg 2","Ninja Scroll","Toxic Egg 2","Shuriken","WristBlade","PreservedInsect","Gremlin Horn","Red Mask"],"potions_floor_usage":[30,33],"damage_taken":[{"damage":0.0,"enemies":"2 Louse","floor":1.0,"turns":5.0},{"damage":4.0,"enemies":"Cultist","floor":3.0,"turns":5.0},{"damage":8.0,"enemies":"Small Slimes","floor":4.0,"turns":3.0},{"damage":3.0,"enemies":"Blue Slaver","floor":7.0,"turns":5.0},{"damage":4.0,"enemies":"Large Slime","floor":14.0,"turns":5.0},{"damage":26.0,"enemies":"Hexaghost","floor":16.0,"turns":12.0},{"damage":8.0,"enemies":"Spheric Guardian","floor":18.0,"turns":4.0},{"damage":1.0,"enemies":"Chosen","floor":20.0,"turns":5.0},{"damage":7.0,"enemies":"Snake Plant","floor":21.0,"turns":6.0},{"damage":44.0,"enemies":"Book of Stabbing","floor":24.0,"turns":7.0},{"damage":1.0,"enemies":"Shelled Parasite and Fungi","floor":27.0,"turns":6.0},{"damage":7,"enemies":"Masked Bandits","floor":28,"turns":5},{"damage":2,"enemies":"Centurion and Healer","floor":30,"turns":9},{"damage":53,"enemies":"Champ","floor":33,"turns":12}],"seed_played":"1405882836928845679","potions_obtained":[{"floor":4.0,"key":"FearPotion"},{"floor":16.0,"key":"Regen Potion"},{"floor":24.0,"key":"SpeedPotion"},{"floor":28,"key":"Regen Potion"}],"is_trial":false,"path_per_floor":["M","?","M","M","?","R","M","?","T","R","?","R","$","M","R","B",null,"M","?","M","M","?","R","E","R","T","M","?","R","M","?","R","B"],"character_chosen":"THE_SILENT","items_purchased":["Shuriken","Concentrate+1"],"campfire_rested":2,"item_purchase_floors":[13,13],"current_hp_per_floor":[59,59,55,47,47,47,44,44,44,44,44,44,44,40,40,14,53,45,45,44,37,37,37,8,27,27,26,19,38,51,51,51,0],"gold":265,"neow_bonus":"THREE_CARDS","is_prod":false,"is_daily":false,"chose_seed":false,"campfire_upgraded":6,"win_rate":0,"timestamp":1548454402,"path_taken":["M","?","?","M","?","R","M","?","T","R","?","R","$","M","R","BOSS","M","?","M","M","?","R","E","R","T","M","?","R","M","?","R","BOSS"],"build_version":"2019-01-23","purchased_purges":0,"victory":false,"max_hp_per_floor":[66,66,66,66,66,66,66,66,66,66,66,66,66,66,66,66,66,66,66,66,66,66,66,66,66,66,66,66,66,66,66,66,66],"card_choices":[{"not_picked":["Riddle With Holes","Sucker Punch"],"picked":"Calculated Gamble","floor":0.0},{"not_picked":["Outmaneuver","Bane"],"picked":"Dagger Spray","floor":1.0},{"not_picked":["Setup","Dagger Throw"],"picked":"Dodge and Roll","floor":3.0},{"not_picked":["Dodge and Roll","Dagger Spray"],"picked":"PiercingWail","floor":4.0},{"not_picked":["Slice","All Out Attack"],"picked":"Flying Knee","floor":7.0},{"not_picked":["Expertise+1","Flying Knee+1"],"picked":"Dash+1","floor":14.0},{"not_picked":["Doppelganger+1","Grand Finale+1"],"picked":"After Image","floor":16.0},{"not_picked":["Bouncing Flask+1","Quick Slash+1"],"picked":"Footwork","floor":18.0},{"not_picked":["Deadly Poison+1","Poisoned Stab+1"],"picked":"Accuracy","floor":20.0},{"not_picked":["Setup+1","Acrobatics+1"],"picked":"Accuracy","floor":21.0},{"not_picked":["Slice+1","Outmaneuver+1"],"picked":"Noxious Fumes","floor":24.0},{"not_picked":["Endless Agony+1","Dagger Throw+1"],"picked":"Bullet Time+1","floor":27.0},{"not_picked":["Cloak And Dagger+1","Backflip+1"],"picked":"Leg Sweep+1","floor":28},{"not_picked":["Dagger Throw+1","Eviscerate+1"],"picked":"PiercingWail+1","floor":30}],"player_experience":862303,"relics_obtained":[{"floor":9.0,"key":"Ninja Scroll"},{"floor":11.0,"key":"Toxic Egg 2"},{"floor":24.0,"key":"PreservedInsect"},{"floor":26.0,"key":"Gremlin Horn"},{"floor":28,"key":"Red Mask"}],"event_choices":[{"damage_healed":0.0,"max_hp_gain":0.0,"max_hp_loss":0.0,"gold_gain":275.0,"event_name":"Golden Shrine","player_choice":"Desecrate","floor":2.0,"gold_loss":0.0,"damage_taken":0.0,"cards_obtained":["Regret"]},{"cards_removed":["Regret"],"damage_healed":0.0,"max_hp_gain":0.0,"max_hp_loss":0.0,"gold_gain":0.0,"event_name":"The Cleric","player_choice":"Card Removal","floor":5.0,"gold_loss":75.0,"damage_taken":0.0},{"damage_healed":0.0,"max_hp_gain":0.0,"max_hp_loss":0.0,"gold_gain":0.0,"event_name":"Big Fish","player_choice":"Box","floor":8.0,"gold_loss":0.0,"damage_taken":0.0,"relics_obtained":["Molten Egg 2"],"cards_obtained":["Regret"]},{"damage_healed":0.0,"max_hp_gain":0.0,"max_hp_loss":0.0,"gold_gain":0.0,"event_name":"Wheel of Change","player_choice":"Relic","floor":11.0,"gold_loss":0.0,"damage_taken":0.0},{"damage_healed":0.0,"max_hp_gain":0.0,"max_hp_loss":0.0,"gold_gain":0.0,"event_name":"The Library","player_choice":"Read","floor":19.0,"gold_loss":0.0,"damage_taken":0.0,"cards_obtained":["Cloak And Dagger"]},{"cards_removed":["Regret"],"damage_healed":0.0,"max_hp_gain":0.0,"max_hp_loss":0.0,"gold_gain":0.0,"event_name":"Beggar","player_choice":"Gave Gold","floor":22.0,"gold_loss":75.0,"damage_taken":0.0},{"damage_healed":0,"gold_gain":0,"player_choice":"Fought Bandits","damage_taken":0,"max_hp_gain":0,"max_hp_loss":0,"event_name":"Masked Bandits","floor":28,"gold_loss":0},{"damage_healed":0,"gold_gain":50,"player_choice":"Pray","damage_taken":0,"max_hp_gain":0,"max_hp_loss":0,"event_name":"Golden Shrine","floor":31,"gold_loss":0}],"is_beta":true,"boss_relics":[{"not_picked":["Astrolabe","Snecko Eye"],"picked":"WristBlade"}],"items_purged_floors":[],"is_endless":false,"potions_floor_spawned":[4,16,20,24,28],"killed_by":"Champ","ascension_level":16}