{"gold_per_floor":[118,136,154,229,245,245,260,260,283,283,294,305,106,122,122,199,249,264,264,264,276,276,276,276,294,294,294],"floor_reached":27,"playtime":925,"items_purged":[],"score":414,"play_id":"b3cd73ae-af05-4421-b50c-f8b9baaa754a","local_time":"20190707182537","is_ascension_mode":true,"campfire_choices":[{"data":"Sweeping Beam","floor":6.0,"key":"SMITH"},{"data":"Melter","floor":10.0,"key":"SMITH"},{"data":"Conserve Battery","floor":15.0,"key":"SMITH"},{"data":"Capacitor","floor":23,"key":"SMITH"}],"neow_cost":"NONE","seed_source_timestamp":1138587000837500,"circlet_count":0,"master_deck":["AscendersBane","Strike_B","Strike_B","Strike_B","Strike_B","Defend_B","Defend_B","Defend_B","Defend_B+1","Zap","Dualcast","Sweeping Beam+1","Leap","Self Repair","BootSequence","Melter+1","Conserve Battery+1","Coolheaded","Leap","Echo Form","Machine Learning","Stack","Self Repair","Shame","Capacitor+1","Impatience","Discovery","Blizzard"],"special_seed":0,"relics":["Cracked Core","Mercury Hourglass","Lantern","Juzu Bracelet","Tiny House","Dead Branch","MutagenicStrength","Toxic Egg 2"],"potions_floor_usage":[25],"damage_taken":[{"damage":5.0,"enemies":"2 Louse","floor":1.0,"turns":3.0},{"damage":2.0,"enemies":"Jaw Worm","floor":2.0,"turns":3.0},{"damage":0.0,"enemies":"Small Slimes","floor":3.0,"turns":2.0},{"damage":12.0,"enemies":"Exordium Wildlife","floor":5.0,"turns":5.0},{"damage":0.0,"enemies":"Lots of Slimes","floor":7.0,"turns":2.0},{"damage":0.0,"enemies":"Blue Slaver","floor":11.0,"turns":3.0},{"damage":4.0,"enemies":"Red Slaver","floor":12.0,"turns":2.0},{"damage":0.0,"enemies":"Looter","floor":14.0,"turns":2.0},{"damage":18,"enemies":"The Guardian","floor":16,"turns":14},{"damage":0,"enemies":"Spheric Guardian","floor":18,"turns":1},{"damage":15,"enemies":"Shell Parasite","floor":21,"turns":7},{"damage":37,"enemies":"Cultist and Chosen","floor":25,"turns":6},{"damage":33,"enemies":"Snake Plant","floor":27,"turns":2}],"seed_played":"-4345637151773338028","potions_obtained":[{"floor":2.0,"key":"SpeedPotion"},{"floor":3.0,"key":"Regen Potion"},{"floor":5.0,"key":"Strength Potion"},{"floor":17,"key":"FairyPotion"}],"is_trial":false,"path_per_floor":["M","M","M","?","M","R","M","T","T","R","M","M","$","M","R","B",null,"M","?","?","M","?","R","?","M","T","M"],"character_chosen":"DEFECT","items_purchased":["Juzu Bracelet","Leap"],"campfire_rested":0,"item_purchase_floors":[13,13],"current_hp_per_floor":[66,64,64,53,55,55,55,55,55,55,62,65,65,72,72,68,81,81,81,81,80,80,80,56,19,19,0],"gold":294,"neow_bonus":"TEN_PERCENT_HP_BONUS","is_prod":false,"is_daily":false,"chose_seed":false,"campfire_upgraded":4,"win_rate":0,"timestamp":1562538337,"path_taken":["M","M","M","?","M","R","M","?","T","R","?","M","$","M","R","BOSS","M","?","?","M","?","R","?","M","T","M"],"build_version":"2019-07-03","purchased_purges":0,"victory":false,"max_hp_per_floor":[78,78,78,78,78,78,78,78,78,78,78,78,78,78,78,78,83,83,83,83,83,83,83,83,83,83,83],"card_choices":[{"not_picked":["Redo","Melter"],"picked":"Sweeping Beam","floor":1.0},{"not_picked":["Consume","Hologram"],"picked":"Leap","floor":2.0},{"not_picked":["Capacitor","Barrage"],"picked":"Self Repair","floor":3.0},{"not_picked":["Double Energy","Blizzard"],"picked":"BootSequence","floor":5.0},{"not_picked":["Rebound","Turbo"],"picked":"Melter","floor":7.0},{"not_picked":["Sunder","Barrage"],"picked":"Conserve Battery","floor":11.0},{"not_picked":["Sweeping Beam","Ball Lightning"],"picked":"Coolheaded","floor":12.0},{"not_picked":["Blizzard","Double Energy"],"picked":"Echo Form","floor":14.0},{"not_picked":["Meteor Strike","Buffer"],"picked":"Machine Learning","floor":16},{"not_picked":["Recycle","Chaos"],"picked":"Stack","floor":17},{"not_picked":["Barrage","Turbo"],"picked":"Self Repair","floor":18},{"not_picked":["Leap","Self Repair"],"picked":"Capacitor","floor":21},{"not_picked":["Steam","Chill"],"picked":"Blizzard","floor":25}],"player_experience":1078220,"relics_obtained":[{"floor":8.0,"key":"Mercury Hourglass"},{"floor":9.0,"key":"Lantern"},{"floor":26,"key":"Toxic Egg 2"}],"event_choices":[{"damage_healed":0.0,"max_hp_gain":0.0,"max_hp_loss":0.0,"gold_gain":75.0,"event_name":"World of Goop","player_choice":"Gather Gold","floor":4.0,"gold_loss":0.0,"damage_taken":11.0},{"damage_healed":0,"gold_gain":0,"player_choice":"Ignored","damage_taken":0,"max_hp_gain":0,"max_hp_loss":0,"event_name":"Vampires","floor":19,"gold_loss":0},{"damage_healed":0,"gold_gain":0,"player_choice":"Stole Relic","damage_taken":0,"relics_obtained":["Dead Branch"],"max_hp_gain":0,"max_hp_loss":0,"event_name":"Addict","floor":20,"gold_loss":0,"cards_obtained":["Shame"]},{"damage_healed":0,"gold_gain":0,"player_choice":"Inject Mutagens","damage_taken":0,"relics_obtained":["MutagenicStrength"],"max_hp_gain":0,"max_hp_loss":0,"event_name":"Drug Dealer","floor":22,"gold_loss":0},{"damage_healed":0,"gold_gain":0,"player_choice":"CARD CARD ","damage_taken":24,"max_hp_gain":0,"max_hp_loss":0,"event_name":"Knowing Skull","floor":24,"potions_obtained":[],"gold_loss":0,"cards_obtained":["Impatience","Discovery"]}],"is_beta":true,"boss_relics":[{"not_picked":["Velvet Choker","Sozu"],"picked":"Tiny House"}],"items_purged_floors":[],"is_endless":false,"potions_floor_spawned":[2,3,5,14,18,21],"killed_by":"Snake Plant","ascension_level":20}