{"gold_per_floor":[117,130,140,110,34,34,46,59,59,59,94,94,113,132,132,231,231,244,254,95,109,109,109,120,120,120,120,120],"floor_reached":28,"playtime":3108,"items_purged":[],"score":286,"play_id":"58f23482-d8b0-4f7e-a721-dbd890401508","local_time":"20190630102603","is_ascension_mode":true,"campfire_choices":[{"data":"Noxious Fumes","floor":6.0,"key":"SMITH"},{"floor":15.0,"key":"REST"},{"floor":23,"key":"REST"}],"neow_cost":"TEN_PERCENT_HP_LOSS","seed_source_timestamp":0,"circlet_count":0,"master_deck":["Defend_G+1","Defend_G+1","Defend_G+1","Defend_G+1","Defend_G+1","Strike_G+1","Strike_G+1","Strike_G+1","Strike_G+1","Strike_G+1","Survivor","Neutralize+1","Panacea","Trip","Prepared","Escape Plan","Tactician","Predator","Noxious Fumes+1","Bane","Bouncing Flask","Flechettes","Finisher","Noxious Fumes","After Image","Setup+1","Backflip","Footwork","Dagger Spray","Blur","Outmaneuver+1","Venomology","Decay"],"special_seed":0,"relics":["Ring of the Snake","Sundial","The Specimen","Black Star","Molten Egg 2"],"potions_floor_usage":[16,21,28],"damage_taken":[{"damage":0.0,"enemies":"2 Louse","floor":1.0,"turns":3.0},{"damage":1.0,"enemies":"Jaw Worm","floor":2.0,"turns":4.0},{"damage":1.0,"enemies":"Cultist","floor":3.0,"turns":4.0},{"damage":0.0,"enemies":"Looter","floor":4.0,"turns":4.0},{"damage":7.0,"enemies":"Gremlin Gang","floor":7.0,"turns":5.0},{"damage":6.0,"enemies":"Blue Slaver","floor":8.0,"turns":3.0},{"damage":8.0,"enemies":"3 Sentries","floor":11.0,"turns":6.0},{"damage":3.0,"enemies":"Exordium Wildlife","floor":13.0,"turns":2.0},{"damage":1.0,"enemies":"3 Louse","floor":14.0,"turns":4.0},{"damage":0,"enemies":"Slime Boss","floor":16,"turns":7},{"damage":0,"enemies":"3 Byrds","floor":18,"turns":5},{"damage":22,"enemies":"Shell Parasite","floor":19,"turns":6},{"damage":17,"enemies":"Centurion and Healer","floor":21,"turns":8},{"damage":13,"enemies":"Sentry and Sphere","floor":24,"turns":5},{"damage":14,"enemies":"3 Cultists","floor":28,"turns":3}],"seed_played":"7834575284673483389","potions_obtained":[{"floor":7.0,"key":"GhostInAJar"},{"floor":11.0,"key":"FearPotion"},{"floor":13.0,"key":"GhostInAJar"},{"floor":14.0,"key":"PowerPotion"},{"floor":16,"key":"GamblersBrew"},{"floor":24,"key":"Weak Potion"}],"is_trial":false,"path_per_floor":["M","M","M","M","$","R","M","M","T","?","E","?","M","M","R","B",null,"M","M","$","M","?","R","M","?","T","?","M"],"character_chosen":"THE_SILENT","items_purchased":["Noxious Fumes","Footwork","Dagger Spray","Blur"],"campfire_rested":2,"item_purchase_floors":[5,20,20,20],"current_hp_per_floor":[63,62,61,61,61,61,54,48,48,63,55,42,39,38,56,56,63,63,41,41,24,24,42,29,20,20,20,6],"gold":120,"neow_bonus":"RANDOM_COLORLESS_2","is_prod":false,"is_daily":false,"chose_seed":false,"campfire_upgraded":1,"win_rate":0,"timestamp":1561904763,"path_taken":["M","M","M","M","$","R","M","M","T","?","E","?","M","M","R","BOSS","M","M","$","M","?","R","M","?","T","?","M"],"build_version":"2019-01-23","purchased_purges":0,"victory":false,"max_hp_per_floor":[63,63,63,63,63,63,63,63,63,63,63,63,63,63,63,63,63,63,63,63,63,63,63,63,63,63,63,63],"card_choices":[{"not_picked":["Outmaneuver","Backflip"],"picked":"Prepared","floor":1.0},{"not_picked":["Deadly Poison","Dagger Throw"],"picked":"Escape Plan","floor":2.0},{"not_picked":["PiercingWail","Reflex"],"picked":"Tactician","floor":3.0},{"not_picked":["Dagger Spray","Deflect"],"picked":"Predator","floor":4.0},{"not_picked":["Choke","Blade Dance"],"picked":"Bane","floor":7.0},{"not_picked":["Calculated Gamble","Endless Agony"],"picked":"Bouncing Flask","floor":8.0},{"not_picked":["Reflex","Skewer"],"picked":"Flechettes","floor":11.0},{"not_picked":["Accuracy","Outmaneuver"],"picked":"Finisher","floor":13.0},{"not_picked":["Sucker Punch","Acrobatics"],"picked":"Noxious Fumes","floor":14.0},{"not_picked":["Envenom","Night Terror"],"picked":"After Image","floor":16},{"not_picked":["Deadly Poison","Dagger Throw"],"picked":"Setup+1","floor":18},{"not_picked":["Outmaneuver","Acrobatics"],"picked":"Backflip","floor":19},{"not_picked":["Backflip+1","Concentrate"],"picked":"Outmaneuver+1","floor":21},{"not_picked":["Acrobatics","Escape Plan"],"picked":"Venomology","floor":24}],"player_experience":525995,"relics_obtained":[{"floor":9.0,"key":"Sundial"},{"floor":11.0,"key":"The Specimen"},{"floor":26,"key":"Molten Egg 2"}],"event_choices":[{"damage_healed":21.0,"max_hp_gain":0.0,"max_hp_loss":0.0,"gold_gain":0.0,"event_name":"Big Fish","player_choice":"Banana","floor":10.0,"gold_loss":0.0,"damage_taken":0.0},{"damage_healed":0.0,"max_hp_gain":0.0,"max_hp_loss":0.0,"gold_gain":0.0,"event_name":"Shining Light","player_choice":"Entered Light","floor":12.0,"gold_loss":0.0,"damage_taken":13.0,"cards_upgraded":["Neutralize","Defend_G"]},{"damage_healed":0,"gold_gain":0,"player_choice":"Simplicity","damage_taken":0,"max_hp_gain":0,"max_hp_loss":0,"event_name":"Back to Basics","floor":22,"gold_loss":0,"cards_upgraded":["Defend_G","Defend_G","Defend_G","Defend_G","Strike_G","Strike_G","Strike_G","Strike_G","Strike_G"]},{"damage_healed":0,"gold_gain":0,"player_choice":"Stopped","damage_taken":9,"max_hp_gain":0,"max_hp_loss":0,"event_name":"Cursed Tome","floor":25,"gold_loss":0},{"damage_healed":0,"gold_gain":0,"player_choice":"Smashed Altar","damage_taken":0,"max_hp_gain":0,"max_hp_loss":0,"event_name":"Forgotten Altar","floor":27,"gold_loss":0,"cards_obtained":["Decay"]}],"is_beta":false,"boss_relics":[{"not_picked":["Pandora\u0027s Box","Orrery"],"picked":"Black Star"}],"items_purged_floors":[],"is_endless":false,"potions_floor_spawned":[7,11,13,14,16,24],"killed_by":"3 Cultists","ascension_level":1}