{"gold_per_floor":[369,381,62,78,78,78,78,109,109,109,122,122,135,151,151,251,251,265,14,14,14,30,30,30],"floor_reached":24,"playtime":1308,"items_purged":["Strike_B","Strike_B"],"score":216,"play_id":"df1db7db-7b54-4b11-b020-4145225e0163","local_time":"20190704223945","is_ascension_mode":true,"campfire_choices":[{"data":"Static Discharge","floor":6,"key":"SMITH"},{"data":"Stack","floor":10,"key":"SMITH"},{"floor":15,"key":"REST"},{"data":"Multi-Cast","floor":23,"key":"SMITH"}],"neow_cost":"TEN_PERCENT_HP_LOSS","seed_source_timestamp":1027037486915600,"circlet_count":0,"master_deck":["Strike_B","Defend_B","Defend_B","Defend_B","Zap","Dualcast","Cold Snap","Tempest","Static Discharge+1","Conserve Battery","Stack+1","Biased Cognition","Conserve Battery","Recycle","Reboot","Defragment","Fission","Redo","Multi-Cast+1","Auto Shields"],"relics":["Cracked Core","Toolbox","Prayer Wheel","Gambling Chip","Bottled Tornado","Nuclear Battery","DataDisk"],"potions_floor_usage":[16,18],"damage_taken":[{"damage":0,"enemies":"Cultist","floor":1,"turns":3},{"damage":2,"enemies":"Jaw Worm","floor":2,"turns":3},{"damage":9,"enemies":"Small Slimes","floor":4,"turns":3},{"damage":21,"enemies":"3 Sentries","floor":8,"turns":6},{"damage":9,"enemies":"3 Louse","floor":11,"turns":4},{"damage":6,"enemies":"2 Fungi Beasts","floor":13,"turns":3},{"damage":4,"enemies":"Red Slaver","floor":14,"turns":3},{"damage":44,"enemies":"Slime Boss","floor":16,"turns":8},{"damage":19,"enemies":"Spheric Guardian","floor":18,"turns":5},{"damage":10,"enemies":"2 Thieves","floor":22,"turns":3},{"damage":0,"enemies":"Shelled Parasite and Fungi","floor":24,"turns":3}],"seed_played":"-2630122798094913774","potions_obtained":[{"floor":2,"key":"Regen Potion"},{"floor":4,"key":"Dexterity Potion"},{"floor":13,"key":"Poison Potion"},{"floor":16,"key":"Dexterity Potion"},{"floor":22,"key":"SkillPotion"}],"is_trial":false,"path_per_floor":["M","M","$","M","?","R","?","E","T","R","M","?","M","M","R","B",null,"M","$","?","?","M","R","M"],"character_chosen":"DEFECT","items_purchased":["Static Discharge","Toolbox","DataDisk"],"campfire_rested":1,"item_purchase_floors":[3,3,19],"current_hp_per_floor":[68,66,66,57,45,45,62,41,41,41,32,25,19,15,35,6,68,49,49,49,49,39,39,39],"gold":30,"neow_bonus":"TWO_FIFTY_GOLD","is_prod":false,"is_daily":false,"chose_seed":false,"campfire_upgraded":3,"win_rate":0,"timestamp":1562294385,"path_taken":["M","M","$","?","?","R","?","E","T","R","M","?","M","M","R","BOSS","M","$","?","?","?","R","M"],"build_version":"2019-07-01","purchased_purges":2,"victory":false,"max_hp_per_floor":[68,68,68,68,68,68,68,68,68,68,68,68,68,68,68,68,68,68,68,65,65,65,65,65],"card_choices":[{"not_picked":["Conserve Battery","Skim"],"picked":"Cold Snap","floor":1},{"not_picked":["Static Discharge","Hologram"],"picked":"Tempest","floor":2},{"not_picked":["Gash","Hologram"],"picked":"Conserve Battery","floor":4},{"not_picked":["Rainbow","Capacitor"],"picked":"Stack","floor":8},{"not_picked":["Gash","Recycle"],"picked":"Biased Cognition","floor":11},{"not_picked":["Barrage","Coolheaded","Sunder"],"picked":"SKIP","floor":11},{"not_picked":["Doom and Gloom","Heatsinks"],"picked":"Conserve Battery","floor":13},{"not_picked":["Conserve Battery","Coolheaded"],"picked":"Recycle","floor":13},{"not_picked":["Tempest","Hologram"],"picked":"Reboot","floor":14},{"not_picked":["Static Discharge","Turbo"],"picked":"Defragment","floor":14},{"not_picked":["Core Surge","Creative AI"],"picked":"Fission","floor":16},{"not_picked":["Hello World","Hologram"],"picked":"Redo","floor":18},{"not_picked":["Darkness","Streamline+1","Turbo"],"picked":"SKIP","floor":18},{"not_picked":["Hologram","Doom and Gloom"],"picked":"Auto Shields","floor":22},{"not_picked":["Conserve Battery+1","Steam+1","Steam Power"],"picked":"SKIP","floor":22}],"player_experience":608691,"relics_obtained":[{"floor":8,"key":"Gambling Chip"},{"floor":9,"key":"Bottled Tornado"}],"event_choices":[{"damage_healed":0,"gold_gain":0,"player_choice":"Success","damage_taken":12,"relics_obtained":["Prayer Wheel"],"max_hp_gain":0,"max_hp_loss":0,"event_name":"Scrap Ooze","floor":5,"gold_loss":0},{"damage_healed":17,"gold_gain":0,"player_choice":"Healed and dodged fight","damage_taken":0,"max_hp_gain":0,"max_hp_loss":0,"event_name":"Mushrooms","floor":7,"gold_loss":0,"cards_obtained":["Parasite"]},{"cards_removed":["Strike_B"],"damage_healed":0,"gold_gain":0,"player_choice":"Card Removal","damage_taken":7,"max_hp_gain":0,"max_hp_loss":0,"event_name":"Golden Wing","floor":12,"gold_loss":0},{"damage_healed":0,"gold_gain":0,"cards_transformed":["Defend_B","Parasite"],"player_choice":"Became Test Subject","damage_taken":0,"max_hp_gain":0,"max_hp_loss":0,"event_name":"Drug Dealer","floor":20,"gold_loss":0,"cards_obtained":["Multi-Cast","Clumsy"]},{"cards_removed":["Clumsy"],"damage_healed":0,"gold_gain":0,"player_choice":"Purged","damage_taken":0,"max_hp_gain":0,"max_hp_loss":0,"event_name":"Purifier","floor":21,"gold_loss":0}],"is_beta":false,"boss_relics":[{"not_picked":["Astrolabe","Runic Dome"],"picked":"Nuclear Battery"}],"items_purged_floors":[3,19],"is_endless":false,"potions_floor_spawned":[2,4,13,16,22],"killed_by":"Shelled Parasite and Fungi","ascension_level":2}