{"gold_per_floor":[118,129,129,148,158,158,193,193,220,220],"floor_reached":10,"playtime":479,"items_purged":[],"score":78,"play_id":"9084b6aa-ecf4-4700-a152-f613abe0502d","local_time":"20190717223221","is_ascension_mode":true,"campfire_choices":[{"data":"Perfected Strike","floor":6,"key":"SMITH"},{"data":"Second Wind","floor":8,"key":"SMITH"}],"neow_cost":"NONE","seed_source_timestamp":507774359394000,"circlet_count":0,"master_deck":["Strike_R","Strike_R","Strike_R","Strike_R","Strike_R","Defend_R","Defend_R","Defend_R","Defend_R","Bash","Second Wind+1","Battle Trance","Flex","Perfected Strike+1","Dual Wield"],"relics":["Burning Blood","NeowsBlessing","Omamori","Boot"],"potions_floor_usage":[7],"damage_taken":[{"damage":0,"enemies":"Jaw Worm","floor":1,"turns":1},{"damage":0,"enemies":"2 Louse","floor":2,"turns":1},{"damage":0,"enemies":"Small Slimes","floor":4,"turns":1},{"damage":12,"enemies":"3 Louse","floor":5,"turns":4},{"damage":15,"enemies":"3 Sentries","floor":7,"turns":8},{"damage":18,"enemies":"Large Slime","floor":10,"turns":2}],"seed_played":"4617202451992798634","potions_obtained":[{"floor":4,"key":"SkillPotion"},{"floor":5,"key":"Swift Potion"},{"floor":7,"key":"SkillPotion"}],"is_trial":false,"path_per_floor":["M","M","?","M","M","R","E","R","T","M"],"character_chosen":"IRONCLAD","items_purchased":[],"campfire_rested":0,"item_purchase_floors":[],"current_hp_per_floor":[80,80,85,85,79,79,70,70,70,52],"gold":220,"neow_bonus":"THREE_ENEMY_KILL","is_prod":false,"is_daily":false,"chose_seed":false,"campfire_upgraded":2,"win_rate":0,"timestamp":1563417141,"path_taken":["M","M","?","M","M","R","E","R","T","M"],"build_version":"2019-07-17","purchased_purges":0,"victory":false,"max_hp_per_floor":[80,80,85,85,85,85,85,85,85,85],"card_choices":[{"not_picked":["True Grit","Sword Boomerang"],"picked":"Second Wind","floor":1},{"not_picked":["Wild Strike","Sword Boomerang"],"picked":"Battle Trance","floor":2},{"not_picked":["Entrench","Iron Wave"],"picked":"Flex","floor":4},{"not_picked":["Blood for Blood","Iron Wave"],"picked":"Perfected Strike","floor":5},{"not_picked":["Rampage","Anger"],"picked":"Dual Wield","floor":7}],"player_experience":736852,"relics_obtained":[{"floor":7,"key":"Omamori"},{"floor":9,"key":"Boot"}],"event_choices":[{"damage_healed":0,"gold_gain":0,"player_choice":"Donut","damage_taken":0,"max_hp_gain":5,"max_hp_loss":0,"event_name":"Big Fish","floor":3,"gold_loss":0}],"is_beta":false,"boss_relics":[],"items_purged_floors":[],"is_endless":false,"potions_floor_spawned":[4,5,7],"killed_by":"Large Slime","ascension_level":3}