{"gold_per_floor":[118,135,145,164,164,164,179,194,245,245,245,245,345,364,364,465,465,483,483,337,337,337,368,368,378,403,403,413,413,413,6,6,6],"floor_reached":33,"playtime":1463,"items_purged":["Strike_G","Strike_G"],"score":268,"play_id":"9f321557-9c25-4d94-b3b5-e7aba4e1f14a","local_time":"20190704171003","is_ascension_mode":true,"campfire_choices":[{"data":"Masterful Stab","floor":6,"key":"SMITH"},{"data":"Die Die Die","floor":10,"key":"SMITH"},{"data":"All Out Attack","floor":12,"key":"SMITH"},{"data":"Backflip","floor":15,"key":"SMITH"},{"data":"Quick Slash","floor":24,"key":"SMITH"},{"data":"Caltrops","floor":27,"key":"SMITH"},{"data":"Strike_G","floor":29,"key":"SMITH"},{"data":"Riddle With Holes","floor":32,"key":"SMITH"}],"neow_cost":"NONE","seed_source_timestamp":1007099282007500,"circlet_count":0,"master_deck":["Strike_G+1","Strike_G","Strike_G+1","Defend_G","Defend_G","Defend_G","Defend_G","Defend_G","Survivor","Neutralize+1","Masterful Stab+1","Escape Plan","All Out Attack+1","Die Die Die+1","Backflip+1","Venomology","Quick Slash+1","Caltrops+1","Finisher+1","Riddle With Holes+1","Dagger Spray+1"],"relics":["Ring of the Snake","Pen Nib","Vajra","Velvet Choker","Matryoshka","Paper Crane","Oddly Smooth Stone","Snake Skull","Whetstone","Molten Egg 2"],"potions_floor_usage":[16,16,16,23,28,33,33,33],"damage_taken":[{"damage":0,"enemies":"Cultist","floor":1,"turns":5},{"damage":0,"enemies":"Small Slimes","floor":2,"turns":2},{"damage":0,"enemies":"Jaw Worm","floor":3,"turns":3},{"damage":0,"enemies":"3 Louse","floor":4,"turns":4},{"damage":0,"enemies":"Exordium Wildlife","floor":7,"turns":3},{"damage":0,"enemies":"Looter","floor":8,"turns":2},{"damage":0,"enemies":"Large Slime","floor":14,"turns":4},{"damage":22,"enemies":"The Guardian","floor":16,"turns":8},{"damage":0,"enemies":"Shell Parasite","floor":18,"turns":4},{"damage":15,"enemies":"Slavers","floor":23,"turns":6},{"damage":0,"enemies":"3 Byrds","floor":25,"turns":2},{"damage":0,"enemies":"Cultist and Chosen","floor":28,"turns":3},{"damage":60,"enemies":"Champ","floor":33,"turns":9}],"seed_played":"611941598484752738","potions_obtained":[{"floor":1,"key":"LiquidBronze"},{"floor":2,"key":"LiquidBronze"},{"floor":4,"key":"FearPotion"},{"floor":16,"key":"Weak Potion"},{"floor":18,"key":"Block Potion"}],"is_trial":false,"path_per_floor":["M","M","M","M","$","R","M","M","T","R","?","R","?","M","R","B",null,"M","T","$","?","?","E","R","M","T","R","M","R","?","$","R","B"],"character_chosen":"THE_SILENT","items_purchased":["Caltrops","Molten Egg 2","Dagger Spray+1"],"campfire_rested":0,"item_purchase_floors":[20,31,31],"current_hp_per_floor":[77,77,77,77,77,77,77,77,77,77,74,74,74,74,74,52,77,77,77,77,77,77,62,62,62,62,62,62,62,62,62,62,2],"gold":6,"neow_bonus":"TEN_PERCENT_HP_BONUS","is_prod":false,"is_daily":false,"chose_seed":false,"campfire_upgraded":8,"win_rate":0,"timestamp":1562274603,"path_taken":["M","M","M","M","$","R","?","M","T","R","?","R","?","M","R","BOSS","M","?","$","?","?","E","R","?","T","R","M","R","?","$","R","BOSS"],"build_version":"2019-07-01","purchased_purges":2,"victory":false,"max_hp_per_floor":[77,77,77,77,77,77,77,77,77,77,77,77,77,77,77,77,77,77,77,77,77,77,77,77,77,77,77,77,77,77,77,77,77],"card_choices":[{"not_picked":["Blur","Endless Agony"],"picked":"Masterful Stab","floor":1},{"not_picked":["Dodge and Roll","Crippling Poison","Cloak And Dagger"],"picked":"SKIP","floor":2},{"not_picked":["Deadly Poison","Poisoned Stab","Reflex"],"picked":"SKIP","floor":3},{"not_picked":["Distraction","Poisoned Stab"],"picked":"Escape Plan","floor":4},{"not_picked":["Dodge and Roll","Deflect"],"picked":"All Out Attack","floor":7},{"not_picked":["Catalyst","Prepared"],"picked":"Die Die Die","floor":8},{"not_picked":["Heel Hook","Prepared"],"picked":"Backflip","floor":14},{"not_picked":["Envenom","Die Die Die"],"picked":"Venomology","floor":16},{"not_picked":["Deflect","Calculated Gamble+1"],"picked":"Quick Slash","floor":18},{"not_picked":["Backflip","Acrobatics+1"],"picked":"Finisher+1","floor":23},{"not_picked":["All Out Attack+1","Outmaneuver","Underhanded Strike"],"picked":"SKIP","floor":25},{"not_picked":["Expertise","Acrobatics+1","Venomology"],"picked":"SKIP","floor":28}],"player_experience":595222,"relics_obtained":[{"floor":9,"key":"Pen Nib"},{"floor":19,"key":"Matryoshka"},{"floor":23,"key":"Oddly Smooth Stone"},{"floor":26,"key":"Snake Skull"},{"floor":26,"key":"Whetstone"}],"event_choices":[{"damage_healed":0,"gold_gain":0,"player_choice":"Success","damage_taken":3,"relics_obtained":["Vajra"],"max_hp_gain":0,"max_hp_loss":0,"event_name":"Scrap Ooze","floor":11,"gold_loss":0},{"damage_healed":0,"gold_gain":100,"player_choice":"Pray","damage_taken":0,"max_hp_gain":0,"max_hp_loss":0,"event_name":"Golden Shrine","floor":13,"gold_loss":0},{"damage_healed":0,"gold_gain":0,"player_choice":"Ignored","damage_taken":0,"max_hp_gain":0,"max_hp_loss":0,"event_name":"Beggar","floor":21,"gold_loss":0},{"damage_healed":0,"gold_gain":0,"player_choice":"Opened","damage_taken":0,"relics_obtained":["Paper Crane"],"max_hp_gain":0,"max_hp_loss":0,"event_name":"The Mausoleum","floor":22,"gold_loss":0},{"damage_healed":0,"gold_gain":0,"player_choice":"Read","damage_taken":0,"max_hp_gain":0,"max_hp_loss":0,"event_name":"The Library","floor":30,"gold_loss":0,"cards_obtained":["Riddle With Holes"]}],"is_beta":false,"boss_relics":[{"not_picked":["Coffee Dripper","Runic Dome"],"picked":"Velvet Choker"}],"items_purged_floors":[20,31],"is_endless":false,"potions_floor_spawned":[1,2,4,8,16,18,25],"killed_by":"Champ","ascension_level":1}