{"gold_per_floor":[411,411,90,102,113,147,160,160],"floor_reached":8,"playtime":331,"items_purged":["Injury"],"score":113,"play_id":"126f73af-8c5b-40ae-8084-a787200d21df","local_time":"20190228191218","is_ascension_mode":true,"campfire_choices":[],"neow_cost":"CURSE","seed_source_timestamp":1291043655935189,"circlet_count":0,"master_deck":["AscendersBane","Strike_R","Strike_R","Strike_R","Strike_R","Strike_R","Defend_R","Defend_R","Defend_R","Defend_R","Bash+1","Sentinel","Flame Barrier","Rampage","Dual Wield","Seeing Red"],"relics":["Burning Blood","Old Coin","Regal Pillow","Dream Catcher"],"potions_floor_usage":[6,8],"damage_taken":[{"damage":18,"enemies":"Cultist","floor":1,"turns":5},{"damage":2,"enemies":"2 Louse","floor":4,"turns":4},{"damage":9,"enemies":"Small Slimes","floor":5,"turns":4},{"damage":30,"enemies":"Lagavulin","floor":6,"turns":7},{"damage":15,"enemies":"Looter","floor":7,"turns":4},{"damage":28,"enemies":"3 Sentries","floor":8,"turns":5}],"seed_played":"4835142576275803499","potions_obtained":[{"floor":1,"key":"Explosive Potion"},{"floor":5,"key":"Poison Potion"}],"is_trial":false,"path_per_floor":["M","?","$","M","M","E","M","E"],"character_chosen":"IRONCLAD","items_purchased":["Flame Barrier","Regal Pillow"],"campfire_rested":0,"item_purchase_floors":[3,3],"current_hp_per_floor":[56,56,56,60,57,33,24,0],"gold":160,"neow_bonus":"ONE_RARE_RELIC","is_prod":false,"is_daily":false,"chose_seed":false,"campfire_upgraded":0,"win_rate":0,"timestamp":1551399138,"path_taken":["M","?","?","M","M","E","M","E"],"build_version":"2019-02-06","purchased_purges":1,"victory":false,"max_hp_per_floor":[75,75,75,75,75,75,75,75],"card_choices":[{"not_picked":["Power Through","Twin Strike"],"picked":"Sentinel","floor":1},{"not_picked":["Perfected Strike","Sword Boomerang"],"picked":"Rampage","floor":4},{"not_picked":["Wild Strike","Twin Strike"],"picked":"Dual Wield","floor":5},{"not_picked":["Anger","Cleave","Immolate"],"picked":"SKIP","floor":6},{"not_picked":["Iron Wave","Twin Strike"],"picked":"Seeing Red","floor":7}],"player_experience":1015143,"relics_obtained":[{"floor":6,"key":"Dream Catcher"}],"event_choices":[{"damage_healed":0,"gold_gain":0,"player_choice":"Upgraded","damage_taken":0,"max_hp_gain":0,"max_hp_loss":0,"event_name":"Upgrade Shrine","floor":2,"gold_loss":0,"cards_upgraded":["Bash"]}],"is_beta":true,"boss_relics":[],"items_purged_floors":[3],"is_endless":false,"potions_floor_spawned":[1,5],"killed_by":"3 Sentries","ascension_level":19}