{"gold_per_floor":[113,132,147,53,72,72,107,107,107,125,200,200,200,200,200,331,331,355,136,151,151,169,169,69,69,95,118,118,136,169,169],"floor_reached":31,"playtime":1440,"items_purged":["Decay","Doubt"],"score":268,"play_id":"1bcd56b5-739b-4400-91f0-312b95259ff7","local_time":"20190508075422","is_ascension_mode":true,"campfire_choices":[{"floor":6,"key":"RECALL"},{"floor":8,"key":"REST"},{"floor":12,"key":"REST"},{"floor":15,"key":"REST"},{"floor":23,"key":"REST"},{"floor":25,"key":"REST"}],"neow_cost":"NONE","seed_source_timestamp":131021749707354,"circlet_count":0,"master_deck":["Strike_R","Strike_R","Strike_R","Strike_R","Strike_R","Defend_R","Defend_R+1","Defend_R","Defend_R","Bash","Anger","Flex","Anger+1","Inflame","Clash","Ghostly Armor","Power Through","Cleave","Injury","Limit Break","Injury","Flex+1","Flame Barrier","Ghostly Armor","Iron Wave","Heavy Blade+1","Anger"],"relics":["Fusion Hammer","Ancient Tea Set","Question Card","Golden Idol","Calling Bell","Red Skull","Mummified Hand","Torii","Anchor","Sundial"],"potions_floor_usage":[5,16,27,29,29,30],"damage_taken":[{"damage":5,"enemies":"Small Slimes","floor":1,"turns":3},{"damage":0,"enemies":"2 Louse","floor":2,"turns":3},{"damage":1,"enemies":"Cultist","floor":3,"turns":3},{"damage":16,"enemies":"Exordium Wildlife","floor":5,"turns":4},{"damage":18,"enemies":"3 Sentries","floor":7,"turns":7},{"damage":11,"enemies":"2 Fungi Beasts","floor":10,"turns":3},{"damage":37,"enemies":"Hexaghost","floor":16,"turns":9},{"damage":12,"enemies":"Spheric Guardian","floor":18,"turns":5},{"damage":29,"enemies":"Chosen","floor":20,"turns":7},{"damage":21,"enemies":"Snake Plant","floor":22,"turns":4},{"damage":22,"enemies":"3 Cultists","floor":27,"turns":5},{"damage":20,"enemies":"Snecko","floor":29,"turns":7},{"damage":16,"enemies":"Slavers","floor":30,"turns":6},{"damage":8,"enemies":"Snake Plant","floor":31,"turns":1}],"seed_played":"-1811304954424019124","potions_obtained":[{"floor":2,"key":"GamblersBrew"},{"floor":7,"key":"Strength Potion"},{"floor":10,"key":"Weak Potion"},{"floor":18,"key":"SpeedPotion"},{"floor":27,"key":"Fire Potion"},{"floor":29,"key":"SpeedPotion"}],"is_trial":false,"path_per_floor":["M","M","M","$","M","R","E","R","T","M","?","R","?","?","R","B",null,"M","$","M","?","M","R","$","R","T","M","?","M","E","M"],"character_chosen":"IRONCLAD","items_purchased":["Inflame","Clash","Anchor"],"campfire_rested":5,"item_purchase_floors":[4,4,19],"current_hp_per_floor":[75,75,74,74,58,58,40,64,64,53,42,66,66,50,74,37,80,68,68,39,39,18,42,42,66,66,44,44,24,8,0],"gold":169,"neow_bonus":"BOSS_RELIC","is_prod":false,"is_daily":false,"chose_seed":false,"campfire_upgraded":0,"win_rate":0,"timestamp":1557316462,"path_taken":["M","M","M","$","M","R","E","R","T","M","?","R","?","?","R","BOSS","M","$","M","?","?","R","$","R","T","M","?","M","E","M"],"build_version":"2019-01-23","purchased_purges":2,"victory":false,"max_hp_per_floor":[80,80,80,80,80,80,80,80,80,80,80,80,80,80,80,80,80,80,80,80,80,80,80,80,80,80,80,80,80,80,80],"card_choices":[{"not_picked":["Armaments","Dropkick"],"picked":"Anger","floor":1},{"not_picked":["Thunderclap","Reckless Charge"],"picked":"Flex","floor":2},{"not_picked":["Shrug It Off","Clothesline"],"picked":"Anger","floor":3},{"not_picked":["Cleave","Headbutt"],"picked":"Ghostly Armor","floor":5},{"not_picked":["Cleave","Bludgeon"],"picked":"Power Through","floor":7},{"not_picked":["Wild Strike","Sword Boomerang","Headbutt"],"picked":"Cleave","floor":10},{"not_picked":["Feed","Exhume","Berserk"],"picked":"Limit Break","floor":16},{"not_picked":["Havoc","Twin Strike","Cleave"],"picked":"Flex+1","floor":18},{"not_picked":["Berserk","Thunderclap","Power Through"],"picked":"Flame Barrier","floor":20},{"not_picked":["Rage","Clothesline","Armaments+1"],"picked":"Ghostly Armor","floor":22},{"not_picked":["Sword Boomerang","Wild Strike+1","Shrug It Off"],"picked":"Iron Wave","floor":27},{"not_picked":["Evolve+1","Blood for Blood","Feel No Pain+1"],"picked":"Heavy Blade+1","floor":29},{"not_picked":["Pommel Strike","Body Slam+1","Pummel+1"],"picked":"Anger","floor":30}],"player_experience":324378,"relics_obtained":[{"floor":7,"key":"Ancient Tea Set"},{"floor":9,"key":"Question Card"},{"floor":17,"key":"Red Skull"},{"floor":17,"key":"Mummified Hand"},{"floor":17,"key":"Torii"},{"floor":30,"key":"Sundial"}],"event_choices":[{"damage_healed":0,"gold_gain":75,"player_choice":"Gather Gold","damage_taken":11,"max_hp_gain":0,"max_hp_loss":0,"event_name":"World of Goop","floor":11,"gold_loss":0},{"damage_healed":0,"gold_gain":0,"player_choice":"Take Wound","damage_taken":0,"relics_obtained":["Golden Idol"],"max_hp_gain":0,"max_hp_loss":0,"event_name":"Golden Idol","floor":13,"gold_loss":0,"cards_obtained":["Injury"]},{"damage_healed":0,"gold_gain":0,"player_choice":"Entered Light","damage_taken":16,"max_hp_gain":0,"max_hp_loss":0,"event_name":"Shining Light","floor":14,"gold_loss":0,"cards_upgraded":["Anger","Defend_R"]},{"damage_healed":0,"gold_gain":0,"player_choice":"Bought 0 Potions","damage_taken":0,"max_hp_gain":0,"max_hp_loss":0,"event_name":"The Woman in Blue","floor":21,"gold_loss":0},{"damage_healed":0,"gold_gain":0,"player_choice":"Ignored","damage_taken":0,"max_hp_gain":0,"max_hp_loss":0,"event_name":"Vampires","floor":28,"gold_loss":0}],"is_beta":false,"boss_relics":[{"not_picked":["Ectoplasm","Coffee Dripper"],"picked":"Calling Bell"}],"items_purged_floors":[19,24],"is_endless":false,"potions_floor_spawned":[2,7,10,18,27,29],"killed_by":"Snake Plant","ascension_level":1}