{"gold_per_floor":[18,28,28,28,28,42,42,73,73,85,119,137,151,167,167,270,270,280,280,298,298,328,328],"floor_reached":23,"playtime":1591,"items_purged":[],"score":287,"play_id":"7e43a390-fbd6-482b-a507-41bcad5db270","local_time":"20190721193522","is_ascension_mode":true,"campfire_choices":[{"data":"Static Discharge","floor":15,"key":"SMITH"}],"neow_cost":"NO_GOLD","seed_source_timestamp":955935830252522,"circlet_count":0,"master_deck":["Strike_B","Strike_B","Defend_B","Defend_B","Defend_B","Defend_B","Zap","Dualcast","Chill","Defragment+1","Static Discharge+1","Capacitor","BootSequence","Conserve Battery+1","Coolheaded+1","Amplify+1","Undo+1"],"relics":["Cracked Core","Singing Bowl","Potion Belt","Toxic Egg 2","Velvet Choker","Red Mask"],"potions_floor_usage":[22,22,23],"damage_taken":[{"damage":0,"enemies":"Small Slimes","floor":1,"turns":3},{"damage":0,"enemies":"Cultist","floor":2,"turns":3},{"damage":0,"enemies":"Jaw Worm","floor":6,"turns":3},{"damage":0,"enemies":"3 Sentries","floor":8,"turns":13},{"damage":9,"enemies":"2 Fungi Beasts","floor":10,"turns":6},{"damage":4,"enemies":"Lagavulin","floor":11,"turns":8},{"damage":0,"enemies":"Lots of Slimes","floor":12,"turns":9},{"damage":4,"enemies":"Looter","floor":13,"turns":4},{"damage":0,"enemies":"3 Louse","floor":14,"turns":6},{"damage":14,"enemies":"Hexaghost","floor":16,"turns":9},{"damage":8,"enemies":"Shell Parasite","floor":18,"turns":6},{"damage":4,"enemies":"2 Thieves","floor":20,"turns":4},{"damage":32,"enemies":"Masked Bandits","floor":22,"turns":5},{"damage":30,"enemies":"Gremlin Leader","floor":23,"turns":2}],"seed_played":"-6182097139949550985","potions_obtained":[{"floor":8,"key":"Strength Potion"},{"floor":10,"key":"FearPotion"},{"floor":13,"key":"Poison Potion"},{"floor":14,"key":"Fire Potion"},{"floor":18,"key":"SkillPotion"},{"floor":20,"key":"EntropicBrew"}],"is_trial":false,"path_per_floor":["M","M","?","$","?","M","?","E","T","M","E","M","M","M","R","B",null,"M","?","M","?","?","E"],"character_chosen":"DEFECT","items_purchased":[],"campfire_rested":0,"item_purchase_floors":[],"current_hp_per_floor":[75,75,75,75,75,75,80,80,80,71,67,69,65,65,65,51,82,76,76,74,57,25,0],"gold":328,"neow_bonus":"REMOVE_TWO","is_prod":false,"is_daily":false,"chose_seed":false,"campfire_upgraded":1,"win_rate":0,"timestamp":1563762922,"path_taken":["M","M","?","?","?","M","?","E","T","M","E","M","?","M","R","BOSS","M","?","?","?","?","E"],"build_version":"2019-07-17","purchased_purges":0,"victory":false,"max_hp_per_floor":[75,75,75,75,75,75,80,80,80,80,80,82,82,82,82,82,82,84,84,86,91,91,91],"card_choices":[{"not_picked":["Stack","Self Repair"],"picked":"Chill","floor":1},{"not_picked":["Rebound","Ball Lightning"],"picked":"Defragment","floor":2},{"not_picked":["Heatsinks","Compile Driver"],"picked":"Static Discharge","floor":6},{"not_picked":["All For One","Streamline"],"picked":"Capacitor","floor":8},{"not_picked":["Rebound","Leap"],"picked":"BootSequence","floor":10},{"not_picked":["Chaos","Storm"],"picked":"Conserve Battery","floor":11},{"not_picked":["Genetic Algorithm+1","Beam Cell","Heatsinks"],"picked":"Singing Bowl","floor":12},{"not_picked":["Storm","Conserve Battery+1"],"picked":"Coolheaded+1","floor":13},{"not_picked":["Skim+1","Hologram+1"],"picked":"Turbo+1","floor":14},{"not_picked":["Biased Cognition","Rainbow+1"],"picked":"Amplify+1","floor":16},{"not_picked":["Coolheaded+1","Beam Cell","Doom and Gloom"],"picked":"Singing Bowl","floor":18},{"not_picked":["Rebound","Steam Power+1","Melter"],"picked":"Singing Bowl","floor":20},{"not_picked":["Hologram+1","Reinforced Body+1"],"picked":"Undo+1","floor":22}],"player_experience":179158,"relics_obtained":[{"floor":8,"key":"Singing Bowl"},{"floor":9,"key":"Potion Belt"},{"floor":11,"key":"Toxic Egg 2"},{"floor":22,"key":"Red Mask"}],"event_choices":[{"damage_healed":0,"gold_gain":0,"player_choice":"Upgraded","damage_taken":0,"max_hp_gain":0,"max_hp_loss":0,"event_name":"Upgrade Shrine","floor":3,"gold_loss":0,"cards_upgraded":["Defragment"]},{"damage_healed":0,"gold_gain":0,"player_choice":"Ignored","damage_taken":0,"max_hp_gain":0,"max_hp_loss":0,"event_name":"Liars Game","floor":5,"gold_loss":0},{"damage_healed":0,"gold_gain":0,"player_choice":"Donut","damage_taken":0,"max_hp_gain":5,"max_hp_loss":0,"event_name":"Big Fish","floor":7,"gold_loss":0},{"cards_removed":["Turbo"],"damage_healed":0,"gold_gain":0,"player_choice":"Purged","damage_taken":0,"max_hp_gain":0,"max_hp_loss":0,"event_name":"Purifier","floor":19,"gold_loss":0},{"damage_healed":0,"gold_gain":0,"player_choice":"Shed Blood","damage_taken":22,"max_hp_gain":5,"max_hp_loss":0,"event_name":"Forgotten Altar","floor":21,"gold_loss":0},{"damage_healed":0,"gold_gain":0,"player_choice":"Fought Bandits","damage_taken":0,"max_hp_gain":0,"max_hp_loss":0,"event_name":"Masked Bandits","floor":22,"gold_loss":0}],"is_beta":false,"boss_relics":[{"not_picked":["Coffee Dripper","Runic Dome"],"picked":"Velvet Choker"}],"items_purged_floors":[],"is_endless":false,"potions_floor_spawned":[8,10,13,14,18,20],"killed_by":"Gremlin Leader","ascension_level":3}