{"gold_per_floor":[115,115,80,95,115,144,161,195,195,195,205,205,166,184,184,284,284,284],"floor_reached":18,"playtime":1266,"items_purged":[],"score":189,"play_id":"f5e8a1fd-6c24-4898-b435-bd9efbe3fd62","local_time":"20190709221525","is_ascension_mode":true,"campfire_choices":[{"data":"Self Repair","floor":10,"key":"SMITH"},{"data":"Glacier","floor":15,"key":"SMITH"}],"neow_cost":"NONE","seed_source_timestamp":1457616967006300,"circlet_count":0,"master_deck":["Strike_B","Strike_B","Strike_B","Strike_B","Defend_B","Defend_B","Defend_B","Defend_B","Zap","Dualcast","Darkness","Doom and Gloom","FTL","Go for the Eyes","Genetic Algorithm","Self Repair+1","Hologram","Melter","Glacier+1","Multi-Cast","Turbo","Conserve Battery","Conserve Battery","Self Repair","Steam"],"relics":["Cracked Core","NeowsBlessing","Pen Nib","DataDisk","Sundial","Question Card","Orrery"],"potions_floor_usage":[8,8],"damage_taken":[{"damage":0,"enemies":"2 Louse","floor":1,"turns":1},{"damage":0,"enemies":"Cultist","floor":4,"turns":1},{"damage":0,"enemies":"Small Slimes","floor":5,"turns":1},{"damage":16,"enemies":"Gremlin Nob","floor":6,"turns":4},{"damage":11,"enemies":"Exordium Wildlife","floor":7,"turns":2},{"damage":14,"enemies":"3 Sentries","floor":8,"turns":6},{"damage":0,"enemies":"Large Slime","floor":11,"turns":3},{"damage":12,"enemies":"2 Fungi Beasts","floor":14,"turns":3},{"damage":14,"enemies":"Hexaghost","floor":16,"turns":11},{"damage":2,"enemies":"Chosen","floor":18,"turns":4}],"seed_played":"854856273580972241","potions_obtained":[{"floor":1,"key":"Poison Potion"},{"floor":4,"key":"SkillPotion"},{"floor":7,"key":"AttackPotion"},{"floor":11,"key":"FocusPotion"}],"is_trial":false,"path_per_floor":["M","?","$","M","M","E","M","E","T","R","M","?","$","M","R","B",null,"M"],"character_chosen":"DEFECT","items_purchased":["Doom and Gloom","Melter"],"campfire_rested":0,"item_purchase_floors":[3,13],"current_hp_per_floor":[75,75,75,75,75,59,48,41,41,41,51,26,26,24,24,10,75,73],"gold":284,"neow_bonus":"THREE_ENEMY_KILL","is_prod":false,"is_daily":false,"chose_seed":false,"campfire_upgraded":2,"win_rate":0,"timestamp":1562724925,"path_taken":["M","?","?","M","?","E","M","E","T","R","M","?","$","M","R","BOSS","M"],"build_version":"2019-07-05","purchased_purges":0,"victory":false,"max_hp_per_floor":[75,75,75,75,75,75,75,75,75,75,75,75,75,75,75,75,75,75],"card_choices":[{"not_picked":["Skim","Coolheaded"],"picked":"Darkness","floor":1},{"not_picked":["Hologram","Genetic Algorithm"],"picked":"FTL","floor":4},{"not_picked":["Heatsinks","Streamline"],"picked":"Go for the Eyes","floor":5},{"not_picked":["Coolheaded","Meteor Strike"],"picked":"Genetic Algorithm","floor":6},{"not_picked":["Steam","Sweeping Beam"],"picked":"Self Repair","floor":7},{"not_picked":["Streamline","All For One","Storm"],"picked":"SKIP","floor":8},{"not_picked":["Doom and Gloom","Chill"],"picked":"Hologram","floor":11},{"not_picked":["Barrage","Cold Snap","Heatsinks"],"picked":"Glacier","floor":14},{"not_picked":["Echo Form","Electrodynamics","Hyperbeam"],"picked":"Multi-Cast","floor":16},{"not_picked":["Stack","Hologram","Ball Lightning"],"picked":"Turbo","floor":17},{"not_picked":["BootSequence","Stack","Compile Driver"],"picked":"Conserve Battery","floor":17},{"not_picked":["Leap","Rebound","Ball Lightning"],"picked":"Conserve Battery","floor":17},{"not_picked":["All For One","Reinforced Body","Ball Lightning"],"picked":"Self Repair","floor":17},{"not_picked":["Sweeping Beam","Go for the Eyes","Ball Lightning"],"picked":"Steam","floor":17}],"player_experience":692083,"relics_obtained":[{"floor":6,"key":"DataDisk"},{"floor":8,"key":"Sundial"}],"event_choices":[{"damage_healed":0,"gold_gain":0,"player_choice":"Gave Potion","damage_taken":0,"relics_obtained":["Pen Nib"],"max_hp_gain":0,"max_hp_loss":0,"event_name":"WeMeetAgain","floor":2,"gold_loss":0},{"damage_healed":0,"gold_gain":0,"player_choice":"Success","damage_taken":25,"relics_obtained":["Question Card"],"max_hp_gain":0,"max_hp_loss":0,"event_name":"Scrap Ooze","floor":12,"gold_loss":0}],"is_beta":false,"boss_relics":[{"not_picked":["Velvet Choker","Black Star"],"picked":"Orrery"}],"items_purged_floors":[],"is_endless":false,"potions_floor_spawned":[1,4,7,11],"killed_by":"Chosen","ascension_level":2}