{"gold_per_floor":[17,37,37,53,69,69,97,115,115,115],"floor_reached":10,"playtime":519,"items_purged":[],"score":84,"play_id":"796e4ce8-ceb3-4bc1-8755-b3ad072da85a","local_time":"20190720101508","is_ascension_mode":true,"campfire_choices":[{"data":"Searing Blow+1","floor":6.0,"key":"SMITH"}],"neow_cost":"NO_GOLD","seed_source_timestamp":0,"circlet_count":0,"master_deck":["Strike_R","Strike_R","Strike_R","Strike_R","Defend_R","Defend_R","Defend_R","Bash","Searing Blow+2","Shrug It Off","Warcry","Cleave"],"special_seed":0,"relics":["Burning Blood","Self Forming Clay"],"potions_floor_usage":[],"damage_taken":[{"damage":0.0,"enemies":"Small Slimes","floor":1.0,"turns":4.0},{"damage":6.0,"enemies":"Cultist","floor":2.0,"turns":3.0},{"damage":6.0,"enemies":"2 Louse","floor":4.0,"turns":3.0},{"damage":16.0,"enemies":"Exordium Thugs","floor":5.0,"turns":5.0},{"damage":50.0,"enemies":"Lagavulin","floor":7.0,"turns":7.0},{"damage":10.0,"enemies":"2 Fungi Beasts","floor":8.0,"turns":3.0},{"damage":0,"enemies":"3 Sentries","floor":10,"turns":1}],"seed_played":"6784644956715087361","potions_obtained":[{"floor":1.0,"key":"GamblersBrew"},{"floor":7.0,"key":"Regen Potion"}],"is_trial":false,"path_per_floor":["M","M","?","M","M","R","E","M","T","E"],"character_chosen":"IRONCLAD","items_purchased":[],"campfire_rested":0,"item_purchase_floors":[],"current_hp_per_floor":[80,80,80,80,70,70,26,22,22,22],"gold":115,"neow_bonus":"REMOVE_TWO","is_prod":false,"is_daily":false,"chose_seed":false,"campfire_upgraded":1,"win_rate":0,"timestamp":1563632108,"path_taken":["M","M","?","M","M","R","E","M","T","E"],"build_version":"2019-07-17","purchased_purges":0,"victory":false,"max_hp_per_floor":[80,80,80,80,80,80,80,80,80,80],"card_choices":[{"not_picked":["Sentinel","Clothesline"],"picked":"Searing Blow","floor":1.0},{"not_picked":["Spot Weakness","Dropkick"],"picked":"Shrug It Off","floor":2.0},{"not_picked":["Shockwave","Clothesline","Warcry"],"picked":"SKIP","floor":4.0},{"not_picked":["Heavy Blade","Twin Strike"],"picked":"Warcry","floor":5.0},{"not_picked":["Bludgeon","Blood for Blood"],"picked":"Cleave","floor":7.0},{"not_picked":["Sword Boomerang","Shockwave","Second Wind"],"picked":"SKIP","floor":8.0}],"player_experience":780678,"relics_obtained":[{"floor":7.0,"key":"Self Forming Clay"}],"event_choices":[{"damage_healed":0.0,"max_hp_gain":0.0,"max_hp_loss":0.0,"gold_gain":0.0,"event_name":"Living Wall","player_choice":"Grow","floor":3.0,"gold_loss":0.0,"damage_taken":0.0,"cards_upgraded":["Searing Blow"]}],"is_beta":false,"boss_relics":[],"items_purged_floors":[],"is_endless":false,"potions_floor_spawned":[1,7],"killed_by":"3 Sentries","ascension_level":4}