{"gold_per_floor":[115,38,54,72,89,89,122,142,220,239,252,270,270],"floor_reached":13,"playtime":746,"items_purged":[],"score":96,"play_id":"0ca4fb37-42a1-49d7-ba9a-3bb95b380159","local_time":"20190612182843","is_ascension_mode":true,"campfire_choices":[{"floor":6,"key":"RECALL"}],"neow_cost":"NONE","seed_source_timestamp":424318388930,"circlet_count":0,"master_deck":["Strike_B","Strike_B","Strike_B","Strike_B","Defend_B","Defend_B","Defend_B","Defend_B","Zap","Dualcast","Panacea","Ball Lightning","Sunder","Gash","Ball Lightning","Rebound","Doom and Gloom","Stack","Go for the Eyes+1","Chill","Rebound+1"],"relics":["Cracked Core","Blue Candle","Molten Egg 2"],"potions_floor_usage":[4,11,11,13,13],"damage_taken":[{"damage":4,"enemies":"2 Louse","floor":1,"turns":3},{"damage":3,"enemies":"Small Slimes","floor":3,"turns":3},{"damage":5,"enemies":"Jaw Worm","floor":4,"turns":2},{"damage":0,"enemies":"2 Fungi Beasts","floor":5,"turns":1},{"damage":16,"enemies":"3 Sentries","floor":7,"turns":6},{"damage":12,"enemies":"Large Slime","floor":8,"turns":4},{"damage":19,"enemies":"Gremlin Gang","floor":10,"turns":2},{"damage":4,"enemies":"Looter","floor":11,"turns":3},{"damage":0,"enemies":"Large Slime","floor":12,"turns":4},{"damage":22,"enemies":"Lagavulin","floor":13,"turns":3}],"seed_played":"-2189623347337540814","potions_obtained":[{"floor":1,"key":"SkillPotion"},{"floor":3,"key":"Weak Potion"},{"floor":7,"key":"SneckoOil"},{"floor":10,"key":"Regen Potion"},{"floor":12,"key":"FearPotion"}],"is_trial":false,"path_per_floor":["M","$","M","M","M","R","E","M","T","M","M","M","E"],"character_chosen":"DEFECT","items_purchased":["Sunder"],"campfire_rested":0,"item_purchase_floors":[2],"current_hp_per_floor":[71,71,68,63,63,63,47,35,35,16,21,21,0],"gold":270,"neow_bonus":"RANDOM_COLORLESS","is_prod":false,"is_daily":false,"chose_seed":false,"campfire_upgraded":0,"win_rate":0,"timestamp":1560378523,"path_taken":["M","$","M","M","M","R","E","M","T","M","M","M","E"],"build_version":"2019-01-23","purchased_purges":0,"victory":false,"max_hp_per_floor":[75,75,75,75,75,75,75,75,75,75,75,75,75],"card_choices":[{"not_picked":["FTL","Steam"],"picked":"Ball Lightning","floor":1},{"not_picked":["Hologram","Sweeping Beam"],"picked":"Gash","floor":3},{"not_picked":["Stack","Leap"],"picked":"Ball Lightning","floor":4},{"not_picked":["Heatsinks","Redo"],"picked":"Rebound","floor":5},{"not_picked":["Sweeping Beam","Machine Learning"],"picked":"Doom and Gloom","floor":7},{"not_picked":["Redo","Steam"],"picked":"Stack","floor":8},{"not_picked":["Skim","Aggregate"],"picked":"Go for the Eyes+1","floor":10},{"not_picked":["Static Discharge","Undo"],"picked":"Chill","floor":11},{"not_picked":["White Noise","Steam"],"picked":"Rebound+1","floor":12}],"player_experience":472704,"relics_obtained":[{"floor":7,"key":"Blue Candle"},{"floor":9,"key":"Molten Egg 2"}],"event_choices":[],"is_beta":false,"boss_relics":[],"items_purged_floors":[],"is_endless":false,"potions_floor_spawned":[1,3,7,10,12],"killed_by":"Lagavulin","ascension_level":1}