{"gold_per_floor":[218,52,66,16,35,35,52,52,52,63,73,91,91,91,91,190,190,203,203,214,234,246,272,284,312,338,338,338,366,465,495,495,495],"floor_reached":33,"playtime":2670,"items_purged":[],"score":349,"play_id":"df15e286-8a0c-49bc-9b06-509f6a10f3cc","local_time":"20190716201957","is_ascension_mode":false,"campfire_choices":[{"data":"Envenom","floor":6,"key":"SMITH"},{"data":"Blade Dance","floor":8,"key":"SMITH"},{"floor":13,"key":"REST"},{"floor":15,"key":"REST"},{"floor":28,"key":"REST"},{"floor":32,"key":"REST"}],"neow_cost":"NONE","seed_source_timestamp":525533045066859,"circlet_count":0,"master_deck":["Strike_G","Strike_G","Strike_G","Defend_G","Defend_G","Defend_G","Defend_G","Defend_G","Survivor","Neutralize","Dagger Throw","Envenom+1","Blade Dance+1","Flechettes","Deflect+1","Backflip","Deadly Poison","After Image","Bane+1","Outmaneuver","PiercingWail","Catalyst","Underhanded Strike"],"relics":["Ring of the Snake","PreservedInsect","Singing Bowl","Busted Crown","Boot","Regal Pillow","Centennial Puzzle","Red Mask"],"potions_floor_usage":[16,23,25,25,29,31],"damage_taken":[{"damage":3,"enemies":"Cultist","floor":1,"turns":6},{"damage":7,"enemies":"2 Louse","floor":3,"turns":4},{"damage":12,"enemies":"Small Slimes","floor":5,"turns":3},{"damage":4,"enemies":"Red Slaver","floor":7,"turns":4},{"damage":9,"enemies":"Exordium Wildlife","floor":10,"turns":6},{"damage":3,"enemies":"Large Slime","floor":11,"turns":6},{"damage":0,"enemies":"Blue Slaver","floor":12,"turns":4},{"damage":31,"enemies":"Hexaghost","floor":16,"turns":9},{"damage":0,"enemies":"Shell Parasite","floor":18,"turns":5},{"damage":11,"enemies":"3 Byrds","floor":20,"turns":6},{"damage":2,"enemies":"Snake Plant","floor":21,"turns":5},{"damage":1,"enemies":"Snecko","floor":22,"turns":6},{"damage":44,"enemies":"Gremlin Leader","floor":23,"turns":4},{"damage":10,"enemies":"Chosen and Byrds","floor":24,"turns":7},{"damage":0,"enemies":"Slavers","floor":25,"turns":6},{"damage":0,"enemies":"Book of Stabbing","floor":29,"turns":5},{"damage":14,"enemies":"Masked Bandits","floor":31,"turns":5},{"damage":85,"enemies":"Collector","floor":33,"turns":6}],"seed_played":"-3569076231595759462","potions_obtained":[{"floor":5,"key":"SkillPotion"},{"floor":7,"key":"Poison Potion"},{"floor":12,"key":"SteroidPotion"},{"floor":16,"key":"PowerPotion"},{"floor":22,"key":"Swift Potion"},{"floor":23,"key":"EssenceOfSteel"},{"floor":24,"key":"Block Potion"},{"floor":29,"key":"Fire Potion"}],"is_trial":false,"path_per_floor":["M","$","M","?","M","R","M","R","T","M","M","M","R","?","R","B",null,"M","?","M","M","M","E","M","E","T","?","R","E","?","?","R","B"],"character_chosen":"THE_SILENT","items_purchased":["Envenom","Blade Dance"],"campfire_rested":4,"item_purchase_floors":[2,2],"current_hp_per_floor":[67,67,60,60,48,48,44,44,44,37,34,34,55,55,72,41,72,72,72,63,63,64,20,10,12,12,12,51,53,53,41,81,0],"gold":495,"neow_bonus":"HUNDRED_GOLD","is_prod":false,"is_daily":false,"chose_seed":false,"campfire_upgraded":2,"win_rate":0,"timestamp":1563333597,"path_taken":["M","?","M","?","M","R","?","R","T","M","M","M","R","?","R","BOSS","M","?","M","M","M","E","M","E","T","?","R","E","?","?","R","BOSS"],"build_version":"2019-07-05","purchased_purges":0,"victory":false,"max_hp_per_floor":[70,70,70,70,70,70,70,70,70,72,72,72,72,72,72,72,72,72,72,74,76,78,78,78,80,80,80,80,82,82,84,84,84],"card_choices":[{"not_picked":["Slice","Dagger Spray"],"picked":"Dagger Throw","floor":1},{"not_picked":["Sucker Punch","Dagger Spray"],"picked":"Flechettes","floor":3},{"not_picked":["Sucker Punch","Poisoned Stab"],"picked":"Deflect","floor":5},{"not_picked":["Slice","Heel Hook","Dodge and Roll"],"picked":"SKIP","floor":7},{"not_picked":["Slice","Terror","Night Terror"],"picked":"Singing Bowl","floor":10},{"not_picked":["Endless Agony","Crippling Poison"],"picked":"Backflip","floor":11},{"not_picked":["Flying Knee","PiercingWail"],"picked":"Deadly Poison","floor":12},{"not_picked":["Bullet Time","Glass Knife"],"picked":"After Image","floor":16},{"not_picked":[],"picked":"Bane+1","floor":18},{"not_picked":["Flying Knee"],"picked":"Singing Bowl","floor":20},{"not_picked":["Blade Dance"],"picked":"Singing Bowl","floor":21},{"not_picked":["Eviscerate"],"picked":"Singing Bowl","floor":22},{"not_picked":[],"picked":"Catalyst","floor":23},{"not_picked":[],"picked":"Underhanded Strike","floor":24},{"not_picked":["Dagger Throw+1"],"picked":"Singing Bowl","floor":25},{"not_picked":["Quick Slash"],"picked":"Singing Bowl","floor":29},{"not_picked":["Endless Agony"],"picked":"Singing Bowl","floor":31}],"player_experience":154747,"relics_obtained":[{"floor":9,"key":"Singing Bowl"},{"floor":23,"key":"Boot"},{"floor":25,"key":"Regal Pillow"},{"floor":29,"key":"Centennial Puzzle"},{"floor":31,"key":"Red Mask"}],"event_choices":[{"damage_healed":0,"gold_gain":0,"player_choice":"Paid Gold","damage_taken":0,"relics_obtained":["PreservedInsect"],"max_hp_gain":0,"max_hp_loss":0,"event_name":"WeMeetAgain","floor":4,"gold_loss":50},{"damage_healed":0,"gold_gain":0,"player_choice":"Upgraded","damage_taken":0,"max_hp_gain":0,"max_hp_loss":0,"event_name":"Upgrade Shrine","floor":14,"gold_loss":0,"cards_upgraded":["Deflect"]},{"damage_healed":0,"gold_gain":0,"cards_transformed":["Strike_G","Strike_G"],"player_choice":"Became Test Subject","damage_taken":0,"max_hp_gain":0,"max_hp_loss":0,"event_name":"Drug Dealer","floor":19,"gold_loss":0,"cards_obtained":["Outmaneuver","PiercingWail"]},{"damage_healed":0,"gold_gain":0,"player_choice":"Ignored","damage_taken":0,"max_hp_gain":0,"max_hp_loss":0,"event_name":"The Mausoleum","floor":27,"gold_loss":0},{"damage_healed":0,"gold_gain":99,"player_choice":"Stole From Cult","damage_taken":0,"max_hp_gain":0,"max_hp_loss":0,"event_name":"Nest","floor":30,"gold_loss":0},{"damage_healed":0,"gold_gain":0,"player_choice":"Fought Bandits","damage_taken":0,"max_hp_gain":0,"max_hp_loss":0,"event_name":"Masked Bandits","floor":31,"gold_loss":0}],"is_beta":false,"boss_relics":[{"not_picked":["Snecko Eye","Cursed Key"],"picked":"Busted Crown"}],"items_purged_floors":[],"is_endless":false,"potions_floor_spawned":[5,7,12,16,22,23,24,29],"killed_by":"Collector","ascension_level":0}