{"gold_per_floor":[111,111,386,399,417,417,434,460,460,472,472,472,472,485,485,585,585,603,622,641,641,641],"floor_reached":22,"playtime":1241,"items_purged":[],"score":188,"play_id":"b00e33de-551c-4230-ba41-1d44da11abf0","local_time":"20181228180322","is_ascension_mode":false,"campfire_choices":[{"data":"Metallicize","floor":6,"key":"SMITH"},{"data":"Combust","floor":12,"key":"SMITH"},{"data":"Shockwave","floor":15,"key":"SMITH"}],"neow_cost":"NONE","seed_source_timestamp":119854325046032,"circlet_count":0,"master_deck":["Strike_R","Strike_R","Strike_R","Strike_R+1","Strike_R","Defend_R+1","Defend_R","Defend_R","Defend_R","Bash","Deep Breath","Iron Wave","Metallicize+1","Shrug It Off","Combust+1","Rupture","Fire Breathing+1","Shockwave+1","Reaper","Sword Boomerang+1","Flame Barrier"],"relics":["Burning Blood","Blue Candle","Frozen Egg 2","FossilizedHelix","Black Star"],"potions_floor_usage":[22],"damage_taken":[{"damage":6,"enemies":"Cultist","floor":1,"turns":3},{"damage":5,"enemies":"Small Slimes","floor":4,"turns":4},{"damage":5,"enemies":"Jaw Worm","floor":5,"turns":4},{"damage":0,"enemies":"2 Fungi Beasts","floor":7,"turns":4},{"damage":24,"enemies":"3 Sentries","floor":8,"turns":7},{"damage":3,"enemies":"3 Louse","floor":10,"turns":7},{"damage":2,"enemies":"Exordium Thugs","floor":14,"turns":4},{"damage":27,"enemies":"The Guardian","floor":16,"turns":11},{"damage":20,"enemies":"Chosen","floor":18,"turns":8},{"damage":36,"enemies":"Spheric Guardian","floor":19,"turns":6},{"damage":35,"enemies":"Snake Plant","floor":20,"turns":6},{"damage":25,"enemies":"Chosen and Byrds","floor":22,"turns":10}],"seed_played":"7316828813293660246","potions_obtained":[{"floor":1,"key":"SpeedPotion"},{"floor":10,"key":"Strength Potion"},{"floor":16,"key":"Dexterity Potion"},{"floor":20,"key":"SneckoOil"}],"is_trial":false,"path_per_floor":["M","?","?","M","M","R","M","E","T","M","T","R","?","M","R","B",null,"M","M","M","?","M"],"character_chosen":"IRONCLAD","items_purchased":[],"campfire_rested":0,"item_purchase_floors":[],"current_hp_per_floor":[80,64,64,65,66,66,72,54,54,57,57,57,50,54,54,33,80,69,46,24,9,0],"gold":641,"neow_bonus":"RANDOM_COLORLESS","is_prod":false,"is_daily":false,"chose_seed":false,"campfire_upgraded":3,"win_rate":0,"timestamp":1546038202,"path_taken":["M","?","?","?","M","R","M","E","T","M","?","R","?","M","R","BOSS","M","M","M","?","M"],"build_version":"2018-12-25","purchased_purges":0,"victory":false,"max_hp_per_floor":[80,80,80,80,80,80,80,80,80,80,80,80,80,80,80,80,80,80,80,80,85,85],"card_choices":[{"not_picked":["Evolve","Headbutt"],"picked":"Iron Wave","floor":1},{"not_picked":["Battle Trance","Rupture"],"picked":"Metallicize","floor":4},{"not_picked":["Flex","Thunderclap"],"picked":"Shrug It Off","floor":5},{"not_picked":["Twin Strike","Anger"],"picked":"Combust","floor":7},{"not_picked":["Perfected Strike","Hemokinesis"],"picked":"Rupture","floor":8},{"not_picked":["Iron Wave","True Grit"],"picked":"Fire Breathing+1","floor":10},{"not_picked":["Headbutt","Pommel Strike"],"picked":"Shockwave","floor":14},{"not_picked":["Offering","Impervious"],"picked":"Reaper","floor":16},{"not_picked":["Carnage","Havoc"],"picked":"Sword Boomerang+1","floor":18},{"not_picked":["Infernal Blade","Ghostly Armor"],"picked":"Flame Barrier","floor":19},{"not_picked":["Second Wind","Flex","Heavy Blade"],"picked":"SKIP","floor":20}],"player_experience":691440,"relics_obtained":[{"floor":8,"key":"Blue Candle"},{"floor":9,"key":"Frozen Egg 2"},{"floor":11,"key":"FossilizedHelix"}],"event_choices":[{"damage_healed":0,"gold_gain":0,"player_choice":"Entered Light","damage_taken":16,"max_hp_gain":0,"max_hp_loss":0,"event_name":"Shining Light","floor":2,"gold_loss":0,"cards_upgraded":["Defend_R","Strike_R"]},{"damage_healed":0,"gold_gain":275,"player_choice":"Desecrate","damage_taken":0,"max_hp_gain":0,"max_hp_loss":0,"event_name":"Golden Shrine","floor":3,"gold_loss":0,"cards_obtained":["Regret"]},{"cards_removed":["Regret"],"damage_healed":0,"gold_gain":0,"player_choice":"Card Removal","damage_taken":7,"max_hp_gain":0,"max_hp_loss":0,"event_name":"Golden Wing","floor":13,"gold_loss":0},{"damage_healed":0,"gold_gain":0,"player_choice":"Shed Blood","damage_taken":20,"max_hp_gain":5,"max_hp_loss":0,"event_name":"Forgotten Altar","floor":21,"gold_loss":0}],"is_beta":true,"boss_relics":[{"not_picked":["Calling Bell","Velvet Choker"],"picked":"Black Star"}],"items_purged_floors":[],"is_endless":false,"potions_floor_spawned":[1,10,16,20],"killed_by":"Chosen and Byrds","ascension_level":0}