{"gold_per_floor":[113,39,59,69,89,122,139,153,230,230],"floor_reached":10,"playtime":762,"items_purged":[],"score":72,"play_id":"b056413b-c580-42e0-b8ed-50332f627aed","local_time":"20190309085555","is_ascension_mode":false,"campfire_choices":[],"neow_cost":"NONE","seed_source_timestamp":1865704690465630,"circlet_count":0,"master_deck":["Defend_G","Defend_G","Defend_G","Defend_G","Defend_G","Strike_G","Strike_G","Strike_G","Strike_G","Strike_G","Survivor","Neutralize+1","Blade Dance","All Out Attack","Slice","Blade Dance","Cloak And Dagger","Deflect","Backflip"],"relics":["Ring of the Snake","Blood Vial","Paper Crane","Bottled Lightning"],"potions_floor_usage":[5,7,8],"damage_taken":[{"damage":2,"enemies":"Small Slimes","floor":1,"turns":4},{"damage":0,"enemies":"Cultist","floor":3,"turns":4},{"damage":1,"enemies":"Jaw Worm","floor":4,"turns":5},{"damage":2,"enemies":"Exordium Wildlife","floor":5,"turns":3},{"damage":28,"enemies":"Gremlin Nob","floor":6,"turns":5},{"damage":11,"enemies":"Exordium Thugs","floor":7,"turns":4},{"damage":1,"enemies":"Looter","floor":8,"turns":4},{"damage":36,"enemies":"3 Sentries","floor":10,"turns":6}],"seed_played":"-2853289713217081464","potions_obtained":[{"floor":3,"key":"Dexterity Potion"},{"floor":6,"key":"Strength Potion"},{"floor":7,"key":"Weak Potion"}],"is_trial":false,"path_per_floor":["M","?","M","M","M","E","M","M","T","E"],"character_chosen":"THE_SILENT","items_purchased":[],"campfire_rested":0,"item_purchase_floors":[],"current_hp_per_floor":[68,68,70,69,68,42,33,34,34,0],"gold":230,"neow_bonus":"UPGRADE_CARD","is_prod":false,"is_daily":false,"chose_seed":false,"campfire_upgraded":0,"win_rate":0,"timestamp":1552139755,"path_taken":["M","?","M","M","M","E","M","M","T","E"],"build_version":"2019-01-23","purchased_purges":0,"victory":false,"max_hp_per_floor":[70,70,70,70,70,70,70,70,70,70],"card_choices":[{"not_picked":["Dagger Spray","Footwork"],"picked":"Blade Dance","floor":1},{"not_picked":["Dash","Bane"],"picked":"All Out Attack","floor":3},{"not_picked":["Sucker Punch","Calculated Gamble"],"picked":"Slice","floor":4},{"not_picked":["Flechettes","Dagger Throw"],"picked":"Blade Dance","floor":5},{"not_picked":["Setup","Doppelganger"],"picked":"Cloak And Dagger","floor":6},{"not_picked":["Poisoned Stab","Catalyst"],"picked":"Deflect","floor":7},{"not_picked":["Underhanded Strike","Dodge and Roll"],"picked":"Backflip","floor":8}],"player_experience":270897,"relics_obtained":[{"floor":6,"key":"Paper Crane"},{"floor":9,"key":"Bottled Lightning"}],"event_choices":[{"damage_healed":0,"gold_gain":0,"player_choice":"Paid Gold","damage_taken":0,"relics_obtained":["Blood Vial"],"max_hp_gain":0,"max_hp_loss":0,"event_name":"WeMeetAgain","floor":2,"gold_loss":74}],"is_beta":false,"boss_relics":[],"items_purged_floors":[],"is_endless":false,"potions_floor_spawned":[3,6,7],"killed_by":"3 Sentries","ascension_level":0}