{"gold_per_floor":[116,116,116,291,39,98,116,147,147,167,167,190,214,245,245,371,371,392,392,407,420,438,473,473,21,21,36,76,76,90,133,133,259,259,274,287,312,0,25,25,38,97,97,132,132,175,175],"floor_reached":47,"playtime":3217,"items_purged":["Doubt","Writhe"],"score":757,"play_id":"447f97c0-a8ff-419d-ae07-c1a794fa7e42","local_time":"20190713135347","is_ascension_mode":true,"campfire_choices":[{"data":"Magnetism","floor":11,"key":"SMITH"},{"data":"Flame Barrier","floor":15,"key":"SMITH"},{"data":"Brutality","floor":24,"key":"SMITH"},{"data":"Whirlwind","floor":32,"key":"SMITH"},{"data":"Demon Form","floor":40,"key":"SMITH"}],"neow_cost":"NONE","seed_source_timestamp":1526000750590500,"circlet_count":0,"master_deck":["Strike_R","Strike_R","Strike_R","Strike_R","Strike_R","Defend_R","Defend_R","Defend_R","Defend_R","Bash","Carnage","Magnetism+1","Flame Barrier+1","Armaments","Corruption","Infernal Blade","Whirlwind+1","Clothesline","Seeing Red","Brutality+1","J.A.X.","Shrug It Off+1","Feel No Pain","Immolate","Master of Strategy","Spot Weakness","Thunderclap","Uppercut+1","Pommel Strike+1","Rupture","Feed","Clumsy","Decay","Disarm+1","Demon Form+1","Dropkick+1","Sword Boomerang+1","Shockwave","Exhume"],"relics":["Burning Blood","NeowsBlessing","Golden Idol","Matryoshka","Shuriken","Bag of Preparation","Self Forming Clay","Darkstone Periapt","Blood Vial","Sozu","Singing Bowl","Chemical X","Oddly Smooth Stone","The Courier","Red Mask","Anchor","Calling Bell","PreservedInsect","Paper Frog","FossilizedHelix","Incense Burner","Ancient Tea Set","Mummified Hand","Molten Egg 2","Kunai"],"potions_floor_usage":[8,14,16,18],"damage_taken":[{"damage":0,"enemies":"Cultist","floor":1,"turns":1},{"damage":0,"enemies":"3 Sentries","floor":6,"turns":3},{"damage":0,"enemies":"Small Slimes","floor":7,"turns":1},{"damage":48,"enemies":"Gremlin Nob","floor":8,"turns":6},{"damage":0,"enemies":"2 Louse","floor":10,"turns":3},{"damage":10,"enemies":"2 Fungi Beasts","floor":12,"turns":3},{"damage":2,"enemies":"Blue Slaver","floor":13,"turns":5},{"damage":14,"enemies":"3 Sentries","floor":14,"turns":6},{"damage":18,"enemies":"Hexaghost","floor":16,"turns":8},{"damage":0,"enemies":"Spheric Guardian","floor":18,"turns":3},{"damage":12,"enemies":"Chosen","floor":20,"turns":5},{"damage":20,"enemies":"Centurion and Healer","floor":21,"turns":6},{"damage":24,"enemies":"Sentry and Sphere","floor":22,"turns":4},{"damage":27,"enemies":"Slavers","floor":23,"turns":5},{"damage":2,"enemies":"Chosen and Byrds","floor":27,"turns":3},{"damage":4,"enemies":"Masked Bandits","floor":28,"turns":2},{"damage":13,"enemies":"Centurion and Healer","floor":30,"turns":2},{"damage":22,"enemies":"Book of Stabbing","floor":31,"turns":5},{"damage":19,"enemies":"Collector","floor":33,"turns":5},{"damage":6,"enemies":"Orb Walker","floor":35,"turns":3},{"damage":3,"enemies":"3 Shapes","floor":36,"turns":2},{"damage":21,"enemies":"Sphere and 2 Shapes","floor":37,"turns":4},{"damage":10,"enemies":"Transient","floor":39,"turns":5},{"damage":11,"enemies":"4 Shapes","floor":41,"turns":4},{"damage":29,"enemies":"Giant Head","floor":42,"turns":6},{"damage":29,"enemies":"Nemesis","floor":44,"turns":5},{"damage":27,"enemies":"Reptomancer","floor":46,"turns":3},{"damage":30,"enemies":"Maw","floor":47,"turns":6}],"seed_played":"6346239723968389117","potions_obtained":[{"floor":1,"key":"SteroidPotion"},{"floor":6,"key":"Ancient Potion"},{"floor":12,"key":"AttackPotion"},{"floor":14,"key":"AttackPotion"}],"is_trial":false,"path_per_floor":["M","?","?","?","$","E","M","E","T","M","R","M","M","E","R","B",null,"M","?","M","M","M","E","R","$","T","M","?","?","M","E","R","B",null,"M","M","M","$","M","R","M","E","T","E","?","E","M"],"character_chosen":"IRONCLAD","items_purchased":["Magnetism","Chemical X","Master of Strategy","Spot Weakness","Thunderclap","Incense Burner"],"campfire_rested":0,"item_purchase_floors":[5,25,25,25,25,38],"current_hp_per_floor":[80,60,53,53,53,59,65,23,23,29,29,25,29,21,21,11,80,80,80,74,62,46,29,29,29,29,37,41,69,64,50,50,39,102,104,104,92,92,90,90,89,68,68,47,47,28,0],"gold":175,"neow_bonus":"THREE_ENEMY_KILL","is_prod":false,"is_daily":false,"chose_seed":false,"campfire_upgraded":5,"win_rate":0,"timestamp":1563040427,"path_taken":["M","?","?","?","$","E","M","E","T","M","R","M","M","E","R","BOSS","M","?","M","M","M","E","R","$","T","M","?","?","M","E","R","BOSS","M","M","M","$","M","R","M","E","T","E","?","E","?"],"build_version":"2019-07-05","purchased_purges":2,"victory":false,"max_hp_per_floor":[80,80,80,80,80,80,80,80,80,80,80,80,80,80,80,80,80,80,80,80,80,80,82,82,82,82,84,84,84,84,84,84,84,102,104,104,107,107,107,107,109,109,109,109,109,109,109],"card_choices":[{"not_picked":["Havoc","Infernal Blade"],"picked":"Carnage","floor":1},{"not_picked":["Wild Strike","Pommel Strike"],"picked":"Flame Barrier","floor":6},{"not_picked":["Warcry","Wild Strike"],"picked":"Armaments","floor":7},{"not_picked":["Havoc","Hemokinesis"],"picked":"Corruption","floor":8},{"not_picked":["Armaments","Flex"],"picked":"Infernal Blade","floor":10},{"not_picked":["Heavy Blade","Flex"],"picked":"Whirlwind","floor":12},{"not_picked":["Berserk","Warcry"],"picked":"Clothesline","floor":13},{"not_picked":["True Grit","Cleave"],"picked":"Seeing Red","floor":14},{"not_picked":["Impervious","Fiend Fire"],"picked":"Brutality","floor":16},{"not_picked":["Second Wind","Feel No Pain","Flex"],"picked":"SKIP","floor":18},{"not_picked":["Sword Boomerang","True Grit"],"picked":"Shrug It Off+1","floor":20},{"not_picked":["Clash","Sever Soul"],"picked":"Feel No Pain","floor":21},{"not_picked":["Infernal Blade+1","Dropkick+1"],"picked":"Immolate","floor":22},{"not_picked":["Pommel Strike","Perfected Strike+1","Flex"],"picked":"Singing Bowl","floor":23},{"not_picked":["Second Wind","Entrench","Cleave"],"picked":"Singing Bowl","floor":27},{"not_picked":["True Grit","Rupture"],"picked":"Uppercut+1","floor":28},{"not_picked":["Intimidate","Reckless Charge"],"picked":"Pommel Strike+1","floor":30},{"not_picked":["Infernal Blade","Seeing Red"],"picked":"Rupture","floor":31},{"not_picked":["Reaper","Fiend Fire"],"picked":"Feed","floor":33},{"not_picked":["Havoc","Clothesline+1","Warcry"],"picked":"Singing Bowl","floor":35},{"not_picked":["Twin Strike","Iron Wave+1"],"picked":"Disarm+1","floor":36},{"not_picked":["Flex+1","Armaments"],"picked":"Demon Form","floor":37},{"not_picked":["Headbutt","Havoc+1"],"picked":"Dropkick+1","floor":39},{"not_picked":["Warcry","Cleave","Perfected Strike"],"picked":"Singing Bowl","floor":41},{"not_picked":["Body Slam+1","Power Through"],"picked":"Sword Boomerang+1","floor":42},{"not_picked":["Clash","Sentinel"],"picked":"Shockwave","floor":44},{"not_picked":["Feel No Pain","Second Wind"],"picked":"Exhume","floor":46}],"player_experience":627387,"relics_obtained":[{"floor":6,"key":"Shuriken"},{"floor":8,"key":"Bag of Preparation"},{"floor":9,"key":"Self Forming Clay"},{"floor":9,"key":"Darkstone Periapt"},{"floor":14,"key":"Blood Vial"},{"floor":23,"key":"Singing Bowl"},{"floor":26,"key":"Oddly Smooth Stone"},{"floor":26,"key":"The Courier"},{"floor":28,"key":"Red Mask"},{"floor":31,"key":"Anchor"},{"floor":34,"key":"PreservedInsect"},{"floor":34,"key":"Paper Frog"},{"floor":34,"key":"FossilizedHelix"},{"floor":42,"key":"Ancient Tea Set"},{"floor":43,"key":"Mummified Hand"},{"floor":44,"key":"Molten Egg 2"},{"floor":46,"key":"Kunai"}],"event_choices":[{"damage_healed":0,"gold_gain":0,"player_choice":"Take Damage","damage_taken":20,"relics_obtained":["Golden Idol"],"max_hp_gain":0,"max_hp_loss":0,"event_name":"Golden Idol","floor":2,"gold_loss":0},{"damage_healed":0,"gold_gain":0,"player_choice":"Success","damage_taken":7,"relics_obtained":["Matryoshka"],"max_hp_gain":0,"max_hp_loss":0,"event_name":"Scrap Ooze","floor":3,"gold_loss":0},{"damage_healed":0,"gold_gain":175,"player_choice":"AGREE","damage_taken":0,"max_hp_gain":0,"max_hp_loss":0,"event_name":"Liars Game","floor":4,"gold_loss":0,"cards_obtained":["Doubt"]},{"damage_healed":0,"gold_gain":0,"player_choice":"Obtain J.A.X.","damage_taken":0,"max_hp_gain":0,"max_hp_loss":0,"event_name":"Drug Dealer","floor":19,"gold_loss":0,"cards_obtained":["J.A.X."]},{"damage_healed":0,"gold_gain":0,"player_choice":"Fought Bandits","damage_taken":0,"max_hp_gain":0,"max_hp_loss":0,"event_name":"Masked Bandits","floor":28,"gold_loss":0},{"damage_healed":28,"gold_gain":0,"player_choice":"Heal","damage_taken":0,"max_hp_gain":0,"max_hp_loss":0,"event_name":"The Library","floor":29,"gold_loss":0},{"damage_healed":0,"gold_gain":0,"player_choice":"Ignored","damage_taken":0,"max_hp_gain":0,"max_hp_loss":0,"event_name":"SecretPortal","floor":45,"gold_loss":0}],"is_beta":false,"boss_relics":[{"not_picked":["Empty Cage","Ectoplasm"],"picked":"Sozu"},{"not_picked":["Black Blood","Black Star"],"picked":"Calling Bell"}],"items_purged_floors":[5,38],"is_endless":false,"potions_floor_spawned":[1,6,12,14,21,23,28,30,31,33,36,37,44,46],"killed_by":"Maw","ascension_level":1}