{"gold_per_floor":[15,15,25,25,42,42,54,54,128,128,145,162,172,182,182,286,286,303,303,315,315,12,23,37,52,125,125],"floor_reached":27,"playtime":1530,"items_purged":[],"score":482,"play_id":"4fedb7c3-73bc-4433-9266-0083cc630e10","local_time":"20181204152142","is_ascension_mode":true,"campfire_choices":[{"data":"Apotheosis","floor":6,"key":"SMITH"},{"data":"Warcry","floor":8,"key":"SMITH"},{"data":"Disarm","floor":15,"key":"SMITH"}],"neow_cost":"NO_GOLD","seed_source_timestamp":0,"circlet_count":0,"master_deck":["AscendersBane","Strike_R","Strike_R+1","Strike_R","Defend_R","Defend_R","Defend_R","Defend_R","Bash","Forethought","Apotheosis+1","Body Slam+1","Warcry+1","True Grit","Spot Weakness","Disarm+1","Warcry","Impervious","Clothesline","Cleave","Flame Barrier+1","Rampage","Inflame+1"],"special_seed":0,"relics":["Burning Blood","Ornamental Fan","Empty Cage","Happy Flower","Potion Belt","Art of War","Dodecahedron"],"potions_floor_usage":[11,16,16,24,27],"damage_taken":[{"damage":6,"enemies":"2 Louse","floor":1,"turns":3},{"damage":10,"enemies":"Small Slimes","floor":3,"turns":4},{"damage":0,"enemies":"Cultist","floor":5,"turns":3},{"damage":9,"enemies":"Blue Slaver","floor":7,"turns":5},{"damage":10,"enemies":"Gremlin Gang","floor":11,"turns":5},{"damage":14,"enemies":"Exordium Thugs","floor":12,"turns":6},{"damage":3,"enemies":"Blue Slaver","floor":13,"turns":5},{"damage":1,"enemies":"2 Fungi Beasts","floor":14,"turns":4},{"damage":14,"enemies":"Hexaghost","floor":16,"turns":8},{"damage":35,"enemies":"3 Byrds","floor":18,"turns":7},{"damage":1,"enemies":"Chosen","floor":20,"turns":7},{"damage":15,"enemies":"Centurion and Healer","floor":23,"turns":6},{"damage":13,"enemies":"Chosen and Byrds","floor":24,"turns":10},{"damage":12,"enemies":"Snake Plant","floor":25,"turns":6},{"damage":10,"enemies":"3 Cultists","floor":27,"turns":4}],"seed_played":"-2680143941529026775","potions_obtained":[{"floor":3,"key":"Block Potion"},{"floor":7,"key":"Strength Potion"},{"floor":12,"key":"GamblersBrew"},{"floor":13,"key":"AttackPotion"},{"floor":20,"key":"SkillPotion"},{"floor":25,"key":"Energy Potion"}],"is_trial":false,"path_per_floor":["M","?","M","?","M","R","M","R","T","?","M","M","M","M","R","B",null,"M","?","M","?","$","M","M","M","T","M"],"character_chosen":"IRONCLAD","items_purchased":["Potion Belt","Art of War"],"campfire_rested":0,"item_purchase_floors":[22,22],"current_hp_per_floor":[72,56,52,52,58,58,55,55,55,55,51,43,46,51,51,43,71,42,27,32,32,32,23,16,10,10,0],"gold":125,"neow_bonus":"RANDOM_COLORLESS_2","is_prod":false,"is_daily":false,"chose_seed":false,"campfire_upgraded":3,"win_rate":0,"timestamp":1543954902,"path_taken":["M","?","M","?","?","R","M","R","T","?","M","M","M","?","R","BOSS","M","?","M","?","$","M","M","M","T","M"],"build_version":"2018-12-4","purchased_purges":0,"victory":false,"max_hp_per_floor":[80,80,80,80,80,80,80,80,80,80,80,80,80,80,80,80,80,80,85,85,85,85,85,85,85,85,85],"card_choices":[{"not_picked":["Pummel","Warcry"],"picked":"Body Slam","floor":1},{"not_picked":["Sword Boomerang","Twin Strike"],"picked":"Warcry","floor":3},{"not_picked":["Twin Strike","Power Through"],"picked":"True Grit","floor":5},{"not_picked":["Iron Wave","Wild Strike"],"picked":"Spot Weakness","floor":7},{"not_picked":["Perfected Strike","Pommel Strike","True Grit"],"picked":"SKIP","floor":11},{"not_picked":["Burning Pact","Brutality"],"picked":"Disarm","floor":12},{"not_picked":["Armaments","Combust"],"picked":"Warcry","floor":13},{"not_picked":["Perfected Strike","Twin Strike","Headbutt"],"picked":"SKIP","floor":14},{"not_picked":["Berserk","Juggernaut"],"picked":"Impervious","floor":16},{"not_picked":["Havoc","Blood for Blood"],"picked":"Clothesline","floor":18},{"not_picked":["Bloodletting+1","Second Wind+1"],"picked":"Cleave","floor":20},{"not_picked":["Pommel Strike","Flex"],"picked":"Flame Barrier+1","floor":23},{"not_picked":["Cleave","Clash"],"picked":"Rampage","floor":24},{"not_picked":["Pummel+1","Power Through"],"picked":"Inflame+1","floor":25}],"player_experience":585520,"relics_obtained":[{"floor":9,"key":"Ornamental Fan"},{"floor":26,"key":"Dodecahedron"}],"event_choices":[{"damage_healed":0,"gold_gain":0,"player_choice":"Entered Light","damage_taken":16,"max_hp_gain":0,"max_hp_loss":0,"event_name":"Shining Light","floor":2,"gold_loss":0,"cards_upgraded":["Body Slam","Strike_R"]},{"damage_healed":0,"gold_gain":0,"cards_transformed":["Strike_R"],"player_choice":"Transformed","damage_taken":0,"max_hp_gain":0,"max_hp_loss":0,"event_name":"Transmorgrifier","floor":4,"gold_loss":0,"cards_obtained":["Sever Soul"]},{"damage_healed":0,"gold_gain":0,"player_choice":"Got Potions","damage_taken":0,"max_hp_gain":0,"max_hp_loss":0,"event_name":"Lab","floor":10,"gold_loss":0},{"damage_healed":0,"gold_gain":0,"player_choice":"Shed Blood","damage_taken":20,"max_hp_gain":5,"max_hp_loss":0,"event_name":"Forgotten Altar","floor":19,"gold_loss":0},{"damage_healed":0,"gold_gain":0,"player_choice":"Opened","damage_taken":0,"relics_obtained":["Happy Flower"],"max_hp_gain":0,"max_hp_loss":0,"event_name":"The Mausoleum","floor":21,"gold_loss":0}],"is_beta":true,"boss_relics":[{"not_picked":["Runic Pyramid","Orrery"],"picked":"Empty Cage"}],"items_purged_floors":[],"is_endless":false,"potions_floor_spawned":[3,7,12,13,14,20,25],"killed_by":"3 Cultists","ascension_level":11}