{"path_per_floor":["M","?","?","M","M","M","M","M","T","M","R","?","M","M","R","B",null,"M","?","M","M","$","?","R","?","T","R","M","M","M","M","R","B",null,"M","$","M","$","?","E","R","M","T","?","?","R","M","$","R","B"],"character_chosen":"DEFECT","items_purchased":["Cables","Thread and Needle","Dexterity Potion","AttackPotion"],"gold_per_floor":[111,111,76,88,108,127,146,166,166,185,185,185,203,219,219,322,322,340,340,353,370,126,126,126,126,126,126,137,153,173,190,190,285,285,302,16,32,32,32,58,58,77,103,103,103,103,117,16,16,16],"floor_reached":51,"campfire_rested":2,"playtime":5784,"current_hp_per_floor":[37,37,55,45,45,35,33,32,32,31,31,31,20,12,34,31,75,48,37,34,17,17,17,17,17,17,17,9,9,9,7,18,33,37,25,25,25,25,25,20,20,20,20,29,29,29,29,29,29,29],"items_purged":[],"gold":16,"score":909,"play_id":"c20af1cf-e677-4c14-ab9f-fc054f3cc8f1","local_time":"20180512192659","is_prod":false,"is_daily":false,"chose_seed":false,"is_ascension_mode":true,"campfire_upgraded":6,"timestamp":1526167619,"path_taken":["M","?","?","M","M","M","M","?","T","M","R","?","M","M","R","BOSS","M","?","M","M","$","?","R","?","T","R","M","M","?","M","R","BOSS","M","$","M","$","?","E","R","M","T","?","?","R","?","?","R","BOSS"],"build_version":"2018-05-12v2","seed_source_timestamp":170594824757336,"purchased_purges":1,"victory":true,"master_deck":["Strike_B","Defend_B","Defend_B","Defend_B","Defend_B","Zap+1","Dualcast","Stack+1","Sweeping Beam","Machine Learning","Stack","Go for the Eyes+1","Capacitor","Chill","Recycle","Machine Learning","Electrodynamics+1","Tempest","Ghostly+1","Ghostly+1","Ghostly","Ghostly","Ghostly","Glacier","Stack+1","Reinforced Body+1","Coolheaded+1","Ball Lightning","Meteor Strike","Ball Lightning","Blizzard+1","Heatsinks+1","Stack","Writhe","Magnetism","Stack"],"max_hp_per_floor":[75,75,75,75,75,75,75,75,75,75,75,75,75,75,75,75,75,75,37,37,37,37,37,37,37,37,37,37,37,37,37,37,37,37,37,37,37,37,37,37,37,37,37,37,37,37,37,37,37,37],"relics":["Cracked Core","Torii","Ornamental Fan","Inserter","Cables","Toolbox","Unceasing Top","Black Star","Thread and Needle","Mummified Hand","Bottled Lightning","War Paint"],"card_choices":[{"not_picked":["Turbo","Heatsinks"],"picked":"Stack","floor":1},{"not_picked":["Axe Kick","Streamline"],"picked":"Sweeping Beam","floor":4},{"not_picked":["Cold Snap","BootSequence"],"picked":"Machine Learning","floor":5},{"not_picked":["Auto Shields","Sweeping Beam"],"picked":"Stack","floor":6},{"not_picked":["Steam Power","Sweeping Beam"],"picked":"Go for the Eyes","floor":7},{"not_picked":["Doom and Gloom","Steam"],"picked":"Capacitor","floor":8},{"not_picked":["Sweeping Beam","Skim"],"picked":"Chill","floor":10},{"not_picked":["Loop","BootSequence"],"picked":"Recycle","floor":13},{"not_picked":["Capacitor","Sweeping Beam"],"picked":"Machine Learning","floor":14},{"not_picked":["Fission","Machine Learning"],"picked":"Electrodynamics","floor":16},{"not_picked":["Turbo+1","Scrape"],"picked":"Tempest","floor":18},{"not_picked":["Hello World+1","Sweeping Beam"],"picked":"Glacier","floor":20},{"not_picked":["Doom and Gloom","Melter"],"picked":"Stack","floor":21},{"not_picked":["Blizzard","Doom and Gloom"],"picked":"Reinforced Body","floor":28},{"not_picked":["Go for the Eyes","Darkness+1"],"picked":"Coolheaded+1","floor":29},{"not_picked":["Axe Kick","Beam Cell"],"picked":"Ball Lightning","floor":30},{"not_picked":["Cold Snap","Hologram","Gash"],"picked":"SKIP","floor":31},{"not_picked":["Hyperbeam","Thunder Strike"],"picked":"Meteor Strike","floor":33},{"not_picked":["Leap","Go for the Eyes+1"],"picked":"Ball Lightning","floor":35},{"not_picked":["Rebound","Streamline"],"picked":"Blizzard+1","floor":37},{"not_picked":["Reboot","Leap+1"],"picked":"Heatsinks+1","floor":40},{"not_picked":["Rebound","Chaos"],"picked":"Stack","floor":42},{"not_picked":["Madness","Finesse"],"picked":"Magnetism","floor":45},{"not_picked":["Sweeping Beam+1","Melter"],"picked":"Stack","floor":47}],"player_experience":93449,"potions_floor_usage":[16,16,16,18,33,33,40,50,50,50],"damage_taken":[{"damage":1,"enemies":"2 Louse","floor":1,"turns":2},{"damage":10,"enemies":"Cultist","floor":4,"turns":4},{"damage":0,"enemies":"Small Slimes","floor":5,"turns":3},{"damage":10,"enemies":"3 Louse","floor":6,"turns":3},{"damage":2,"enemies":"Exordium Thugs","floor":7,"turns":5},{"damage":1,"enemies":"Blue Slaver","floor":8,"turns":4},{"damage":1,"enemies":"2 Fungi Beasts","floor":10,"turns":3},{"damage":11,"enemies":"Exordium Wildlife","floor":13,"turns":4},{"damage":8,"enemies":"Exordium Thugs","floor":14,"turns":6},{"damage":3,"enemies":"Hexaghost","floor":16,"turns":9},{"damage":27,"enemies":"3 Byrds","floor":18,"turns":7},{"damage":3,"enemies":"Shell Parasite","floor":20,"turns":10},{"damage":17,"enemies":"Snecko","floor":21,"turns":8},{"damage":8,"enemies":"Centurion and Healer","floor":28,"turns":12},{"damage":0,"enemies":"Snake Plant","floor":29,"turns":6},{"damage":0,"enemies":"Snecko","floor":30,"turns":7},{"damage":2,"enemies":"Centurion and Healer","floor":31,"turns":9},{"damage":0,"enemies":"Automaton","floor":33,"turns":13},{"damage":12,"enemies":"Flame Bruiser 1 Orb","floor":35,"turns":12},{"damage":0,"enemies":"3 Shapes","floor":37,"turns":5},{"damage":17,"enemies":"2 Orb Walkers","floor":40,"turns":7},{"damage":0,"enemies":"3 Darklings","floor":42,"turns":5},{"damage":0,"enemies":"Spire Growth","floor":47,"turns":6},{"damage":0,"enemies":"Time Eater","floor":50,"turns":15}],"event_choices":[{"event_name":"Wheel of Change","player_choice":"Card Removal","floor":2,"damage_taken":0},{"event_name":"The Cleric","player_choice":"Healed","floor":3,"damage_taken":0},{"event_name":"Purifier","player_choice":"One Purge","floor":12,"damage_taken":0},{"event_name":"Ghosts","player_choice":"Became a Ghost","floor":19,"damage_taken":0},{"event_name":"Beggar","player_choice":"Ignored","floor":23,"damage_taken":0},{"event_name":"The Mausoleum","player_choice":"Yes","floor":25,"damage_taken":0},{"event_name":"Winding Halls","player_choice":"Writhe","floor":44,"damage_taken":0},{"event_name":"SensoryStone","player_choice":"Memory 1","floor":45,"damage_taken":0}],"boss_relics":[{"not_picked":["Philosopher\u0027s Stone","Nuclear Battery"],"picked":"Inserter"},{"not_picked":["Runic Dome","Snecko Eye"],"picked":"Black Star"}],"potions_floor_spawned":[4,5,6,16,20,29,31,37],"seed_played":"-4534395718434488849","ascension_level":3,"is_trial":false}