{"gold_per_floor":[109,122,134,59,59,90,107,107,107,137,137,137,137,151,151,151],"floor_reached":16,"playtime":1631,"items_purged":["Strike_R"],"score":116,"play_id":"1a735ffd-15da-4bb4-a973-1f29bf71c781","local_time":"20190704190219","is_ascension_mode":true,"campfire_choices":[{"floor":8,"key":"REST"},{"floor":13,"key":"REST"},{"floor":15,"key":"REST"}],"neow_cost":"PERCENT_DAMAGE","seed_source_timestamp":1056156581751082,"circlet_count":0,"master_deck":["Strike_R","Strike_R","Defend_R","Defend_R","Defend_R","Bash","Warcry","Shrug It Off","Headbutt","Seeing Red","Disarm"],"relics":["Burning Blood","Ice Cream","Champion Belt","Thread and Needle","Torii"],"potions_floor_usage":[6,16,16],"damage_taken":[{"damage":0,"enemies":"2 Louse","floor":1,"turns":5},{"damage":5,"enemies":"Small Slimes","floor":2,"turns":6},{"damage":12,"enemies":"Cultist","floor":3,"turns":5},{"damage":21,"enemies":"Lagavulin","floor":6,"turns":6},{"damage":23,"enemies":"Lots of Slimes","floor":7,"turns":12},{"damage":35,"enemies":"Gremlin Nob","floor":10,"turns":5},{"damage":1,"enemies":"2 Fungi Beasts","floor":14,"turns":5},{"damage":63,"enemies":"Slime Boss","floor":16,"turns":14}],"seed_played":"703292447175320289","potions_obtained":[{"floor":2,"key":"AttackPotion"},{"floor":6,"key":"Explosive Potion"},{"floor":10,"key":"SteroidPotion"}],"is_trial":false,"path_per_floor":["M","M","M","$","?","E","M","R","T","E","?","?","R","M","R","B"],"character_chosen":"IRONCLAD","items_purchased":[],"campfire_rested":3,"item_purchase_floors":[],"current_hp_per_floor":[62,63,57,57,57,42,25,49,49,20,2,2,26,31,55,0],"gold":151,"neow_bonus":"REMOVE_TWO","is_prod":false,"is_daily":false,"chose_seed":false,"campfire_upgraded":0,"win_rate":0,"timestamp":1562292139,"path_taken":["M","M","M","$","?","E","M","R","T","E","?","?","R","?","R","BOSS"],"build_version":"2019-07-01","purchased_purges":1,"victory":false,"max_hp_per_floor":[80,80,80,80,80,80,80,80,80,80,80,80,80,80,80,80],"card_choices":[{"not_picked":["Anger","Perfected Strike","Fire Breathing"],"picked":"SKIP","floor":1},{"not_picked":["Clothesline","Twin Strike"],"picked":"Warcry","floor":2},{"not_picked":["Infernal Blade","Clash"],"picked":"Dual Wield","floor":3},{"not_picked":["Corruption","Armaments","Power Through"],"picked":"SKIP","floor":6},{"not_picked":["Pommel Strike","Intimidate"],"picked":"Headbutt","floor":7},{"not_picked":["Bloodletting","Shrug It Off"],"picked":"Seeing Red","floor":10},{"not_picked":["Uppercut","Armaments","Bloodletting"],"picked":"SKIP","floor":14}],"player_experience":57425,"relics_obtained":[{"floor":6,"key":"Ice Cream"},{"floor":9,"key":"Champion Belt"},{"floor":10,"key":"Thread and Needle"}],"event_choices":[{"damage_healed":0,"gold_gain":0,"cards_transformed":["Defend_R"],"player_choice":"Change","damage_taken":0,"max_hp_gain":0,"max_hp_loss":0,"event_name":"Living Wall","floor":5,"gold_loss":0,"cards_obtained":["Shrug It Off"]},{"damage_healed":0,"gold_gain":0,"player_choice":"Success","damage_taken":18,"relics_obtained":["Torii"],"max_hp_gain":0,"max_hp_loss":0,"event_name":"Scrap Ooze","floor":11,"gold_loss":0},{"damage_healed":0,"gold_gain":0,"cards_transformed":["Dual Wield"],"player_choice":"Transformed","damage_taken":0,"max_hp_gain":0,"max_hp_loss":0,"event_name":"Transmorgrifier","floor":12,"gold_loss":0,"cards_obtained":["Disarm"]}],"is_beta":false,"boss_relics":[],"items_purged_floors":[4],"is_endless":false,"potions_floor_spawned":[2,6,10],"killed_by":"Slime Boss","ascension_level":1}