{"gold_per_floor":[113,127,127,202,132,161,171,191,191,210,235,235,15,34,34,136,136,123,123,123,136,0],"floor_reached":22,"playtime":2459,"items_purged":[],"score":206,"play_id":"08688183-aa7f-4031-9744-1fae18449bef","local_time":"20190522211655","is_ascension_mode":true,"campfire_choices":[{"floor":12.0,"key":"REST"},{"floor":15.0,"key":"REST"}],"neow_cost":"NONE","seed_source_timestamp":0,"circlet_count":0,"master_deck":["Defend_G","Defend_G","Defend_G","Defend_G","Strike_G","Strike_G","Strike_G","Strike_G","Strike_G","Survivor","Neutralize","Flying Knee","Quick Slash","Accuracy","Outmaneuver","Well Laid Plans","Sucker Punch","Caltrops","Noxious Fumes","Burst","Flying Knee","Deadly Poison"],"special_seed":0,"relics":["Busted Crown","Ninja Scroll","Regal Pillow","Anchor","HoveringKite"],"potions_floor_usage":[],"damage_taken":[{"damage":3.0,"enemies":"Jaw Worm","floor":1.0,"turns":3.0},{"damage":0.0,"enemies":"2 Louse","floor":2.0,"turns":2.0},{"damage":22.0,"enemies":"Lagavulin","floor":6.0,"turns":8.0},{"damage":0.0,"enemies":"Cultist","floor":7.0,"turns":3.0},{"damage":0.0,"enemies":"Looter","floor":8.0,"turns":3.0},{"damage":0.0,"enemies":"3 Louse","floor":10.0,"turns":4.0},{"damage":32.0,"enemies":"Gremlin Nob","floor":11.0,"turns":6.0},{"damage":0.0,"enemies":"Exordium Thugs","floor":14.0,"turns":4.0},{"damage":59.0,"enemies":"Slime Boss","floor":16.0,"turns":12.0},{"damage":10.0,"enemies":"2 Thieves","floor":18.0,"turns":4.0},{"damage":35,"enemies":"Shell Parasite","floor":21,"turns":10},{"damage":0,"enemies":"Shell Parasite","floor":22,"turns":1}],"seed_played":"3326333266530984824","potions_obtained":[{"floor":7.0,"key":"Poison Potion"},{"floor":8.0,"key":"Block Potion"},{"floor":10.0,"key":"SkillPotion"},{"floor":11.0,"key":"Strength Potion"},{"floor":21,"key":"FearPotion"}],"is_trial":false,"path_per_floor":["M","M","?","?","$","E","M","M","T","M","E","R","$","M","R","B",null,"M","?","?","M","?"],"character_chosen":"THE_SILENT","items_purchased":["Accuracy","Noxious Fumes","Anchor"],"campfire_rested":2,"item_purchase_floors":[5,13,13],"current_hp_per_floor":[67,67,67,56,56,34,34,34,34,34,2,38,38,38,70,11,70,60,47,47,12,12],"gold":0,"neow_bonus":"BOSS_RELIC","is_prod":false,"is_daily":false,"chose_seed":false,"campfire_upgraded":0,"win_rate":0,"timestamp":1558574215,"path_taken":["M","M","?","?","$","E","M","M","T","M","E","R","$","M","R","BOSS","M","?","?","?","?"],"build_version":"2019-01-23","purchased_purges":0,"victory":false,"max_hp_per_floor":[70,70,70,70,70,70,70,70,70,70,70,70,70,70,70,70,70,70,75,75,75,75],"card_choices":[{"not_picked":[],"picked":"Flying Knee","floor":1.0},{"not_picked":[],"picked":"Quick Slash","floor":2.0},{"not_picked":[],"picked":"Outmaneuver","floor":6.0},{"not_picked":["Heel Hook"],"picked":"SKIP","floor":7.0},{"not_picked":[],"picked":"Well Laid Plans","floor":8.0},{"not_picked":[],"picked":"Sucker Punch","floor":10.0},{"not_picked":[],"picked":"Caltrops","floor":11.0},{"not_picked":["Well Laid Plans"],"picked":"SKIP","floor":14.0},{"not_picked":[],"picked":"Burst","floor":16.0},{"not_picked":[],"picked":"Flying Knee","floor":18.0},{"not_picked":[],"picked":"Deadly Poison","floor":21}],"player_experience":361748,"relics_obtained":[{"floor":6.0,"key":"Ninja Scroll"},{"floor":11.0,"key":"Regal Pillow"}],"event_choices":[{"damage_healed":0.0,"max_hp_gain":0.0,"max_hp_loss":0.0,"gold_gain":0.0,"event_name":"Golden Wing","player_choice":"Ignored","floor":3.0,"gold_loss":0.0,"damage_taken":0.0},{"damage_healed":0.0,"max_hp_gain":0.0,"max_hp_loss":0.0,"gold_gain":75.0,"event_name":"World of Goop","player_choice":"Gather Gold","floor":4.0,"gold_loss":0.0,"damage_taken":11.0},{"damage_healed":0.0,"max_hp_gain":5.0,"max_hp_loss":0.0,"gold_gain":0.0,"event_name":"Forgotten Altar","player_choice":"Shed Blood","floor":19.0,"gold_loss":0.0,"damage_taken":18.0},{"cards_removed":["Defend_G"],"damage_healed":0.0,"max_hp_gain":0.0,"max_hp_loss":0.0,"gold_gain":0.0,"event_name":"Purifier","player_choice":"Purged","floor":20.0,"gold_loss":0.0,"damage_taken":0.0},{"damage_healed":0,"gold_gain":0,"player_choice":"Paid Fearfully","damage_taken":0,"max_hp_gain":0,"max_hp_loss":0,"event_name":"Masked Bandits","floor":22,"gold_loss":136}],"is_beta":false,"boss_relics":[{"not_picked":["Coffee Dripper","Ectoplasm"],"picked":"HoveringKite"}],"items_purged_floors":[],"is_endless":false,"potions_floor_spawned":[7,8,10,11,21],"killed_by":"Shell Parasite","ascension_level":1}