{"gold_per_floor":[109,109,109,127,137,168,168,197,197,210,310,310,330,341,341,443,443,462,462,482,482,482,482,122,122,122,137,157,171,188,203,203,301,301,320,320,320,339,414,414,428,428],"floor_reached":42,"playtime":2831,"items_purged":[],"score":549,"play_id":"ddf49ad8-6b12-4072-ad6a-e9e42eab44f9","local_time":"20181117033953","is_ascension_mode":true,"campfire_choices":[{"data":"Metallicize","floor":7.0,"key":"SMITH"},{"floor":12.0,"key":"REST"},{"data":"Feed","floor":15.0,"key":"SMITH"},{"data":"Iron Wave","floor":23.0,"key":"SMITH"},{"data":"Iron Wave","floor":25.0,"key":"SMITH"},{"floor":32.0,"key":"REST"},{"data":"Demon Form","floor":40,"key":"SMITH"}],"neow_cost":"NONE","seed_source_timestamp":0,"circlet_count":0,"master_deck":["Strike_R","Strike_R","Strike_R","Strike_R","Strike_R","Defend_R","Defend_R","Defend_R","Defend_R","Bash","Iron Wave+1","Demon Form+1","Thunderclap","Metallicize+1","Iron Wave+1","Feed+1","Heavy Blade","Barricade+1","Infernal Blade","Whirlwind+1","Fire Breathing+1","Mayhem+1","Flame Barrier+1","Reaper","Madness","Madness","Clothesline+1"],"special_seed":0,"relics":["Burning Blood","Kunai","Nunchaku","Happy Flower","Frozen Egg 2","Orrery","Strawberry","Omamori","Oddly Smooth Stone","Cursed Key"],"potions_floor_usage":[41,42,42],"damage_taken":[{"damage":5.0,"enemies":"2 Louse","floor":1.0,"turns":3.0},{"damage":0.0,"enemies":"Cultist","floor":4.0,"turns":4.0},{"damage":7.0,"enemies":"Jaw Worm","floor":5.0,"turns":3.0},{"damage":25.0,"enemies":"Gremlin Nob","floor":6.0,"turns":4.0},{"damage":38.0,"enemies":"3 Sentries","floor":8.0,"turns":9.0},{"damage":1.0,"enemies":"Gremlin Gang","floor":10.0,"turns":5.0},{"damage":17.0,"enemies":"Exordium Wildlife","floor":13.0,"turns":4.0},{"damage":10.0,"enemies":"Lots of Slimes","floor":14.0,"turns":3.0},{"damage":20.0,"enemies":"The Guardian","floor":16.0,"turns":9.0},{"damage":40.0,"enemies":"2 Thieves","floor":18.0,"turns":4.0},{"damage":21.0,"enemies":"Colosseum Slavers","floor":19.0,"turns":6.0},{"damage":27.0,"enemies":"Shell Parasite","floor":20.0,"turns":12.0},{"damage":28.0,"enemies":"Shelled Parasite and Fungi","floor":27.0,"turns":7.0},{"damage":7.0,"enemies":"Centurion and Healer","floor":28.0,"turns":8.0},{"damage":16.0,"enemies":"Cultist and Chosen","floor":29.0,"turns":7.0},{"damage":32.0,"enemies":"Shelled Parasite and Fungi","floor":30.0,"turns":10.0},{"damage":10.0,"enemies":"Snecko","floor":31.0,"turns":4.0},{"damage":16.0,"enemies":"Champ","floor":33.0,"turns":12.0},{"damage":0,"enemies":"3 Shapes","floor":35,"turns":1},{"damage":35,"enemies":"Orb Walker","floor":38,"turns":6},{"damage":41,"enemies":"4 Shapes","floor":41,"turns":7},{"damage":63,"enemies":"Transient","floor":42,"turns":4}],"seed_played":"-6418484701898062880","potions_obtained":[{"floor":0.0,"key":"SmokeBomb"},{"floor":0.0,"key":"AttackPotion"},{"floor":0.0,"key":"SneckoOil"},{"floor":5.0,"key":"Strength Potion"},{"floor":6.0,"key":"SpeedPotion"},{"floor":10.0,"key":"LiquidBronze"},{"floor":13.0,"key":"Dexterity Potion"},{"floor":14.0,"key":"AttackPotion"},{"floor":20.0,"key":"GamblersBrew"},{"floor":28.0,"key":"Dexterity Potion"},{"floor":30.0,"key":"Strength Potion"},{"floor":33.0,"key":"BloodPotion"},{"floor":35,"key":"GamblersBrew"},{"floor":41,"key":"Explosive Potion"}],"is_trial":false,"path_per_floor":["M","?","$","M","M","E","R","E","T","M","?","R","M","M","R","B",null,"M","?","M","?","?","R","$","R","T","M","M","M","M","M","R","B",null,"M","?","?","M","?","R","M","M"],"character_chosen":"IRONCLAD","items_purchased":["Fire Breathing+1","Omamori","Mayhem+1"],"campfire_rested":2,"item_purchase_floors":[24,24,24],"current_hp_per_floor":[80,80,80,80,79,60,60,28,28,33,33,57,46,45,45,31,83,53,42,25,56,63,63,63,63,63,45,44,38,12,8,41,31,110,110,96,96,69,58,58,54,0],"gold":428,"neow_bonus":"THREE_SMALL_POTIONS","is_prod":false,"is_daily":false,"chose_seed":false,"campfire_upgraded":5,"win_rate":0,"timestamp":1542443993,"path_taken":["M","?","?","?","?","E","R","E","T","M","?","R","M","?","R","BOSS","M","?","M","?","?","R","$","R","T","M","M","M","?","?","R","BOSS","M","?","?","M","?","R","M","?"],"build_version":"2018-11-15","purchased_purges":0,"victory":false,"max_hp_per_floor":[80,80,80,80,80,80,80,80,80,80,80,80,80,83,83,83,83,87,91,95,95,102,102,102,102,102,106,106,110,110,110,110,110,110,110,110,110,110,110,110,114,114],"card_choices":[{"not_picked":["Dual Wield","Thunderclap"],"picked":"Iron Wave","floor":1.0},{"not_picked":["Shrug It Off","Warcry"],"picked":"Demon Form","floor":4.0},{"not_picked":["Twin Strike","Pommel Strike"],"picked":"Thunderclap","floor":5.0},{"not_picked":["Flex","Warcry"],"picked":"Metallicize","floor":6.0},{"not_picked":["Burning Pact","Havoc","Flex"],"picked":"SKIP","floor":8.0},{"not_picked":["Shrug It Off","Sword Boomerang"],"picked":"Iron Wave","floor":10.0},{"not_picked":["Infernal Blade","Spot Weakness"],"picked":"Feed","floor":13.0},{"not_picked":["Blood for Blood","Armaments"],"picked":"Heavy Blade","floor":14.0},{"not_picked":["Feed","Juggernaut+1"],"picked":"Barricade+1","floor":16.0},{"not_picked":["True Grit","Perfected Strike"],"picked":"Infernal Blade","floor":17.0},{"not_picked":["True Grit+1","Sword Boomerang"],"picked":"Whirlwind+1","floor":18.0},{"not_picked":["Cleave","Headbutt","Heavy Blade"],"picked":"SKIP","floor":20.0},{"not_picked":["Searing Blow+1","Bludgeon","Armaments"],"picked":"SKIP","floor":27.0},{"not_picked":["Pommel Strike","Thunderclap+1","Perfected Strike"],"picked":"SKIP","floor":28.0},{"not_picked":["Sentinel","Heavy Blade"],"picked":"Flame Barrier+1","floor":29.0},{"not_picked":["Heavy Blade","Thunderclap+1","Warcry"],"picked":"SKIP","floor":30.0},{"not_picked":["Sentinel","Anger+1","Searing Blow"],"picked":"SKIP","floor":31.0},{"not_picked":["Sentinel","Anger+1","Searing Blow"],"picked":"SKIP","floor":31.0},{"not_picked":["Berserk+1","Barricade+1"],"picked":"Reaper","floor":33.0},{"not_picked":["Blood for Blood+1","Clothesline+1","Thunderclap"],"picked":"SKIP","floor":35},{"not_picked":["Warcry","Pommel Strike","Perfected Strike"],"picked":"SKIP","floor":38},{"not_picked":["Headbutt","Shockwave"],"picked":"Clothesline+1","floor":41}],"player_experience":473028,"relics_obtained":[{"floor":6.0,"key":"Nunchaku"},{"floor":8.0,"key":"Happy Flower"},{"floor":9.0,"key":"Frozen Egg 2"},{"floor":26.0,"key":"Oddly Smooth Stone"}],"event_choices":[{"damage_healed":0.0,"max_hp_gain":0.0,"max_hp_loss":0.0,"gold_gain":0.0,"event_name":"WeMeetAgain","player_choice":"Gave Potion","floor":2.0,"gold_loss":0.0,"damage_taken":0.0,"relics_obtained":["Kunai"]},{"damage_healed":0.0,"max_hp_gain":0.0,"max_hp_loss":0.0,"gold_gain":100.0,"event_name":"Wheel of Change","player_choice":"Gold","floor":11.0,"gold_loss":0.0,"damage_taken":0.0},{"damage_healed":0.0,"max_hp_gain":0.0,"max_hp_loss":0.0,"gold_gain":0.0,"event_name":"Colosseum","player_choice":"Fight","floor":19.0,"gold_loss":0.0,"damage_taken":0.0},{"damage_healed":0.0,"max_hp_gain":0.0,"max_hp_loss":0.0,"gold_gain":0.0,"event_name":"Colosseum","player_choice":"Fled From Nobs","floor":19.0,"gold_loss":0.0,"damage_taken":0.0},{"damage_healed":31.0,"max_hp_gain":0.0,"max_hp_loss":0.0,"gold_gain":0.0,"event_name":"The Library","player_choice":"Heal","floor":21.0,"gold_loss":0.0,"damage_taken":0.0},{"damage_healed":0.0,"max_hp_gain":0.0,"max_hp_loss":0.0,"gold_gain":0.0,"event_name":"The Mausoleum","player_choice":"Opened","floor":22.0,"gold_loss":0.0,"damage_taken":0.0,"relics_obtained":["Strawberry"]},{"damage_healed":0,"gold_gain":0,"player_choice":"Embrace Madness","damage_taken":14,"max_hp_gain":0,"max_hp_loss":0,"event_name":"Winding Halls","floor":36,"gold_loss":0,"cards_obtained":["Madness","Madness"]},{"damage_healed":0,"gold_gain":0,"player_choice":"Ignored","damage_taken":0,"max_hp_gain":0,"max_hp_loss":0,"event_name":"Tomb of Lord Red Mask","floor":37,"gold_loss":0},{"damage_healed":0,"gold_gain":75,"player_choice":"Touch","damage_taken":11,"max_hp_gain":0,"max_hp_loss":0,"event_name":"FaceTrader","floor":39,"gold_loss":0}],"is_beta":true,"boss_relics":[{"not_picked":["Pandora\u0027s Box","Philosopher\u0027s Stone"],"picked":"Orrery"},{"not_picked":["Snecko Eye","Sozu"],"picked":"Cursed Key"}],"items_purged_floors":[],"is_endless":false,"potions_floor_spawned":[5,6,10,13,14,19,20,28,30,33,35,41],"killed_by":"Transient","ascension_level":3}