{"gold_per_floor":[111,61,72,130,150,150,185,185,185,41,56,76,108,108,108,212,212,230,130,140,65,79,79,107,127,127,147,162,162,187,205,205,304,304,324,341,360,360,373,373,390,415,415,432,6,16,0,19,19,19],"floor_reached":51,"playtime":4933,"items_purged":["Strike_B","Defend_B","Defend_B"],"score":893,"play_id":"8d7e7ae5-ec54-47b8-83a8-d02a96865dbb","local_time":"20190726152003","is_ascension_mode":true,"campfire_choices":[{"data":"Electrodynamics","floor":6,"key":"SMITH"},{"data":"Zap","floor":8,"key":"SMITH"},{"floor":15,"key":"REST"},{"data":"Buffer","floor":23,"key":"SMITH"},{"floor":32,"key":"REST"},{"data":"Creative AI","floor":40,"key":"SMITH"},{"floor":49,"key":"REST"}],"neow_cost":"NONE","seed_source_timestamp":443542255429146,"circlet_count":0,"master_deck":["Strike_B","Strike_B","Defend_B","Zap+1","Dualcast","Meteor Strike","Go for the Eyes","Ball Lightning","Electrodynamics+1","Lockon","Storm","Sweeping Beam","Leap+1","Buffer+1","Steam+1","Genetic Algorithm","Undo","Creative AI+1","Reprogram","Auto Shields+1","Defragment","Conserve Battery+1","Loop","Capacitor","Beam Cell+1","Static Discharge"],"relics":["Cracked Core","Prayer Wheel","Singing Bowl","Odd Mushroom","StoneCalendar","Nuclear Battery","Vajra","Mercury Hourglass","Ancient Tea Set","Gambling Chip","Philosopher\u0027s Stone","Letter Opener","Bottled Flame","Art of War","Red Mask"],"potions_floor_usage":[7,7,16,18,28,30,42,44,46,50,50],"damage_taken":[{"damage":2,"enemies":"2 Louse","floor":1,"turns":3},{"damage":6,"enemies":"Jaw Worm","floor":3,"turns":3},{"damage":1,"enemies":"Cultist","floor":5,"turns":3},{"damage":4,"enemies":"3 Sentries","floor":7,"turns":2},{"damage":8,"enemies":"Exordium Wildlife","floor":11,"turns":3},{"damage":0,"enemies":"The Mushroom Lair","floor":12,"turns":2},{"damage":14,"enemies":"Gremlin Nob","floor":13,"turns":3},{"damage":16,"enemies":"Hexaghost","floor":16,"turns":8},{"damage":0,"enemies":"3 Byrds","floor":18,"turns":2},{"damage":0,"enemies":"Chosen","floor":20,"turns":3},{"damage":0,"enemies":"Snake Plant","floor":22,"turns":3},{"damage":0,"enemies":"Slavers","floor":24,"turns":3},{"damage":14,"enemies":"Snecko","floor":25,"turns":6},{"damage":15,"enemies":"Centurion and Healer","floor":27,"turns":3},{"damage":0,"enemies":"3 Cultists","floor":28,"turns":4},{"damage":29,"enemies":"Book of Stabbing","floor":30,"turns":6},{"damage":0,"enemies":"Cultist and Chosen","floor":31,"turns":4},{"damage":15,"enemies":"Champ","floor":33,"turns":11},{"damage":0,"enemies":"3 Darklings","floor":35,"turns":4},{"damage":0,"enemies":"3 Shapes","floor":36,"turns":3},{"damage":1,"enemies":"Sphere and 2 Shapes","floor":37,"turns":3},{"damage":5,"enemies":"Spire Growth","floor":39,"turns":6},{"damage":0,"enemies":"Transient","floor":41,"turns":5},{"damage":19,"enemies":"Reptomancer","floor":42,"turns":6},{"damage":14,"enemies":"Sphere and 2 Shapes","floor":44,"turns":3},{"damage":0,"enemies":"Spire Growth","floor":46,"turns":4},{"damage":18,"enemies":"Jaw Worm Horde","floor":48,"turns":4},{"damage":47,"enemies":"Time Eater","floor":50,"turns":10}],"seed_played":"7950689985470487610","potions_obtained":[{"floor":1,"key":"Explosive Potion"},{"floor":5,"key":"Energy Potion"},{"floor":13,"key":"SkillPotion"},{"floor":16,"key":"PowerPotion"},{"floor":22,"key":"Fire Potion"},{"floor":25,"key":"GamblersBrew"},{"floor":28,"key":"SkillPotion"},{"floor":31,"key":"SteroidPotion"},{"floor":41,"key":"GamblersBrew"},{"floor":42,"key":"LiquidBronze"},{"floor":46,"key":"Strength Potion"}],"is_trial":false,"path_per_floor":["M","?","M","?","M","R","E","R","T","$","M","?","E","?","R","B",null,"M","$","M","?","M","R","E","M","T","M","M","?","E","M","R","B",null,"M","M","M","?","M","R","M","E","T","M","$","M","?","M","R","B",null],"character_chosen":"DEFECT","items_purchased":["Storm","Static Discharge","Art of War","GamblersBrew"],"campfire_rested":3,"item_purchase_floors":[10,45,45,45],"current_hp_per_floor":[73,73,67,67,66,66,62,62,62,62,56,56,44,44,67,51,79,81,81,83,83,87,87,87,75,75,62,64,64,35,39,68,55,99,101,101,102,104,101,101,105,88,88,76,76,78,78,62,97,50],"gold":19,"neow_bonus":"ONE_RANDOM_RARE_CARD","is_prod":false,"is_daily":false,"chose_seed":false,"campfire_upgraded":4,"win_rate":0,"timestamp":1564172403,"path_taken":["M","?","M","?","M","R","E","R","T","$","M","?","E","?","R","BOSS","M","?","M","?","M","R","E","M","T","M","M","?","E","?","R","BOSS","M","?","M","?","M","R","M","E","T","M","$","M","?","M","R","BOSS"],"build_version":"2019-07-17","purchased_purges":3,"victory":true,"max_hp_per_floor":[75,75,75,75,75,75,75,75,75,75,77,77,79,79,79,79,79,81,81,83,83,87,87,87,89,89,91,93,93,93,97,97,99,99,101,101,103,105,107,107,111,113,113,115,115,117,117,119,119,119],"card_choices":[{"not_picked":["Reinforced Body","Turbo"],"picked":"Go for the Eyes","floor":1},{"not_picked":["Barrage","Chaos"],"picked":"Ball Lightning","floor":3},{"not_picked":["Steam","Hello World"],"picked":"Electrodynamics","floor":5},{"not_picked":["Stack","Rebound"],"picked":"Lockon","floor":7},{"not_picked":["Gash","Stack"],"picked":"Sweeping Beam","floor":11},{"not_picked":["Glacier","Go for the Eyes","Streamline"],"picked":"Singing Bowl","floor":11},{"not_picked":["Beam Cell","Cold Snap"],"picked":"Leap","floor":12},{"not_picked":["Blizzard","All For One","Coolheaded"],"picked":"Singing Bowl","floor":13},{"not_picked":["Meteor Strike","Amplify"],"picked":"Buffer","floor":16},{"not_picked":["Stack","Cold Snap+1","Streamline"],"picked":"Singing Bowl","floor":18},{"not_picked":["Storm+1","Sunder"],"picked":"Steam+1","floor":18},{"not_picked":["Go for the Eyes","Sunder+1","Scrape"],"picked":"Singing Bowl","floor":20},{"not_picked":["Go for the Eyes","Sweeping Beam","Creative AI"],"picked":"SKIP","floor":20},{"not_picked":["Rip and Tear","Hologram+1","Stack"],"picked":"Singing Bowl","floor":22},{"not_picked":["Hologram","Steam","Force Field"],"picked":"SKIP","floor":22},{"not_picked":["Hologram","Steam","Force Field"],"picked":"Singing Bowl","floor":22},{"not_picked":["Rebound+1","Sweeping Beam"],"picked":"Genetic Algorithm","floor":24},{"not_picked":["Cold Snap","Lockon","Rebound"],"picked":"Singing Bowl","floor":25},{"not_picked":["Self Repair","Cold Snap"],"picked":"Undo","floor":25},{"not_picked":["Cold Snap+1","Sunder","Go for the Eyes"],"picked":"Singing Bowl","floor":27},{"not_picked":["Compile Driver+1","Rip and Tear"],"picked":"Creative AI","floor":27},{"not_picked":["Steam+1","Sweeping Beam+1"],"picked":"Reprogram","floor":28},{"not_picked":["Streamline","Redo","Leap"],"picked":"Singing Bowl","floor":28},{"not_picked":["Beam Cell+1","Reprogram"],"picked":"Auto Shields+1","floor":30},{"not_picked":["Doom and Gloom+1","Coolheaded","Cold Snap"],"picked":"Singing Bowl","floor":31},{"not_picked":["Auto Shields","Turbo+1","Steam+1"],"picked":"Singing Bowl","floor":31},{"not_picked":["Multi-Cast","Meteor Strike","Echo Form"],"picked":"Singing Bowl","floor":33},{"not_picked":["Compile Driver+1","Chill+1","Streamline"],"picked":"Singing Bowl","floor":35},{"not_picked":["Compile Driver","Aggregate","Ball Lightning+1"],"picked":"SKIP","floor":35},{"not_picked":["Go for the Eyes","Buffer"],"picked":"Defragment","floor":36},{"not_picked":["Darkness","Leap+1"],"picked":"Conserve Battery+1","floor":36},{"not_picked":["Rip and Tear","Ball Lightning+1","Chill+1"],"picked":"Singing Bowl","floor":37},{"not_picked":["White Noise+1","Barrage"],"picked":"Loop","floor":37},{"not_picked":["Good Instincts","Jack Of All Trades","Mayhem"],"picked":"Singing Bowl","floor":38},{"not_picked":["Turbo+1","Ball Lightning+1"],"picked":"Capacitor","floor":39},{"not_picked":["Coolheaded+1","FTL+1","Reinforced Body"],"picked":"Singing Bowl","floor":39},{"not_picked":["Ball Lightning+1","White Noise+1","Sweeping Beam+1"],"picked":"Singing Bowl","floor":41},{"not_picked":["Gash","Chill","Self Repair"],"picked":"Singing Bowl","floor":41},{"not_picked":["Lockon+1","Hello World","Turbo+1"],"picked":"Singing Bowl","floor":42},{"not_picked":["Streamline+1","Rip and Tear"],"picked":"Beam Cell+1","floor":44},{"not_picked":["Rebound+1","Stack","Ball Lightning+1"],"picked":"Singing Bowl","floor":44},{"not_picked":["Go for the Eyes+1","Melter+1","Gash"],"picked":"Singing Bowl","floor":46},{"not_picked":["Barrage","Ball Lightning+1","Rebound"],"picked":"SKIP","floor":46},{"not_picked":["Amplify","Beam Cell+1","Redo+1"],"picked":"Singing Bowl","floor":48},{"not_picked":["Barrage+1","Gash","Leap"],"picked":"SKIP","floor":48}],"player_experience":263800,"relics_obtained":[{"floor":7,"key":"Prayer Wheel"},{"floor":9,"key":"Singing Bowl"},{"floor":12,"key":"Odd Mushroom"},{"floor":13,"key":"StoneCalendar"},{"floor":24,"key":"Vajra"},{"floor":26,"key":"Mercury Hourglass"},{"floor":30,"key":"Gambling Chip"},{"floor":42,"key":"Letter Opener"},{"floor":43,"key":"Bottled Flame"}],"event_choices":[{"cards_removed":["Strike_B"],"damage_healed":0,"gold_gain":0,"player_choice":"Card Removal","damage_taken":0,"max_hp_gain":0,"max_hp_loss":0,"event_name":"The Cleric","floor":2,"gold_loss":50},{"damage_healed":0,"gold_gain":58,"player_choice":"Gained Gold","damage_taken":0,"max_hp_gain":0,"max_hp_loss":0,"event_name":"Golden Wing","floor":4,"gold_loss":0},{"damage_healed":0,"gold_gain":0,"player_choice":"Fought Mushrooms","damage_taken":0,"max_hp_gain":0,"max_hp_loss":0,"event_name":"Mushrooms","floor":12,"gold_loss":0},{"damage_healed":0,"gold_gain":0,"player_choice":"Forge","damage_taken":0,"max_hp_gain":0,"max_hp_loss":0,"event_name":"Accursed Blacksmith","floor":14,"gold_loss":0,"cards_upgraded":["Leap"]},{"cards_removed":["Defend_B"],"damage_healed":0,"gold_gain":0,"player_choice":"Gave Gold","damage_taken":0,"max_hp_gain":0,"max_hp_loss":0,"event_name":"Beggar","floor":21,"gold_loss":75},{"damage_healed":0,"gold_gain":0,"player_choice":"Gave Potion","damage_taken":0,"relics_obtained":["Ancient Tea Set"],"max_hp_gain":0,"max_hp_loss":0,"event_name":"WeMeetAgain","floor":29,"gold_loss":0},{"damage_healed":0,"gold_gain":0,"player_choice":"Memory 1","damage_taken":0,"max_hp_gain":0,"max_hp_loss":0,"event_name":"SensoryStone","floor":38,"gold_loss":0},{"damage_healed":0,"gold_gain":0,"player_choice":"Paid","damage_taken":0,"relics_obtained":["Red Mask"],"max_hp_gain":0,"max_hp_loss":0,"event_name":"Tomb of Lord Red Mask","floor":47,"gold_loss":16}],"is_beta":false,"boss_relics":[{"not_picked":["Pandora\u0027s Box","Calling Bell"],"picked":"Nuclear Battery"},{"not_picked":["Busted Crown","FrozenCore"],"picked":"Philosopher\u0027s Stone"}],"items_purged_floors":[10,19,45],"is_endless":false,"potions_floor_spawned":[1,5,13,16,22,25,28,31,41,42,46],"ascension_level":1}