{"gold_per_floor":[114,114,39,59,36,69,69,69,69,85,85,95,120,132,132,232,232,252,252,252,104,124,124,159,159,159,187,187],"floor_reached":28,"playtime":1303,"items_purged":["Regret"],"score":315,"play_id":"b54922d5-d3af-443f-9abd-0cca9029e2c2","local_time":"20190616200902","is_ascension_mode":true,"campfire_choices":[{"floor":8.0,"key":"RECALL"},{"floor":11.0,"key":"REST"},{"floor":15.0,"key":"REST"},{"data":"1","floor":23,"key":"LIFT"},{"floor":25,"key":"REST"}],"neow_cost":"PERCENT_DAMAGE","seed_source_timestamp":83797190445400,"circlet_count":0,"master_deck":["Strike_B","Strike_B","Strike_B","Defend_B","Defend_B","Defend_B","Zap","Dualcast","Conserve Battery","Cold Snap","Coolheaded","Cold Snap","Barrage","Storm","Heatsinks","Defragment","Coolheaded","Electrodynamics","Redo","Sunder","Static Discharge","Beam Cell","Loop","Melter"],"special_seed":0,"relics":["Cracked Core","Happy Flower","Cables","Oddly Smooth Stone","Girya","Empty Cage","The Courier","Regal Pillow"],"potions_floor_usage":[24,24,24,27],"damage_taken":[{"damage":3.0,"enemies":"Jaw Worm","floor":1.0,"turns":4.0},{"damage":1.0,"enemies":"Cultist","floor":4.0,"turns":4.0},{"damage":25.0,"enemies":"Lagavulin","floor":6.0,"turns":14.0},{"damage":4.0,"enemies":"Small Slimes","floor":10.0,"turns":3.0},{"damage":9.0,"enemies":"2 Fungi Beasts","floor":12.0,"turns":3.0},{"damage":9.0,"enemies":"3 Sentries","floor":13.0,"turns":8.0},{"damage":3.0,"enemies":"Blue Slaver","floor":14.0,"turns":3.0},{"damage":31.0,"enemies":"Slime Boss","floor":16.0,"turns":18.0},{"damage":6.0,"enemies":"Chosen","floor":18.0,"turns":4.0},{"damage":16,"enemies":"Spheric Guardian","floor":22,"turns":4},{"damage":31,"enemies":"Slavers","floor":24,"turns":3},{"damage":27,"enemies":"Book of Stabbing","floor":27,"turns":5},{"damage":21,"enemies":"Cultist and Chosen","floor":28,"turns":3}],"seed_played":"-3372509966677499149","potions_obtained":[{"floor":1.0,"key":"GamblersBrew"},{"floor":12.0,"key":"SpeedPotion"},{"floor":13.0,"key":"Swift Potion"},{"floor":22,"key":"FocusPotion"},{"floor":24,"key":"AttackPotion"}],"is_trial":false,"path_per_floor":["M","?","$","M","$","E","?","R","T","M","R","M","E","M","R","B",null,"M","?","?","$","M","R","E","R","T","E","M"],"character_chosen":"DEFECT","items_purchased":["Coolheaded","Sunder","Static Discharge"],"campfire_rested":3,"item_purchase_floors":[5,21,21],"current_hp_per_floor":[65,65,65,64,64,39,39,39,39,35,61,52,43,40,66,35,89,83,66,66,66,50,50,19,47,47,20,0],"gold":187,"neow_bonus":"TWENTY_PERCENT_HP_BONUS","is_prod":false,"is_daily":false,"chose_seed":false,"campfire_upgraded":0,"win_rate":0,"timestamp":1560730142,"path_taken":["M","?","$","M","$","E","?","R","T","?","R","M","E","M","R","BOSS","M","?","?","$","M","R","E","R","T","E","M"],"build_version":"2019-01-23","purchased_purges":1,"victory":false,"max_hp_per_floor":[89,89,89,89,89,89,89,89,89,89,89,89,89,89,89,89,89,89,94,94,94,94,94,94,94,94,94,94],"card_choices":[{"not_picked":["FTL","Stack"],"picked":"Conserve Battery","floor":1.0},{"not_picked":["Redo","Leap"],"picked":"Cold Snap","floor":4.0},{"not_picked":["Compile Driver","Rebound"],"picked":"Cold Snap","floor":6.0},{"not_picked":["Streamline","Turbo"],"picked":"Storm","floor":10.0},{"not_picked":["Force Field","Turbo"],"picked":"Heatsinks","floor":12.0},{"not_picked":["Ball Lightning","Steam Power"],"picked":"Defragment","floor":13.0},{"not_picked":["Compile Driver","Hologram"],"picked":"Coolheaded","floor":14.0},{"not_picked":["Buffer","Creative AI"],"picked":"Electrodynamics","floor":16.0},{"not_picked":["Coolheaded+1","Leap"],"picked":"Redo","floor":18.0},{"not_picked":["Barrage+1","Stack"],"picked":"Beam Cell","floor":22},{"not_picked":["Hyperbeam","Scrape+1"],"picked":"Loop","floor":24},{"not_picked":["Steam Power+1","Genetic Algorithm"],"picked":"Melter","floor":27}],"player_experience":486487,"relics_obtained":[{"floor":6.0,"key":"Cables"},{"floor":9.0,"key":"Oddly Smooth Stone"},{"floor":13.0,"key":"Girya"},{"floor":24,"key":"The Courier"},{"floor":27,"key":"Regal Pillow"}],"event_choices":[{"damage_healed":0.0,"max_hp_gain":0.0,"max_hp_loss":0.0,"gold_gain":0.0,"event_name":"Big Fish","player_choice":"Box","floor":2.0,"gold_loss":0.0,"damage_taken":0.0,"relics_obtained":["Happy Flower"],"cards_obtained":["Regret"]},{"damage_healed":0.0,"max_hp_gain":0.0,"max_hp_loss":0.0,"gold_gain":0.0,"event_name":"Match and Keep!","player_choice":"1 cards matched","floor":7.0,"gold_loss":0.0,"damage_taken":0.0,"cards_obtained":["Barrage"]},{"damage_healed":0.0,"max_hp_gain":5.0,"max_hp_loss":0.0,"gold_gain":0.0,"event_name":"Forgotten Altar","player_choice":"Shed Blood","floor":19.0,"gold_loss":0.0,"damage_taken":22.0},{"damage_healed":0,"gold_gain":0,"player_choice":"Ignored","damage_taken":0,"max_hp_gain":0,"max_hp_loss":0,"event_name":"Beggar","floor":20,"gold_loss":0}],"is_beta":false,"boss_relics":[{"not_picked":["Philosopher\u0027s Stone","Sozu"],"picked":"Empty Cage"}],"items_purged_floors":[3],"is_endless":false,"potions_floor_spawned":[1,12,13,22,24],"killed_by":"Cultist and Chosen","ascension_level":2}