{"gold_per_floor":[119,119,31,31,106,118,38,57,57,57,69,95,111,18,18,92,92,109,33,33],"floor_reached":20,"playtime":698,"items_purged":[],"score":335,"play_id":"206a74a2-bb2b-4a18-ad78-0338ea70b37f","local_time":"20190319142338","is_ascension_mode":true,"campfire_choices":[{"data":"Feel No Pain","floor":10.0,"key":"SMITH"},{"data":"Bludgeon","floor":15,"key":"SMITH"}],"neow_cost":"CURSE","seed_source_timestamp":1304129014323983,"circlet_count":0,"master_deck":["AscendersBane","Strike_R","Strike_R","Strike_R","Strike_R","Strike_R","Defend_R","Defend_R","Defend_R","Defend_R","Bash","Fire Breathing","Feel No Pain+1","Shrug It Off","Exhume","Evolve","Intimidate","Bludgeon+1","Pommel Strike","Barricade","Metallicize","Metallicize"],"special_seed":0,"relics":["Burning Blood","StoneCalendar","Anchor","Pen Nib","Bag of Preparation","White Beast Statue"],"potions_floor_usage":[16,16],"damage_taken":[{"damage":9.0,"enemies":"Jaw Worm","floor":1.0,"turns":6.0},{"damage":7.0,"enemies":"Small Slimes","floor":6.0,"turns":4.0},{"damage":6.0,"enemies":"Cultist","floor":8.0,"turns":4.0},{"damage":5.0,"enemies":"Large Slime","floor":11.0,"turns":7.0},{"damage":21.0,"enemies":"3 Sentries","floor":12.0,"turns":7.0},{"damage":10,"enemies":"Exordium Wildlife","floor":13,"turns":4},{"damage":17,"enemies":"Slime Boss","floor":16,"turns":5},{"damage":45,"enemies":"3 Byrds","floor":18,"turns":7},{"damage":34,"enemies":"Spheric Guardian","floor":20,"turns":5}],"seed_played":"2280272471792142180","potions_obtained":[{"floor":6.0,"key":"Dexterity Potion"},{"floor":13,"key":"EssenceOfSteel"},{"floor":18,"key":"SteroidPotion"}],"is_trial":false,"path_per_floor":["M","?","$","?","?","M","$","M","T","R","M","E","M","?","R","B",null,"M","$","M"],"character_chosen":"IRONCLAD","items_purchased":["Feel No Pain","Exhume","Metallicize"],"campfire_rested":0,"item_purchase_floors":[3,7,19],"current_hp_per_floor":[65,70,70,63,52,51,51,51,51,51,52,37,33,33,33,22,66,27,27,0],"gold":33,"neow_bonus":"ONE_RARE_RELIC","is_prod":false,"is_daily":false,"chose_seed":false,"campfire_upgraded":2,"win_rate":0,"timestamp":1553019818,"path_taken":["M","?","$","?","?","M","?","M","T","R","M","E","M","?","R","BOSS","M","?","M"],"build_version":"2019-03-15","purchased_purges":0,"victory":false,"max_hp_per_floor":[75,80,80,80,80,80,80,80,80,80,80,80,80,80,80,80,80,80,80,80],"card_choices":[{"not_picked":["Pommel Strike","Pummel"],"picked":"Fire Breathing","floor":1.0},{"not_picked":["Pommel Strike","Twin Strike"],"picked":"Shrug It Off","floor":6.0},{"not_picked":["Flex","Thunderclap"],"picked":"Evolve","floor":8.0},{"not_picked":["Twin Strike","Iron Wave"],"picked":"Intimidate","floor":11.0},{"not_picked":["Reckless Charge","Inflame"],"picked":"Bludgeon","floor":12.0},{"not_picked":["Clash","Anger"],"picked":"Pommel Strike","floor":13},{"not_picked":["Berserk","Exhume"],"picked":"Barricade","floor":16},{"not_picked":["Anger+1","Rupture+1"],"picked":"Metallicize","floor":18}],"player_experience":1038578,"relics_obtained":[{"floor":9.0,"key":"Anchor"},{"floor":12.0,"key":"Pen Nib"}],"event_choices":[{"damage_healed":0.0,"max_hp_gain":5.0,"max_hp_loss":0.0,"gold_gain":0.0,"event_name":"Big Fish","player_choice":"Donut","floor":2.0,"gold_loss":0.0,"damage_taken":0.0},{"cards_removed":["Normality"],"damage_healed":0.0,"max_hp_gain":0.0,"max_hp_loss":0.0,"gold_gain":0.0,"event_name":"Golden Wing","player_choice":"Card Removal","floor":4.0,"gold_loss":0.0,"damage_taken":7.0},{"damage_healed":0.0,"max_hp_gain":0.0,"max_hp_loss":0.0,"gold_gain":75.0,"event_name":"World of Goop","player_choice":"Gather Gold","floor":5.0,"gold_loss":0.0,"damage_taken":11.0},{"damage_healed":0,"gold_gain":0,"player_choice":"Paid Gold","damage_taken":0,"relics_obtained":["Bag of Preparation"],"max_hp_gain":0,"max_hp_loss":0,"event_name":"WeMeetAgain","floor":14,"gold_loss":93}],"is_beta":true,"boss_relics":[{"not_picked":["Velvet Choker","Tiny House"],"picked":"White Beast Statue"}],"items_purged_floors":[],"is_endless":false,"potions_floor_spawned":[6,13,18],"killed_by":"Spheric Guardian","ascension_level":19}