{"gold_per_floor":[118,293,50,67,67,93,93,111,136,178,203,228,240,217,229,339,351,383,138,151,169,184,184,203,218,241,241,255,255,266,282,282,382,382,400,54,54,66,66,66,76,128,128,128],"floor_reached":44,"playtime":3120,"items_purged":["Doubt","Strike_R","Strike_R"],"score":424,"play_id":"27fa62e2-5a92-47f5-8d21-4ec7fb42c3f6","local_time":"20190726215512","is_ascension_mode":false,"campfire_choices":[{"data":"Juggernaut","floor":7,"key":"SMITH"},{"data":"Metallicize","floor":13,"key":"SMITH"},{"data":"Corruption","floor":15,"key":"SMITH"},{"data":"Metallicize","floor":23,"key":"SMITH"},{"data":"Armaments","floor":27,"key":"SMITH"},{"data":"Havoc","floor":29,"key":"SMITH"},{"data":"Dark Embrace","floor":32,"key":"SMITH"},{"floor":40,"key":"RECALL"}],"neow_cost":"CURSE","seed_source_timestamp":366588732236632,"circlet_count":0,"master_deck":["Strike_R","Strike_R","Defend_R","Defend_R","Defend_R","Defend_R","Bash","Clumsy","Juggernaut+1","Corruption+1","Shrug It Off","Feel No Pain","Rage","Disarm","Disarm","Thunderclap","Metallicize+1","Bludgeon","Body Slam","Metallicize+1","Pummel","Havoc+1","Metallicize+1","Armaments+1","Second Wind","Dark Embrace+1","Exhume","Infernal Blade","Havoc","Sentinel+1","Secret Weapon","Carnage+1"],"relics":["Burning Blood","Blood Vial","Smiling Mask","MawBank","Shovel","Coffee Dripper","DollysMirror","Oddly Smooth Stone","Philosopher\u0027s Stone","Bird Faced Urn","Girya"],"potions_floor_usage":[11,16,21,22,33,33,42,44,44],"damage_taken":[{"damage":2,"enemies":"2 Louse","floor":1,"turns":4},{"damage":5,"enemies":"Small Slimes","floor":4,"turns":4},{"damage":40,"enemies":"Gremlin Nob","floor":6,"turns":6},{"damage":6,"enemies":"Jaw Worm","floor":8,"turns":3},{"damage":37,"enemies":"3 Sentries","floor":10,"turns":7},{"damage":7,"enemies":"Red Slaver","floor":11,"turns":4},{"damage":15,"enemies":"Large Slime","floor":12,"turns":5},{"damage":30,"enemies":"The Guardian","floor":16,"turns":13},{"damage":6,"enemies":"Chosen","floor":18,"turns":5},{"damage":4,"enemies":"Shell Parasite","floor":20,"turns":8},{"damage":12,"enemies":"Snecko","floor":21,"turns":6},{"damage":15,"enemies":"Shelled Parasite and Fungi","floor":22,"turns":7},{"damage":10,"enemies":"Snake Plant","floor":24,"turns":6},{"damage":7,"enemies":"Centurion and Healer","floor":25,"turns":9},{"damage":12,"enemies":"Shelled Parasite and Fungi","floor":28,"turns":8},{"damage":0,"enemies":"Chosen and Byrds","floor":30,"turns":6},{"damage":2,"enemies":"Cultist and Chosen","floor":31,"turns":6},{"damage":53,"enemies":"Automaton","floor":33,"turns":12},{"damage":3,"enemies":"Orb Walker","floor":35,"turns":3},{"damage":0,"enemies":"3 Darklings","floor":38,"turns":4},{"damage":21,"enemies":"4 Shapes","floor":41,"turns":5},{"damage":61,"enemies":"2 Orb Walkers","floor":42,"turns":6},{"damage":41,"enemies":"Reptomancer","floor":44,"turns":3}],"seed_played":"-4341049303097181919","potions_obtained":[{"floor":1,"key":"Strength Potion"},{"floor":8,"key":"BloodPotion"},{"floor":11,"key":"Fire Potion"},{"floor":12,"key":"GamblersBrew"},{"floor":20,"key":"AttackPotion"},{"floor":21,"key":"Fire Potion"},{"floor":24,"key":"GamblersBrew"},{"floor":33,"key":"LiquidBronze"},{"floor":35,"key":"Ancient Potion"},{"floor":42,"key":"Strength Potion"}],"is_trial":false,"path_per_floor":["M","?","$","M","$","E","R","M","T","E","M","M","R","?","R","B",null,"M","$","M","M","M","R","M","M","T","R","M","R","M","M","R","B",null,"M","$","?","M","?","R","M","?","T","E"],"character_chosen":"IRONCLAD","items_purchased":["Blood Vial","Shrug It Off","DollysMirror","Bird Faced Urn"],"campfire_rested":0,"item_purchase_floors":[3,3,19,36],"current_hp_per_floor":[80,80,80,80,80,46,46,48,48,19,40,33,33,53,53,31,80,80,80,80,74,67,67,65,66,66,66,62,62,70,76,76,31,80,80,80,80,80,80,80,73,34,34,0],"gold":128,"neow_bonus":"THREE_RARE_CARDS","is_prod":false,"is_daily":false,"chose_seed":false,"campfire_upgraded":7,"win_rate":0,"timestamp":1564196112,"path_taken":["M","?","$","M","$","E","R","M","T","E","M","M","R","?","R","BOSS","M","$","M","M","M","R","M","M","T","R","M","R","M","M","R","BOSS","M","$","?","?","?","R","M","?","T","E"],"build_version":"2019-07-17","purchased_purges":3,"victory":false,"max_hp_per_floor":[80,80,80,80,80,80,80,80,80,80,80,80,80,80,80,80,80,80,80,80,80,80,80,80,80,80,80,80,80,80,80,80,80,80,80,80,80,80,80,80,80,80,80,80],"card_choices":[{"not_picked":["Berserk","Dark Embrace"],"picked":"Juggernaut","floor":0},{"not_picked":["Perfected Strike","Dual Wield"],"picked":"Corruption","floor":1},{"not_picked":["Twin Strike","Clash"],"picked":"Feel No Pain","floor":4},{"not_picked":["Combust","Searing Blow"],"picked":"Rage","floor":6},{"not_picked":["Clash","Body Slam"],"picked":"Disarm","floor":8},{"not_picked":["Flame Barrier","Infernal Blade"],"picked":"Disarm","floor":10},{"not_picked":["Disarm","Dropkick"],"picked":"Thunderclap","floor":11},{"not_picked":["Battle Trance","Pommel Strike"],"picked":"Metallicize","floor":12},{"not_picked":["Limit Break","Feed"],"picked":"Bludgeon","floor":16},{"not_picked":["True Grit","Battle Trance"],"picked":"Body Slam","floor":18},{"not_picked":["Blood for Blood","Anger"],"picked":"Pummel","floor":20},{"not_picked":["Perfected Strike","Clash"],"picked":"Havoc","floor":21},{"not_picked":["Reckless Charge","Pommel Strike+1"],"picked":"Metallicize","floor":22},{"not_picked":["Iron Wave+1","Headbutt"],"picked":"Armaments","floor":24},{"not_picked":["Cleave","Shrug It Off","Twin Strike"],"picked":"SKIP","floor":25},{"not_picked":["Rage","Reckless Charge","Iron Wave"],"picked":"SKIP","floor":28},{"not_picked":["Pommel Strike","Bloodletting"],"picked":"Second Wind","floor":30},{"not_picked":["Warcry","Dropkick"],"picked":"Dark Embrace","floor":31},{"not_picked":["Offering","Dark Embrace"],"picked":"Exhume","floor":33},{"not_picked":["Power Through+1","Shrug It Off"],"picked":"Infernal Blade","floor":35},{"not_picked":["Perfected Strike","Infernal Blade+1"],"picked":"Sentinel+1","floor":38},{"not_picked":["Sadistic Nature","Master of Strategy"],"picked":"Secret Weapon","floor":39},{"not_picked":["Cleave+1","Rampage","Perfected Strike+1"],"picked":"SKIP","floor":41},{"not_picked":["Clothesline+1","Anger"],"picked":"Carnage+1","floor":42}],"player_experience":150311,"relics_obtained":[{"floor":6,"key":"Smiling Mask"},{"floor":9,"key":"MawBank"},{"floor":10,"key":"Shovel"},{"floor":26,"key":"Oddly Smooth Stone"},{"floor":42,"key":"Girya"}],"event_choices":[{"damage_healed":0,"gold_gain":175,"player_choice":"AGREE","damage_taken":0,"max_hp_gain":0,"max_hp_loss":0,"event_name":"Liars Game","floor":2,"gold_loss":0,"cards_obtained":["Doubt"]},{"damage_healed":20,"gold_gain":0,"player_choice":"Healed","damage_taken":0,"max_hp_gain":0,"max_hp_loss":0,"event_name":"The Cleric","floor":14,"gold_loss":35},{"damage_healed":0,"gold_gain":0,"cards_transformed":["Strike_R"],"player_choice":"Transformed","damage_taken":0,"max_hp_gain":0,"max_hp_loss":0,"event_name":"Transmorgrifier","floor":37,"gold_loss":0,"cards_obtained":["Havoc"]},{"damage_healed":0,"gold_gain":0,"player_choice":"Memory 1","damage_taken":0,"max_hp_gain":0,"max_hp_loss":0,"event_name":"SensoryStone","floor":39,"gold_loss":0},{"damage_healed":0,"gold_gain":0,"player_choice":"Fight","damage_taken":0,"max_hp_gain":0,"max_hp_loss":0,"event_name":"Mysterious Sphere","floor":42,"gold_loss":0}],"is_beta":false,"boss_relics":[{"not_picked":["Orrery","Runic Dome"],"picked":"Coffee Dripper"},{"not_picked":["Busted Crown","Velvet Choker"],"picked":"Philosopher\u0027s Stone"}],"items_purged_floors":[3,19,36],"is_endless":false,"potions_floor_spawned":[1,8,11,12,20,21,24,33,35,41,42],"killed_by":"Reptomancer","ascension_level":0}