{"gold_per_floor":[118,133,133,146,146,180,197,217,217,217,142,156,156,156,156,259,259,274,274,309,289,289,289],"floor_reached":23,"playtime":1715,"items_purged":["Pain"],"score":191,"play_id":"444ac208-8264-4c00-9b76-b6625258b250","local_time":"20181106090823","is_ascension_mode":false,"campfire_choices":[{"data":"Armaments","floor":10,"key":"SMITH"},{"data":"Shockwave","floor":13,"key":"SMITH"},{"floor":15,"key":"REST"}],"neow_cost":"NONE","seed_source_timestamp":18974519220716,"circlet_count":0,"master_deck":["Strike_R+1","Strike_R","Strike_R","Strike_R","Defend_R","Defend_R","Defend_R","Defend_R","Bash","Battle Trance","Iron Wave+1","Shockwave+1","Armaments+1","Shrug It Off","True Grit","Shrug It Off","Juggernaut","Pummel+1","Necronomicurse","Disarm"],"relics":["Burning Blood","WarpedTongs","Pen Nib","Pantograph","Black Star","Necronomicon","Red Mask","MutagenicStrength"],"potions_floor_usage":[16,16,20,20],"damage_taken":[{"damage":1,"enemies":"Jaw Worm","floor":1,"turns":7},{"damage":0,"enemies":"Small Slimes","floor":2,"turns":4},{"damage":0,"enemies":"Cultist","floor":4,"turns":4},{"damage":41,"enemies":"3 Sentries","floor":6,"turns":10},{"damage":8,"enemies":"2 Fungi Beasts","floor":7,"turns":4},{"damage":28,"enemies":"Exordium Thugs","floor":8,"turns":6},{"damage":5,"enemies":"Large Slime","floor":12,"turns":9},{"damage":37,"enemies":"Slime Boss","floor":16,"turns":18},{"damage":6,"enemies":"Spheric Guardian","floor":18,"turns":5},{"damage":18,"enemies":"Masked Bandits","floor":20,"turns":6},{"damage":22,"enemies":"2 Thieves","floor":21,"turns":5},{"damage":62,"enemies":"Gremlin Leader","floor":23,"turns":11}],"seed_played":"-2321424468519100457","potions_obtained":[{"floor":6,"key":"Explosive Potion"},{"floor":8,"key":"Explosive Potion"},{"floor":12,"key":"EssenceOfSteel"},{"floor":16,"key":"Dexterity Potion"},{"floor":21,"key":"FairyPotion"}],"is_trial":false,"path_per_floor":["M","M","?","M","?","E","M","M","T","R","$","M","R","?","R","B",null,"M","?","?","M","?","E"],"character_chosen":"IRONCLAD","items_purchased":[],"campfire_rested":1,"item_purchase_floors":[],"current_hp_per_floor":[88,88,70,76,76,41,39,17,17,17,17,18,18,11,37,31,88,88,72,60,44,44,0],"gold":289,"neow_bonus":"TEN_PERCENT_HP_BONUS","is_prod":false,"is_daily":false,"chose_seed":false,"campfire_upgraded":2,"win_rate":0,"timestamp":1541513303,"path_taken":["M","M","?","M","?","E","M","?","T","R","$","M","R","?","R","BOSS","M","?","?","M","?","E"],"build_version":"2018-11-05","purchased_purges":1,"victory":false,"max_hp_per_floor":[88,88,88,88,88,88,88,88,88,88,88,88,88,88,88,88,88,88,88,88,88,88,88],"card_choices":[{"not_picked":["Warcry","Headbutt"],"picked":"Battle Trance","floor":1},{"not_picked":["Perfected Strike","Combust"],"picked":"Iron Wave","floor":2},{"not_picked":["Body Slam","Thunderclap"],"picked":"Shockwave","floor":4},{"not_picked":["Ghostly Armor","Anger"],"picked":"Armaments","floor":6},{"not_picked":["Armaments","Anger"],"picked":"Shrug It Off","floor":7},{"not_picked":["Shrug It Off","Headbutt"],"picked":"True Grit","floor":8},{"not_picked":["Iron Wave","Whirlwind"],"picked":"Shrug It Off","floor":12},{"not_picked":["Dark Embrace","Berserk"],"picked":"Juggernaut","floor":16},{"not_picked":["Feel No Pain","Intimidate"],"picked":"Pummel+1","floor":18},{"not_picked":["Twin Strike","True Grit"],"picked":"Disarm","floor":20},{"not_picked":["Clash","Whirlwind","Clothesline+1"],"picked":"SKIP","floor":21}],"player_experience":155795,"relics_obtained":[{"floor":6,"key":"Pen Nib"},{"floor":9,"key":"Pantograph"},{"floor":19,"key":"Necronomicon"},{"floor":20,"key":"Red Mask"}],"event_choices":[{"damage_healed":0,"gold_gain":0,"player_choice":"Entered Light","damage_taken":18,"max_hp_gain":0,"max_hp_loss":0,"event_name":"Shining Light","floor":3,"gold_loss":0,"cards_upgraded":["Strike_R","Iron Wave"]},{"damage_healed":0,"gold_gain":0,"player_choice":"Rummage","damage_taken":0,"relics_obtained":["WarpedTongs"],"max_hp_gain":0,"max_hp_loss":0,"event_name":"Accursed Blacksmith","floor":5,"gold_loss":0,"cards_obtained":["Pain"]},{"cards_removed":["Strike_R"],"damage_healed":0,"gold_gain":0,"player_choice":"Card Removal","damage_taken":7,"max_hp_gain":0,"max_hp_loss":0,"event_name":"Golden Wing","floor":14,"gold_loss":0},{"damage_healed":0,"gold_gain":0,"player_choice":"Obtained Book","damage_taken":16,"max_hp_gain":0,"max_hp_loss":0,"event_name":"Cursed Tome","floor":19,"gold_loss":0},{"damage_healed":0,"gold_gain":0,"player_choice":"Fought Bandits","damage_taken":0,"max_hp_gain":0,"max_hp_loss":0,"event_name":"Masked Bandits","floor":20,"gold_loss":0},{"damage_healed":0,"gold_gain":0,"player_choice":"Inject Mutagens","damage_taken":0,"relics_obtained":["MutagenicStrength"],"max_hp_gain":0,"max_hp_loss":0,"event_name":"Drug Dealer","floor":22,"gold_loss":0}],"is_beta":true,"boss_relics":[{"not_picked":["Philosopher\u0027s Stone","Busted Crown"],"picked":"Black Star"}],"items_purged_floors":[11],"is_endless":false,"potions_floor_spawned":[6,8,12,16,21],"killed_by":"Gremlin Leader","ascension_level":0}