{"gold_per_floor":[117,417,432,448,448,479,479,507,575,628,24,24,36,48,48,147,147,159,8,0,15,26,26,26,26,26,54,83,123,135,181,193,302,314,343,29,42,52,69,69,69,69,69,84,9,9,9,38,38,38],"floor_reached":51,"playtime":8997,"items_purged":["Strike_B","Defend_B","Zap"],"score":773,"play_id":"2e8a77e3-3514-4358-bb39-7f3170cf8e82","local_time":"20190107194125","is_ascension_mode":false,"campfire_choices":[{"floor":7.0,"key":"REST"},{"floor":12.0,"key":"REST"},{"floor":15.0,"key":"REST"},{"data":"Double Energy","floor":23.0,"key":"SMITH"},{"data":"Defragment","floor":25.0,"key":"SMITH"},{"data":"Seek","floor":32.0,"key":"SMITH"},{"data":"Reboot","floor":41,"key":"SMITH"},{"floor":49,"key":"REST"}],"neow_cost":"NONE","seed_source_timestamp":0,"circlet_count":0,"master_deck":["Strike_B+1","Strike_B+1","Dualcast","Ball Lightning","Conserve Battery","Ball Lightning","Double Energy+1","Tempest","Defragment+1","Conserve Battery","Electrodynamics","Auto Shields+1","Glacier+1","Fission+1","Leap","Stack","BootSequence","Seek+1","Streamline+1","Reprogram","Beam Cell","Defragment","Reboot+1","BootSequence+1","Redo","Capacitor+1"],"special_seed":0,"relics":["Cracked Core","Old Coin","Whetstone","Bottled Lightning","Gremlin Horn","Tiny Chest","Ginger","Strange Spoon","Astrolabe","MutagenicStrength","Calipers","MawBank","Juzu Bracelet","Happy Flower","Nuclear Battery","Medical Kit","Blood Vial","Molten Egg 2","Unceasing Top"],"potions_floor_usage":[39,39,40,50],"damage_taken":[{"damage":5.0,"enemies":"Cultist","floor":1.0,"turns":4.0},{"damage":0.0,"enemies":"2 Louse","floor":3.0,"turns":3.0},{"damage":1.0,"enemies":"Jaw Worm","floor":4.0,"turns":3.0},{"damage":31.0,"enemies":"Lagavulin","floor":6.0,"turns":5.0},{"damage":33.0,"enemies":"Gremlin Nob","floor":8.0,"turns":4.0},{"damage":2.0,"enemies":"Blue Slaver","floor":13.0,"turns":3.0},{"damage":12.0,"enemies":"Exordium Thugs","floor":14.0,"turns":4.0},{"damage":55.0,"enemies":"Slime Boss","floor":16.0,"turns":7.0},{"damage":0.0,"enemies":"Spheric Guardian","floor":18.0,"turns":3.0},{"damage":1.0,"enemies":"Chosen","floor":21.0,"turns":4.0},{"damage":7.0,"enemies":"Shelled Parasite and Fungi","floor":22.0,"turns":7.0},{"damage":1.0,"enemies":"Slavers","floor":27.0,"turns":3.0},{"damage":2.0,"enemies":"Chosen and Byrds","floor":28.0,"turns":6.0},{"damage":0.0,"enemies":"Gremlin Leader","floor":29.0,"turns":5.0},{"damage":2.0,"enemies":"Book of Stabbing","floor":31.0,"turns":6.0},{"damage":13.0,"enemies":"Automaton","floor":33.0,"turns":8.0},{"damage":0,"enemies":"Orb Walker","floor":35,"turns":1},{"damage":0,"enemies":"3 Darklings","floor":37,"turns":2},{"damage":0,"enemies":"Writhing Mass","floor":38,"turns":2},{"damage":0,"enemies":"Transient","floor":39,"turns":5},{"damage":3,"enemies":"Giant Head","floor":40,"turns":5},{"damage":10,"enemies":"4 Shapes","floor":44,"turns":2},{"damage":5,"enemies":"Nemesis","floor":48,"turns":11},{"damage":37,"enemies":"Donu and Deca","floor":50,"turns":10}],"seed_played":"1685611059368862913","potions_obtained":[{"floor":3.0,"key":"EntropicBrew"},{"floor":8.0,"key":"Energy Potion"},{"floor":14.0,"key":"EssenceOfSteel"},{"floor":16.0,"key":"Ancient Potion"},{"floor":18.0,"key":"Regen Potion"},{"floor":27.0,"key":"Block Potion"},{"floor":31.0,"key":"Poison Potion"},{"floor":33.0,"key":"Dexterity Potion"},{"floor":35,"key":"SmokeBomb"},{"floor":37,"key":"Block Potion"},{"floor":48,"key":"EssenceOfSteel"}],"is_trial":false,"path_per_floor":["M","?","M","M","?","E","R","E","T","T","$","R","M","M","R","B",null,"M","$","?","M","M","R","?","R","T","E","M","E","?","E","R","B",null,"M","$","M","M","M","E","R","?","T","M","$","?","T","E","R","B",null],"character_chosen":"DEFECT","items_purchased":["Defragment","Ginger","Strange Spoon","Block Potion","Medical Kit","Capacitor"],"campfire_rested":4,"item_purchase_floors":[11,11,11,19,36,45],"current_hp_per_floor":[77,70,70,69,69,38,62,29,29,29,29,53,51,39,63,8,82,82,82,82,81,74,74,74,74,74,73,71,71,71,80,80,67,82,82,82,82,82,82,79,79,79,79,71,71,71,71,68,82,45],"gold":38,"neow_bonus":"TEN_PERCENT_HP_BONUS","is_prod":false,"is_daily":false,"chose_seed":false,"campfire_upgraded":4,"win_rate":0.0,"timestamp":1546911685,"path_taken":["M","?","M","M","?","E","R","E","T","?","?","R","M","M","R","BOSS","M","$","?","M","M","R","?","R","T","E","M","E","?","E","R","BOSS","M","$","M","M","M","E","R","?","T","M","$","?","?","E","R","BOSS"],"build_version":"2019-01-03v4","purchased_purges":3,"victory":true,"max_hp_per_floor":[82,82,82,82,82,82,82,82,82,82,82,82,82,82,82,82,82,82,82,82,82,82,82,82,82,82,82,82,82,82,82,82,82,82,82,82,82,82,82,82,82,82,82,82,82,82,82,82,82,82],"card_choices":[{"not_picked":["Streamline","Chaos"],"picked":"Ball Lightning","floor":1.0},{"not_picked":["Leap","Stack"],"picked":"Conserve Battery","floor":3.0},{"not_picked":["Leap","Hologram"],"picked":"Ball Lightning","floor":4.0},{"not_picked":["Thunder Strike","Beam Cell"],"picked":"Double Energy","floor":6.0},{"not_picked":["Doom and Gloom","Darkness"],"picked":"Tempest","floor":8.0},{"not_picked":["Hologram","Gash","Scrape"],"picked":"SKIP","floor":13.0},{"not_picked":["Steam","Doom and Gloom"],"picked":"Conserve Battery","floor":14.0},{"not_picked":["Seek","Amplify"],"picked":"Electrodynamics","floor":16.0},{"not_picked":["Double Energy+1","Blizzard+1"],"picked":"Leap","floor":18.0},{"not_picked":["Ball Lightning","Gash"],"picked":"Stack","floor":21.0},{"not_picked":["Darkness+1","Fusion"],"picked":"BootSequence","floor":22.0},{"not_picked":["Fusion","Leap"],"picked":"Seek","floor":27.0},{"not_picked":["Cold Snap","Hologram"],"picked":"Streamline+1","floor":28.0},{"not_picked":["Streamline+1","Compile Driver"],"picked":"Reprogram","floor":29.0},{"not_picked":["Darkness","Multi-Cast"],"picked":"Defragment","floor":31.0},{"not_picked":["Rainbow","Multi-Cast"],"picked":"Reboot","floor":33.0},{"not_picked":["Coolheaded+1","Genetic Algorithm","Steam"],"picked":"SKIP","floor":35},{"not_picked":["Loop","Cold Snap+1"],"picked":"BootSequence+1","floor":37},{"not_picked":["Defragment","Doom and Gloom"],"picked":"Redo","floor":38},{"not_picked":["Barrage","Stack+1","Leap"],"picked":"SKIP","floor":39},{"not_picked":["Go for the Eyes+1","Streamline","Sweeping Beam+1"],"picked":"SKIP","floor":44},{"not_picked":["Reinforced Body","Streamline+1","Ball Lightning+1"],"picked":"SKIP","floor":48}],"player_experience":91604,"relics_obtained":[{"floor":6.0,"key":"Whetstone"},{"floor":8.0,"key":"Bottled Lightning"},{"floor":9.0,"key":"Gremlin Horn"},{"floor":10.0,"key":"Tiny Chest"},{"floor":26.0,"key":"Calipers"},{"floor":27.0,"key":"MawBank"},{"floor":29.0,"key":"Juzu Bracelet"},{"floor":31.0,"key":"Happy Flower"},{"floor":43,"key":"Blood Vial"},{"floor":47,"key":"Molten Egg 2"},{"floor":48,"key":"Unceasing Top"}],"event_choices":[{"damage_healed":0.0,"max_hp_gain":0.0,"max_hp_loss":0.0,"gold_gain":0.0,"event_name":"Scrap Ooze","player_choice":"Success","floor":2.0,"gold_loss":0.0,"damage_taken":7.0,"relics_obtained":["Old Coin"]},{"damage_healed":0.0,"max_hp_gain":0.0,"max_hp_loss":0.0,"gold_gain":0.0,"event_name":"Golden Idol","player_choice":"Ignored","floor":5.0,"gold_loss":0.0,"damage_taken":0.0},{"damage_healed":0.0,"max_hp_gain":0.0,"max_hp_loss":0.0,"gold_gain":0.0,"event_name":"Masked Bandits","player_choice":"Paid Fearfully","floor":20.0,"gold_loss":8.0,"damage_taken":0.0},{"damage_healed":0.0,"max_hp_gain":0.0,"max_hp_loss":0.0,"gold_gain":0.0,"event_name":"Drug Dealer","player_choice":"Inject Mutagens","floor":24.0,"gold_loss":0.0,"damage_taken":0.0,"relics_obtained":["MutagenicStrength"]},{"damage_healed":0.0,"max_hp_gain":0.0,"max_hp_loss":0.0,"gold_gain":0.0,"cards_transformed":["Defend_B"],"event_name":"Transmorgrifier","player_choice":"Transformed","floor":30.0,"gold_loss":0.0,"damage_taken":0.0,"cards_obtained":["Beam Cell"]},{"damage_healed":0,"gold_gain":0,"player_choice":"Ignored","damage_taken":0,"max_hp_gain":0,"max_hp_loss":0,"event_name":"SecretPortal","floor":42,"gold_loss":0},{"damage_healed":0,"gold_gain":0,"player_choice":"Forge","damage_taken":0,"max_hp_gain":0,"max_hp_loss":0,"event_name":"Accursed Blacksmith","floor":46,"gold_loss":0,"cards_upgraded":["Capacitor"]}],"is_beta":false,"boss_relics":[{"not_picked":["Cursed Key","Busted Crown"],"picked":"Astrolabe"},{"not_picked":["Orrery","Black Star"],"picked":"Nuclear Battery"}],"items_purged_floors":[11,19,36],"is_endless":false,"potions_floor_spawned":[3,6,8,14,16,18,27,31,33,35,37,48],"ascension_level":0}