{"gold_per_floor":[113,194,13,13,13,13,36,36,61,105,105,121,152,175,175,296,296,310,310,77,77,95,95,129,129,129,168,168,191,191,210,210,331,331,347,347,347,371,371,405,417,429,467,500,527,14,53,76,76,76],"floor_reached":51,"playtime":4852,"items_purged":["Strike_G","Strike_G"],"score":1164,"play_id":"fe0dc827-3895-4d8b-a31d-051b06d3c322","local_time":"20190109022613","is_ascension_mode":true,"campfire_choices":[{"floor":6.0,"key":"REST"},{"data":"Footwork","floor":8.0,"key":"SMITH"},{"floor":11.0,"key":"REST"},{"data":"Neutralize","floor":15.0,"key":"SMITH"},{"data":"Dodge and Roll","floor":23.0,"key":"SMITH"},{"floor":25.0,"key":"REST"},{"data":"Survivor","floor":30.0,"key":"SMITH"},{"data":"Reflex","floor":32.0,"key":"SMITH"},{"data":"Prepared","floor":42,"key":"SMITH"},{"floor":49,"key":"REST"}],"neow_cost":"PERCENT_DAMAGE","seed_source_timestamp":738499933779825,"circlet_count":0,"master_deck":["AscendersBane","Defend_G","Defend_G","Defend_G","Defend_G+1","Defend_G","Strike_G","Strike_G","Survivor+1","Neutralize+1","Backflip","Infinite Blades","Footwork+1","PiercingWail","Backflip+1","All Out Attack","Crippling Poison","Adrenaline","Underhanded Strike+1","Concentrate","Dodge and Roll+1","Calculated Gamble+1","Acrobatics","Dodge and Roll","Reflex+1","Tools of the Trade","Prepared+1","Tools of the Trade","Noxious Fumes+1","Predator","Prepared+1","Dodge and Roll+1"],"special_seed":0,"relics":["Ring of the Snake","Tingsha","Bottled Flame","Regal Pillow","Golden Idol","Pen Nib","Smiling Mask","Omamori","Runic Pyramid","Orichalcum","Happy Flower","Ice Cream","Gremlin Horn","Necronomicon","WristBlade","Thread and Needle","MawBank","Bag of Preparation","Lantern","Centennial Puzzle","PrismaticShard","War Paint"],"potions_floor_usage":[40,50,50],"damage_taken":[{"damage":0.0,"enemies":"Cultist","floor":1.0,"turns":6.0},{"damage":0.0,"enemies":"Jaw Worm","floor":7.0,"turns":5.0},{"damage":18.0,"enemies":"Lagavulin","floor":10.0,"turns":11.0},{"damage":0.0,"enemies":"Small Slimes","floor":12.0,"turns":4.0},{"damage":8.0,"enemies":"3 Sentries","floor":13.0,"turns":12.0},{"damage":0.0,"enemies":"Blue Slaver","floor":14.0,"turns":5.0},{"damage":33.0,"enemies":"Slime Boss","floor":16.0,"turns":14.0},{"damage":2.0,"enemies":"Shell Parasite","floor":18.0,"turns":9.0},{"damage":0.0,"enemies":"Colosseum Slavers","floor":21.0,"turns":5.0},{"damage":11.0,"enemies":"2 Thieves","floor":22.0,"turns":4.0},{"damage":36.0,"enemies":"Slavers","floor":24.0,"turns":6.0},{"damage":0.0,"enemies":"Gremlin Leader","floor":27.0,"turns":5.0},{"damage":0.0,"enemies":"Centurion and Healer","floor":29.0,"turns":4.0},{"damage":0.0,"enemies":"Snake Plant","floor":31.0,"turns":3.0},{"damage":19.0,"enemies":"Collector","floor":33.0,"turns":11.0},{"damage":2.0,"enemies":"Orb Walker","floor":35.0,"turns":3.0},{"damage":6.0,"enemies":"3 Shapes","floor":38.0,"turns":4.0},{"damage":1,"enemies":"Giant Head","floor":40,"turns":9},{"damage":0,"enemies":"Spire Growth","floor":44,"turns":3},{"damage":2,"enemies":"Maw","floor":45,"turns":6},{"damage":0,"enemies":"Nemesis","floor":47,"turns":5},{"damage":0,"enemies":"Transient","floor":48,"turns":5},{"damage":11,"enemies":"Donu and Deca","floor":50,"turns":6}],"seed_played":"8018435486255140097","potions_obtained":[{"floor":12.0,"key":"Block Potion"},{"floor":14.0,"key":"Regen Potion"},{"floor":16.0,"key":"Poison Potion"},{"floor":22.0,"key":"SmokeBomb"},{"floor":27.0,"key":"AttackPotion"},{"floor":33.0,"key":"Block Potion"},{"floor":35.0,"key":"GamblersBrew"},{"floor":44,"key":"PowerPotion"}],"is_trial":false,"path_per_floor":["M","T","$","?","?","R","M","R","T","E","R","M","E","M","R","B",null,"M","?","$","?","M","R","E","R","T","E","?","M","R","M","R","B",null,"M","?","?","M","T","E","?","R","T","M","M","$","E","M","R","B",null],"character_chosen":"THE_SILENT","items_purchased":["Regal Pillow","Infinite Blades","Orichalcum","Dodge and Roll","Centennial Puzzle","Predator","Strength Potion","PrismaticShard"],"campfire_rested":4,"item_purchase_floors":[3,3,20,20,46,46,46,46],"current_hp_per_floor":[45,45,45,38,21,57,57,57,57,39,70,70,62,62,62,29,60,58,58,58,58,59,59,23,59,59,59,43,43,43,43,43,24,59,57,57,57,51,51,50,50,50,50,50,48,48,48,48,70,59],"gold":76,"neow_bonus":"ONE_RARE_RELIC","is_prod":false,"is_daily":false,"chose_seed":false,"campfire_upgraded":6,"win_rate":0,"timestamp":1547018773,"path_taken":["M","?","?","?","?","R","M","R","T","E","R","M","E","?","R","BOSS","M","?","$","?","M","R","E","R","T","E","?","M","R","M","R","BOSS","M","?","?","?","?","E","?","R","T","?","M","$","E","M","R","BOSS"],"build_version":"2019-01-07","purchased_purges":2,"victory":true,"max_hp_per_floor":[70,70,70,70,70,70,70,70,70,70,70,70,70,70,70,70,70,70,70,70,70,70,70,70,70,70,70,70,70,70,70,70,70,70,70,70,70,70,70,70,70,70,70,70,70,70,70,70,70,70],"card_choices":[{"not_picked":["Poisoned Stab","Flying Knee"],"picked":"Backflip","floor":1.0},{"not_picked":["Catalyst","Quick Slash"],"picked":"Footwork","floor":7.0},{"not_picked":["Outmaneuver","Sucker Punch"],"picked":"PiercingWail","floor":10.0},{"not_picked":["Quick Slash","Flying Knee"],"picked":"Backflip","floor":12.0},{"not_picked":["Eviscerate","Blade Dance"],"picked":"All Out Attack","floor":13.0},{"not_picked":["Terror","PiercingWail"],"picked":"Crippling Poison","floor":14.0},{"not_picked":["Envenom","Burst"],"picked":"Adrenaline","floor":16.0},{"not_picked":["Endless Agony","Catalyst+1"],"picked":"Underhanded Strike+1","floor":18.0},{"not_picked":["Slice","Endless Agony"],"picked":"Calculated Gamble+1","floor":22.0},{"not_picked":["Deadly Poison+1","Accuracy"],"picked":"Acrobatics","floor":24.0},{"not_picked":["Grand Finale","Flying Knee"],"picked":"Dodge and Roll","floor":27.0},{"not_picked":["Bane","Finisher+1","Well Laid Plans"],"picked":"SKIP","floor":29.0},{"not_picked":["Slice","Dodge and Roll"],"picked":"Reflex","floor":31.0},{"not_picked":["Corpse Explosion","Envenom"],"picked":"Tools of the Trade","floor":33.0},{"not_picked":["Quick Slash","Backflip+1"],"picked":"Prepared","floor":35.0},{"not_picked":["Underhanded Strike+1","Bane+1","Infinite Blades"],"picked":"SKIP","floor":38.0},{"not_picked":["Outmaneuver","Night Terror","Poisoned Stab+1"],"picked":"SKIP","floor":40},{"not_picked":["Eviscerate","Blade Dance+1","Heel Hook"],"picked":"SKIP","floor":44},{"not_picked":["Deadly Poison","Outmaneuver+1"],"picked":"Noxious Fumes+1","floor":45},{"not_picked":["Accuracy+1","FTL"],"picked":"Prepared+1","floor":47},{"not_picked":["Ball Lightning","Heavy Blade+1"],"picked":"Dodge and Roll+1","floor":48}],"player_experience":767631,"relics_obtained":[{"floor":2.0,"key":"Bottled Flame"},{"floor":9.0,"key":"Pen Nib"},{"floor":10.0,"key":"Smiling Mask"},{"floor":13.0,"key":"Omamori"},{"floor":24.0,"key":"Happy Flower"},{"floor":26.0,"key":"Ice Cream"},{"floor":27.0,"key":"Gremlin Horn"},{"floor":28.0,"key":"Necronomicon"},{"floor":39.0,"key":"Thread and Needle"},{"floor":40,"key":"MawBank"},{"floor":41,"key":"Bag of Preparation"},{"floor":43,"key":"Lantern"},{"floor":47,"key":"War Paint"}],"event_choices":[{"cards_removed":["Strike_G"],"damage_healed":0.0,"max_hp_gain":0.0,"max_hp_loss":0.0,"gold_gain":0.0,"event_name":"Golden Wing","player_choice":"Card Removal","floor":4.0,"gold_loss":0.0,"damage_taken":7.0},{"damage_healed":0.0,"max_hp_gain":0.0,"max_hp_loss":0.0,"gold_gain":0.0,"event_name":"Golden Idol","player_choice":"Take Damage","floor":5.0,"gold_loss":0.0,"damage_taken":17.0,"relics_obtained":["Golden Idol"]},{"damage_healed":0.0,"max_hp_gain":0.0,"max_hp_loss":0.0,"gold_gain":0.0,"event_name":"The Library","player_choice":"Read","floor":19.0,"gold_loss":0.0,"damage_taken":0.0,"cards_obtained":["Concentrate"]},{"damage_healed":0.0,"max_hp_gain":0.0,"max_hp_loss":0.0,"gold_gain":0.0,"event_name":"Colosseum","player_choice":"Fight","floor":21.0,"gold_loss":0.0,"damage_taken":0.0},{"damage_healed":0.0,"max_hp_gain":0.0,"max_hp_loss":0.0,"gold_gain":0.0,"event_name":"Colosseum","player_choice":"Fled From Nobs","floor":21.0,"gold_loss":0.0,"damage_taken":0.0},{"damage_healed":0.0,"max_hp_gain":0.0,"max_hp_loss":0.0,"gold_gain":0.0,"event_name":"Cursed Tome","player_choice":"Obtained Book","floor":28.0,"gold_loss":0.0,"damage_taken":16.0},{"damage_healed":0.0,"max_hp_gain":0.0,"max_hp_loss":0.0,"gold_gain":0.0,"event_name":"Mysterious Sphere","player_choice":"Ignored","floor":36.0,"gold_loss":0.0,"damage_taken":0.0},{"damage_healed":0.0,"max_hp_gain":0.0,"max_hp_loss":0.0,"gold_gain":0.0,"event_name":"Duplicator","player_choice":"Copied","floor":37.0,"gold_loss":0.0,"damage_taken":0.0,"cards_obtained":["Tools of the Trade"]},{"damage_healed":0,"gold_gain":0,"player_choice":"Relic","damage_taken":0,"max_hp_gain":0,"max_hp_loss":0,"event_name":"Wheel of Change","floor":41,"gold_loss":0}],"is_beta":true,"boss_relics":[{"not_picked":["Philosopher\u0027s Stone","Coffee Dripper"],"picked":"Runic Pyramid"},{"not_picked":["Sozu","Empty Cage"],"picked":"WristBlade"}],"items_purged_floors":[20,46],"is_endless":false,"potions_floor_spawned":[12,14,16,22,27,33,35,38,44,47,48],"ascension_level":11}