{"gold_per_floor":[118,118,16,16,16,16,36,36,61,88,38,38,38,53,53,156,156,168,93,112,14,26,26,43,43],"floor_reached":25,"playtime":1459,"items_purged":[],"score":246,"play_id":"67606eb7-fb6e-4720-9bdf-c2ea1ba510d3","local_time":"20190722195828","is_ascension_mode":true,"campfire_choices":[{"data":"Leap","floor":6,"key":"SMITH"},{"data":"Hello World","floor":8,"key":"SMITH"},{"data":"Redo","floor":13,"key":"SMITH"},{"data":"Zap","floor":15,"key":"SMITH"},{"data":"Cold Snap","floor":23,"key":"SMITH"}],"neow_cost":"NONE","seed_source_timestamp":929558809943000,"circlet_count":0,"master_deck":["Strike_B+1","Strike_B+1","Zap+1","Gash+1","Leap+1","Hello World+1","Redo+1","Gash","Go for the Eyes","Hyperbeam","Glacier+1","Streamline+1","White Noise+1","Barrage","Melter","Trip","Cold Snap+1"],"relics":["Cracked Core","NeowsBlessing","Whetstone","Astrolabe"],"potions_floor_usage":[10,16,24],"damage_taken":[{"damage":0,"enemies":"Jaw Worm","floor":1,"turns":1},{"damage":0,"enemies":"Small Slimes","floor":7,"turns":1},{"damage":0,"enemies":"Gremlin Nob","floor":10,"turns":1},{"damage":0,"enemies":"2 Louse","floor":14,"turns":2},{"damage":36,"enemies":"Slime Boss","floor":16,"turns":9},{"damage":14,"enemies":"Shell Parasite","floor":18,"turns":5},{"damage":18,"enemies":"Spheric Guardian","floor":20,"turns":4},{"damage":10,"enemies":"Shelled Parasite and Fungi","floor":22,"turns":5},{"damage":9,"enemies":"Snake Plant","floor":24,"turns":3},{"damage":11,"enemies":"3 Cultists","floor":25,"turns":3}],"seed_played":"3990432854491697575","potions_obtained":[{"floor":7,"key":"Regen Potion"},{"floor":20,"key":"Fire Potion"},{"floor":22,"key":"Energy Potion"},{"floor":24,"key":"SpeedPotion"}],"is_trial":false,"path_per_floor":["M","?","$","?","?","R","M","R","T","E","?","$","R","M","R","B",null,"M","?","M","$","M","R","M","M"],"character_chosen":"DEFECT","items_purchased":["Leap","PowerPotion","Trip"],"campfire_rested":0,"item_purchase_floors":[3,3,21],"current_hp_per_floor":[75,68,68,68,53,53,53,53,53,53,53,53,53,53,53,32,75,61,61,43,43,33,33,24,13],"gold":43,"neow_bonus":"THREE_ENEMY_KILL","is_prod":false,"is_daily":false,"chose_seed":false,"campfire_upgraded":5,"win_rate":0,"timestamp":1563839908,"path_taken":["M","?","$","?","?","R","M","R","T","E","?","?","R","?","R","BOSS","M","?","M","$","M","R","M","M"],"build_version":"2019-07-17","purchased_purges":0,"victory":false,"max_hp_per_floor":[75,75,75,75,75,75,75,75,75,75,75,75,75,75,75,75,75,75,75,75,75,75,75,75,75],"card_choices":[{"not_picked":["Rebound","Steam"],"picked":"Gash","floor":1},{"not_picked":["Force Field","Chaos"],"picked":"Redo","floor":7},{"not_picked":["Beam Cell","Ball Lightning"],"picked":"Gash","floor":10},{"not_picked":["Turbo","Coolheaded"],"picked":"Go for the Eyes","floor":14},{"not_picked":["Reboot","Meteor Strike"],"picked":"Hyperbeam","floor":16},{"not_picked":["Heatsinks+1","Coolheaded"],"picked":"Barrage","floor":18},{"not_picked":["Streamline+1","Darkness"],"picked":"Melter","floor":20},{"not_picked":["Compile Driver","Hologram"],"picked":"Cold Snap","floor":22},{"not_picked":["Compile Driver+1","Barrage","Reprogram"],"picked":"SKIP","floor":24}],"player_experience":788417,"relics_obtained":[{"floor":10,"key":"Whetstone"}],"event_choices":[{"cards_removed":["Strike_B"],"damage_healed":0,"gold_gain":0,"player_choice":"Card Removal","damage_taken":7,"max_hp_gain":0,"max_hp_loss":0,"event_name":"Golden Wing","floor":2,"gold_loss":0},{"damage_healed":0,"gold_gain":0,"cards_transformed":["Strike_B"],"player_choice":"Change","damage_taken":0,"max_hp_gain":0,"max_hp_loss":0,"event_name":"Living Wall","floor":4,"gold_loss":0,"cards_obtained":["Hello World"]},{"damage_healed":0,"gold_gain":0,"player_choice":"Entered Light","damage_taken":15,"max_hp_gain":0,"max_hp_loss":0,"event_name":"Shining Light","floor":5,"gold_loss":0,"cards_upgraded":["Strike_B","Defend_B"]},{"cards_removed":["Defend_B"],"damage_healed":0,"gold_gain":0,"player_choice":"Card Removal","damage_taken":0,"max_hp_gain":0,"max_hp_loss":0,"event_name":"The Cleric","floor":11,"gold_loss":50},{"cards_removed":["Dualcast"],"damage_healed":0,"gold_gain":0,"player_choice":"Gave Gold","damage_taken":0,"max_hp_gain":0,"max_hp_loss":0,"event_name":"Beggar","floor":19,"gold_loss":75}],"is_beta":false,"boss_relics":[{"not_picked":["Pandora\u0027s Box","Philosopher\u0027s Stone"],"picked":"Astrolabe"}],"items_purged_floors":[],"is_endless":false,"potions_floor_spawned":[7,20,22,24],"killed_by":"3 Cultists","ascension_level":2}