{"gold_per_floor":[110,110,125,44,55,90,102,102,102,102],"floor_reached":10,"playtime":458,"items_purged":[],"score":68,"play_id":"67fb8af6-bf0b-49c3-8384-21cabbb3814c","local_time":"20190427135034","is_ascension_mode":false,"campfire_choices":[],"neow_cost":"NONE","seed_source_timestamp":0,"circlet_count":0,"master_deck":["Strike_B","Strike_B","Strike_B","Defend_B","Defend_B","Defend_B","Defend_B","Zap","Dualcast","Ball Lightning","Darkness","Defragment","Chaos","Redo","Hologram","Scrape"],"special_seed":0,"relics":["Cracked Core","Dream Catcher","Sundial","Bottled Lightning"],"potions_floor_usage":[10],"damage_taken":[{"damage":1.0,"enemies":"Jaw Worm","floor":1.0,"turns":3.0},{"damage":0.0,"enemies":"Small Slimes","floor":3.0,"turns":3.0},{"damage":6.0,"enemies":"2 Louse","floor":5.0,"turns":3.0},{"damage":26.0,"enemies":"Lagavulin","floor":6.0,"turns":5.0},{"damage":5.0,"enemies":"Looter","floor":7.0,"turns":3.0},{"damage":44,"enemies":"Gremlin Gang","floor":10,"turns":3}],"seed_played":"-1366146533504567502","potions_obtained":[{"floor":6.0,"key":"LiquidBronze"},{"floor":7.0,"key":"LiquidBronze"}],"is_trial":false,"path_per_floor":["M","?","M","$","M","E","M","?","T","M"],"character_chosen":"DEFECT","items_purchased":["Defragment"],"campfire_rested":0,"item_purchase_floors":[4],"current_hp_per_floor":[74,74,74,74,68,42,37,37,37,0],"gold":102,"neow_bonus":"RANDOM_COMMON_RELIC","is_prod":false,"is_daily":false,"chose_seed":false,"campfire_upgraded":0,"win_rate":0,"timestamp":1556387434,"path_taken":["M","?","M","$","M","E","M","?","T","M"],"build_version":"2019-01-23","purchased_purges":0,"victory":false,"max_hp_per_floor":[75,75,75,75,75,75,75,75,75,75],"card_choices":[{"not_picked":["Cold Snap","Consume"],"picked":"Ball Lightning","floor":1.0},{"not_picked":["White Noise","Streamline"],"picked":"Darkness","floor":3.0},{"not_picked":["Rebound","Auto Shields"],"picked":"Chaos","floor":5.0},{"not_picked":["Compile Driver","Reprogram"],"picked":"Redo","floor":6.0},{"not_picked":["Leap","Ball Lightning"],"picked":"Hologram","floor":7.0}],"player_experience":292574,"relics_obtained":[{"floor":6.0,"key":"Sundial"},{"floor":9.0,"key":"Bottled Lightning"}],"event_choices":[{"damage_healed":0.0,"max_hp_gain":0.0,"max_hp_loss":0.0,"gold_gain":0.0,"event_name":"The Cleric","player_choice":"Leave","floor":2.0,"gold_loss":0.0,"damage_taken":0.0},{"damage_healed":0.0,"max_hp_gain":0.0,"max_hp_loss":0.0,"gold_gain":0.0,"cards_transformed":["Strike_B"],"event_name":"Living Wall","player_choice":"Change","floor":8.0,"gold_loss":0.0,"damage_taken":0.0,"cards_obtained":["Scrape"]}],"is_beta":false,"boss_relics":[],"items_purged_floors":[],"is_endless":false,"potions_floor_spawned":[6,7],"killed_by":"Gremlin Gang","ascension_level":0}