{"path_per_floor":["M","?","M","M","M","R","?","M","T","M","R","?","R","?","R"],"character_chosen":"THE_SILENT","items_purchased":[],"gold_per_floor":[118,118,138,154,164,164,164,178,204,224,224,224,224,299,299,299],"floor_reached":16,"campfire_rested":0,"playtime":985,"current_hp_per_floor":[70,56,56,56,52,52,52,38,38,38,38,38,38,27,27,0],"items_purged":[],"gold":299,"score":97,"play_id":"213dee6e-18ac-42e2-9ffa-28d3a14563a5","local_time":"20180507212551","is_prod":false,"is_daily":false,"chose_seed":false,"is_ascension_mode":true,"campfire_upgraded":4,"timestamp":1525742751,"path_taken":["M","?","?","M","M","R","?","M","T","M","R","?","R","?","R","BOSS"],"build_version":"2018-05-03","seed_source_timestamp":349150628084933,"purchased_purges":0,"victory":false,"master_deck":["Defend_G","Defend_G+1","Defend_G","Defend_G+1","Defend_G+1","Strike_G","Strike_G","Strike_G","Strike_G","Survivor+1","Neutralize+1","Flying Knee","Crippling Poison+1","Tools of the Trade","Cloak And Dagger","Unload","Outmaneuver+1","Venomology"],"max_hp_per_floor":[70,70,70,70,70,70,70,70,70,70,70,70,70,70,70,70],"relics":["Ring of the Snake","Bronze Scales"],"card_choices":[{"not_picked":["Sucker Punch","Backstab"],"picked":"Flying Knee","floor":1},{"not_picked":["Slice","Bane"],"picked":"Crippling Poison","floor":3},{"not_picked":["Underhanded Strike","Heel Hook"],"picked":"Tools of the Trade","floor":4},{"not_picked":["Bane","Deflect"],"picked":"Cloak And Dagger","floor":5},{"not_picked":["Masterful Stab","Bane"],"picked":"Outmaneuver","floor":8},{"not_picked":["Backflip","Catalyst"],"picked":"Venomology","floor":10}],"player_experience":200359,"potions_floor_usage":[16,16,16,16],"damage_taken":[{"damage":0,"enemies":"2 Louse","floor":1,"turns":4},{"damage":0,"enemies":"Jaw Worm","floor":3,"turns":6},{"damage":0,"enemies":"Cultist","floor":4,"turns":4},{"damage":4,"enemies":"Red Slaver","floor":5,"turns":5},{"damage":14,"enemies":"Exordium Thugs","floor":8,"turns":4},{"damage":0,"enemies":"2 Fungi Beasts","floor":10,"turns":3},{"damage":32,"enemies":"Slime Boss","floor":16,"turns":11}],"event_choices":[{"event_name":"Shining Light","player_choice":"Entered Light","floor":2,"damage_taken":0},{"event_name":"Transmorgrifier","player_choice":"Transform","floor":7,"damage_taken":0},{"event_name":"Living Wall","player_choice":"Grow","floor":12,"damage_taken":0},{"event_name":"World of Goop","player_choice":"Gather Gold","floor":14,"damage_taken":0}],"boss_relics":[],"potions_floor_spawned":[4,8,10],"seed_played":"-8927476612112548441","killed_by":"Slime Boss","ascension_level":1,"is_trial":false}