{"gold_per_floor":[16,36,55,68,68,84,84,99,99,99,119,119,134,152,152,249,249,260,260,277,35,53,53,53,67,67,67,67,82,82,100,100,100],"floor_reached":33,"playtime":2945,"items_purged":[],"score":245,"play_id":"c21773db-893f-4cb9-a476-6efbd79816f4","local_time":"20190217105628","is_ascension_mode":false,"campfire_choices":[{"data":"Zap","floor":7,"key":"SMITH"},{"data":"Redo","floor":12,"key":"SMITH"},{"floor":15,"key":"REST"},{"data":"Echo Form","floor":23,"key":"SMITH"},{"floor":28,"key":"RECALL"},{"data":"Streamline","floor":32,"key":"SMITH"}],"neow_cost":"NO_GOLD","seed_source_timestamp":142793462301855,"circlet_count":0,"master_deck":["Strike_B","Strike_B","Strike_B","Strike_B","Defend_B","Defend_B","Defend_B","Defend_B","Zap+1","Dualcast","Chill","Redo+1","Hologram","Heatsinks","Beam Cell","Glacier","Capacitor","Beam Cell","Conserve Battery","Echo Form+1","Beam Cell","Necronomicurse","Streamline+1","Melter","Sucker Punch","Endless Agony+1","Prepared+1"],"relics":["Cracked Core","Incense Burner","Meat on the Bone","Runic Pyramid","Necronomicon","PrismaticShard","WingedGreaves"],"potions_floor_usage":[6,11,16,22,25,31,33],"damage_taken":[{"damage":10,"enemies":"Small Slimes","floor":1,"turns":3},{"damage":3,"enemies":"2 Louse","floor":2,"turns":3},{"damage":1,"enemies":"Jaw Worm","floor":3,"turns":3},{"damage":22,"enemies":"Exordium Wildlife","floor":4,"turns":6},{"damage":9,"enemies":"Large Slime","floor":6,"turns":6},{"damage":15,"enemies":"Exordium Thugs","floor":8,"turns":4},{"damage":8,"enemies":"Lots of Slimes","floor":11,"turns":5},{"damage":14,"enemies":"Blue Slaver","floor":13,"turns":4},{"damage":7,"enemies":"3 Louse","floor":14,"turns":3},{"damage":39,"enemies":"Hexaghost","floor":16,"turns":11},{"damage":1,"enemies":"Shell Parasite","floor":18,"turns":7},{"damage":13,"enemies":"Spheric Guardian","floor":20,"turns":8},{"damage":0,"enemies":"Snecko","floor":22,"turns":5},{"damage":17,"enemies":"Snake Plant","floor":25,"turns":5},{"damage":10,"enemies":"Cultist and Chosen","floor":29,"turns":9},{"damage":1,"enemies":"Snecko","floor":31,"turns":5},{"damage":68,"enemies":"Collector","floor":33,"turns":7}],"seed_played":"3571682312331142885","potions_obtained":[{"floor":1,"key":"Explosive Potion"},{"floor":8,"key":"FocusPotion"},{"floor":11,"key":"Strength Potion"},{"floor":16,"key":"Ancient Potion"},{"floor":22,"key":"SteroidPotion"},{"floor":25,"key":"Ancient Potion"},{"floor":29,"key":"AttackPotion"}],"is_trial":false,"path_per_floor":["M","M","M","M","?","M","R","M","T","?","M","R","M","M","R","B",null,"M","?","M","$","M","R","?","M","T","$","R","M","?","M","R","B"],"character_chosen":"DEFECT","items_purchased":["Streamline","PrismaticShard"],"campfire_rested":1,"item_purchase_floors":[21,21],"current_hp_per_floor":[65,62,61,39,44,35,35,20,20,20,24,24,22,27,51,24,80,79,63,50,50,50,50,50,45,45,45,45,47,47,46,46,0],"gold":100,"neow_bonus":"ONE_RARE_RELIC","is_prod":false,"is_daily":false,"chose_seed":false,"campfire_upgraded":4,"win_rate":0,"timestamp":1550418988,"path_taken":["M","M","M","M","?","M","R","M","T","?","M","R","M","M","R","BOSS","M","?","M","$","M","R","?","M","T","?","R","M","?","M","R","BOSS"],"build_version":"2019-01-23","purchased_purges":0,"victory":false,"max_hp_per_floor":[75,75,75,75,80,80,80,80,80,80,80,80,80,80,80,80,80,80,80,80,80,80,80,80,80,80,80,80,80,80,80,80,80],"card_choices":[{"not_picked":["Rebound","Leap"],"picked":"Chill","floor":1},{"not_picked":["Coolheaded","Steam"],"picked":"Redo","floor":2},{"not_picked":["Amplify","Force Field"],"picked":"Hologram","floor":3},{"not_picked":["Stack","Hologram"],"picked":"Heatsinks","floor":4},{"not_picked":["Consume","Blizzard"],"picked":"Beam Cell","floor":6},{"not_picked":["Barrage","Beam Cell"],"picked":"Glacier","floor":8},{"not_picked":["Steam","Seek"],"picked":"Capacitor","floor":11},{"not_picked":["Heatsinks","Redo"],"picked":"Beam Cell","floor":13},{"not_picked":["Gash","Redo"],"picked":"Conserve Battery","floor":14},{"not_picked":["Fission","Electrodynamics"],"picked":"Echo Form","floor":16},{"not_picked":["Stack","Coolheaded"],"picked":"Beam Cell","floor":18},{"not_picked":["Fusion","Chaos","FTL+1"],"picked":"SKIP","floor":20},{"not_picked":["Underhanded Strike","Redo","Dagger Throw"],"picked":"SKIP","floor":22},{"not_picked":["Wild Strike","Dagger Throw"],"picked":"Sucker Punch","floor":25},{"not_picked":["Reprogram","Setup"],"picked":"Endless Agony+1","floor":29},{"not_picked":["Dramatic Entrance","Reckless Charge"],"picked":"Prepared+1","floor":31}],"player_experience":231398,"relics_obtained":[{"floor":9,"key":"Meat on the Bone"},{"floor":19,"key":"Necronomicon"},{"floor":26,"key":"WingedGreaves"}],"event_choices":[{"damage_healed":0,"gold_gain":0,"player_choice":"Donut","damage_taken":0,"max_hp_gain":5,"max_hp_loss":0,"event_name":"Big Fish","floor":5,"gold_loss":0},{"damage_healed":0,"gold_gain":0,"player_choice":"Ignored","damage_taken":0,"max_hp_gain":0,"max_hp_loss":0,"event_name":"Shining Light","floor":10,"gold_loss":0},{"damage_healed":0,"gold_gain":0,"player_choice":"Obtained Book","damage_taken":16,"max_hp_gain":0,"max_hp_loss":0,"event_name":"Cursed Tome","floor":19,"gold_loss":0},{"damage_healed":0,"gold_gain":0,"player_choice":"Read","damage_taken":0,"max_hp_gain":0,"max_hp_loss":0,"event_name":"The Library","floor":24,"gold_loss":0,"cards_obtained":["Melter"]},{"damage_healed":0,"gold_gain":0,"player_choice":"Ignored","damage_taken":0,"max_hp_gain":0,"max_hp_loss":0,"event_name":"The Mausoleum","floor":30,"gold_loss":0}],"is_beta":false,"boss_relics":[{"not_picked":["Philosopher\u0027s Stone","Orrery"],"picked":"Runic Pyramid"}],"items_purged_floors":[],"is_endless":false,"potions_floor_spawned":[1,8,11,16,22,25,29],"killed_by":"Collector","ascension_level":0}