{"gold_per_floor":[117,132,132,150,325,325,335,335,362,375,403,360,96,113,113,209,209,228,242,242,242],"floor_reached":21,"playtime":1706,"items_purged":["Doubt"],"score":181,"play_id":"d9ede8ec-d4d4-46ba-a2ab-edcf251d6964","local_time":"20190627225026","is_ascension_mode":false,"campfire_choices":[{"data":"Dodge and Roll","floor":6,"key":"SMITH"},{"data":"Predator","floor":8,"key":"SMITH"},{"data":"All Out Attack","floor":15,"key":"SMITH"}],"neow_cost":"NONE","seed_source_timestamp":422482837678100,"circlet_count":0,"master_deck":["Defend_G","Defend_G","Defend_G","Defend_G+1","Defend_G","Strike_G","Strike_G","Strike_G","Strike_G","Strike_G","Survivor","Neutralize","Finesse+1","Dagger Throw","Infinite Blades","Dodge and Roll+1","Predator+1","Backflip","Backflip","All Out Attack+1","Terror","A Thousand Cuts","Prepared+1","Envenom"],"relics":["Ring of the Snake","PreservedInsect","Omamori","HoveringKite","Nloth\u0027s Gift"],"potions_floor_usage":[16,18],"damage_taken":[{"damage":0,"enemies":"Small Slimes","floor":1,"turns":5},{"damage":0,"enemies":"Jaw Worm","floor":2,"turns":3},{"damage":0,"enemies":"2 Louse","floor":4,"turns":3},{"damage":1,"enemies":"Large Slime","floor":7,"turns":7},{"damage":2,"enemies":"Exordium Thugs","floor":10,"turns":5},{"damage":7,"enemies":"Lagavulin","floor":11,"turns":7},{"damage":0,"enemies":"Blue Slaver","floor":14,"turns":2},{"damage":28,"enemies":"Hexaghost","floor":16,"turns":7},{"damage":8,"enemies":"2 Thieves","floor":18,"turns":4},{"damage":14,"enemies":"3 Byrds","floor":19,"turns":6},{"damage":15,"enemies":"Snake Plant","floor":21,"turns":4}],"seed_played":"-5446110899114319674","potions_obtained":[{"floor":1,"key":"Dexterity Potion"},{"floor":2,"key":"GamblersBrew"},{"floor":10,"key":"AttackPotion"},{"floor":16,"key":"GhostInAJar"}],"is_trial":false,"path_per_floor":["M","M","?","M","?","R","M","R","T","M","E","?","$","M","R","B",null,"M","M","?","M"],"character_chosen":"THE_SILENT","items_purchased":["All Out Attack","Omamori"],"campfire_rested":0,"item_purchase_floors":[13,13],"current_hp_per_floor":[70,70,75,75,75,75,74,74,74,72,65,65,65,65,65,37,75,67,53,53,38],"gold":242,"neow_bonus":"RANDOM_COLORLESS","is_prod":false,"is_daily":false,"chose_seed":false,"campfire_upgraded":3,"win_rate":0,"timestamp":1561690226,"path_taken":["M","M","?","M","?","R","M","R","T","M","E","?","$","M","R","BOSS","M","M","?","M"],"build_version":"2019-01-23","purchased_purges":1,"victory":false,"max_hp_per_floor":[70,70,75,75,75,75,75,75,75,75,75,75,75,75,75,75,75,75,75,75,75],"card_choices":[{"not_picked":["Blade Dance","Reflex"],"picked":"Dagger Throw","floor":1},{"not_picked":["Flechettes","Bane"],"picked":"Infinite Blades","floor":2},{"not_picked":["Catalyst","Expertise"],"picked":"Dodge and Roll","floor":4},{"not_picked":["Prepared","Dodge and Roll"],"picked":"Predator","floor":7},{"not_picked":["Acrobatics","Infinite Blades"],"picked":"Backflip","floor":10},{"not_picked":["PiercingWail","Grand Finale"],"picked":"Backflip","floor":11},{"not_picked":["Eviscerate","Acrobatics"],"picked":"Terror","floor":14},{"not_picked":["Night Terror","Die Die Die"],"picked":"A Thousand Cuts","floor":16},{"not_picked":["Heel Hook","Acrobatics+1"],"picked":"Prepared+1","floor":18},{"not_picked":["Predator+1","Blade Dance"],"picked":"Envenom","floor":19}],"player_experience":495820,"relics_obtained":[{"floor":9,"key":"PreservedInsect"},{"floor":11,"key":"War Paint"}],"event_choices":[{"damage_healed":0,"gold_gain":0,"player_choice":"Donut","damage_taken":0,"max_hp_gain":5,"max_hp_loss":0,"event_name":"Big Fish","floor":3,"gold_loss":0},{"damage_healed":0,"gold_gain":175,"player_choice":"AGREE","damage_taken":0,"max_hp_gain":0,"max_hp_loss":0,"event_name":"Liars Game","floor":5,"gold_loss":0,"cards_obtained":["Doubt"]},{"damage_healed":0,"gold_gain":0,"player_choice":"Left Gold","damage_taken":0,"max_hp_gain":0,"max_hp_loss":0,"event_name":"World of Goop","floor":12,"gold_loss":43},{"damage_healed":0,"gold_gain":0,"player_choice":"Traded Relic","damage_taken":0,"relics_obtained":["Nloth\u0027s Gift"],"max_hp_gain":0,"max_hp_loss":0,"event_name":"N\u0027loth","floor":20,"relics_lost":["War Paint"],"gold_loss":0}],"is_beta":false,"boss_relics":[{"not_picked":["Orrery","Tiny House"],"picked":"HoveringKite"}],"items_purged_floors":[13],"is_endless":false,"potions_floor_spawned":[1,2,10,16],"killed_by":"Snake Plant","ascension_level":0}