{"gold_per_floor":[364,384,404,423,423,423,33,33,57,57,57,57,71,71,71,168],"floor_reached":16,"playtime":598,"items_purged":[],"score":175,"play_id":"37e6401e-833d-4e45-b63d-06c3f8b2062b","local_time":"20181128110107","is_ascension_mode":true,"campfire_choices":[{"data":"Body Slam","floor":6,"key":"SMITH"},{"data":"Defend_R","floor":8,"key":"SMITH"},{"floor":10,"key":"REST"},{"floor":15,"key":"REST"}],"neow_cost":"PERCENT_DAMAGE","seed_source_timestamp":96697807070506,"circlet_count":0,"master_deck":["Strike_R","Strike_R","Strike_R","Strike_R","Defend_R+1","Defend_R","Defend_R","Defend_R+1","Bash","Thunderclap","Body Slam+1","Shockwave","Fire Breathing","Seeing Red+1","Metallicize","Clothesline","Demon Form"],"relics":["Burning Blood","Dream Catcher","Toolbox","Art of War","Anchor"],"potions_floor_usage":[16],"damage_taken":[{"damage":5,"enemies":"Jaw Worm","floor":1,"turns":6},{"damage":3,"enemies":"Small Slimes","floor":2,"turns":4},{"damage":7,"enemies":"2 Louse","floor":3,"turns":3},{"damage":6,"enemies":"2 Fungi Beasts","floor":4,"turns":4},{"damage":6,"enemies":"Blue Slaver","floor":13,"turns":4},{"damage":36,"enemies":"Hexaghost","floor":16,"turns":9}],"seed_played":"-5783002386664960114","potions_obtained":[{"floor":3,"key":"LiquidBronze"},{"floor":4,"key":"Fire Potion"},{"floor":16,"key":"Poison Potion"}],"is_trial":false,"path_per_floor":["M","M","M","M","?","R","$","R","T","R","$","?","M","T","R","B"],"character_chosen":"IRONCLAD","items_purchased":["Dream Catcher","Toolbox","Seeing Red"],"campfire_rested":2,"item_purchase_floors":[7,7,7],"current_hp_per_floor":[57,60,59,59,52,52,52,52,52,76,76,60,60,60,80,50],"gold":168,"neow_bonus":"TWO_FIFTY_GOLD","is_prod":false,"is_daily":false,"chose_seed":false,"campfire_upgraded":2,"win_rate":0,"timestamp":1543420867,"path_taken":["M","M","M","M","?","R","$","R","T","R","$","?","M","?","R","BOSS"],"build_version":"2018-11-15","purchased_purges":0,"victory":false,"max_hp_per_floor":[80,80,80,80,80,80,80,80,80,80,80,80,80,80,80,80],"card_choices":[{"not_picked":["Reckless Charge","Second Wind"],"picked":"Thunderclap","floor":1},{"not_picked":["Wild Strike","Dropkick"],"picked":"Body Slam","floor":2},{"not_picked":["Carnage","Wild Strike"],"picked":"Shockwave","floor":3},{"not_picked":["Twin Strike","Blood for Blood"],"picked":"Fire Breathing","floor":4},{"not_picked":["Heavy Blade","Warcry"],"picked":"Metallicize","floor":10},{"not_picked":["Perfected Strike","Sever Soul","Anger"],"picked":"SKIP","floor":13},{"not_picked":["Reaper","True Grit"],"picked":"Clothesline","floor":15},{"not_picked":["Feed","Berserk"],"picked":"Demon Form","floor":16}],"player_experience":524859,"relics_obtained":[{"floor":9,"key":"Art of War"},{"floor":14,"key":"Anchor"}],"event_choices":[{"cards_removed":["Strike_R"],"damage_healed":0,"gold_gain":0,"player_choice":"Card Removal","damage_taken":7,"max_hp_gain":0,"max_hp_loss":0,"event_name":"Golden Wing","floor":5,"gold_loss":0},{"damage_healed":0,"gold_gain":0,"player_choice":"Entered Light","damage_taken":16,"max_hp_gain":0,"max_hp_loss":0,"event_name":"Shining Light","floor":12,"gold_loss":0,"cards_upgraded":["Seeing Red","Defend_R"]}],"is_beta":true,"boss_relics":[],"items_purged_floors":[],"is_endless":false,"potions_floor_spawned":[3,4,16],"killed_by":"Hexaghost","ascension_level":5}