{"gold_per_floor":[113,113,129,129,147,176,176,202,202,217,230,230,250,261,261,261],"floor_reached":16,"playtime":829,"items_purged":[],"score":177,"play_id":"874569c6-bb1b-46a4-8cbe-cb44ba462ad1","local_time":"20181231225935","is_ascension_mode":true,"campfire_choices":[{"floor":7,"key":"REST"},{"floor":12,"key":"REST"},{"data":"Ghostly Armor","floor":15,"key":"SMITH"}],"neow_cost":"NONE","seed_source_timestamp":39119087049930,"circlet_count":0,"master_deck":["AscendersBane","Strike_R","Strike_R","Strike_R","Strike_R","Defend_R","Defend_R","Defend_R","Defend_R","Bash","Ghostly Armor+1","Shrug It Off","Flex","Offering","Iron Wave","Entrench","Shockwave","Headbutt"],"relics":["Burning Blood","NeowsBlessing","Boot","Sundial","Bag of Marbles"],"potions_floor_usage":[8,11,16],"damage_taken":[{"damage":0,"enemies":"Small Slimes","floor":1,"turns":1},{"damage":0,"enemies":"Cultist","floor":3,"turns":1},{"damage":0,"enemies":"Jaw Worm","floor":5,"turns":1},{"damage":65,"enemies":"Lagavulin","floor":6,"turns":10},{"damage":40,"enemies":"Gremlin Nob","floor":8,"turns":6},{"damage":0,"enemies":"Looter","floor":10,"turns":4},{"damage":7,"enemies":"Exordium Thugs","floor":11,"turns":5},{"damage":23,"enemies":"Gremlin Gang","floor":13,"turns":6},{"damage":6,"enemies":"Lots of Slimes","floor":14,"turns":5},{"damage":48,"enemies":"Slime Boss","floor":16,"turns":9}],"seed_played":"1911109369417556676","potions_obtained":[{"floor":4,"key":"SkillPotion"},{"floor":4,"key":"FairyPotion"},{"floor":5,"key":"PowerPotion"},{"floor":8,"key":"Energy Potion"},{"floor":11,"key":"PowerPotion"}],"is_trial":false,"path_per_floor":["M","?","M","?","M","E","R","E","T","M","M","R","M","M","R","B"],"character_chosen":"IRONCLAD","items_purchased":[],"campfire_rested":2,"item_purchase_floors":[],"current_hp_per_floor":[78,71,77,77,80,21,45,11,11,17,16,40,23,23,23,0],"gold":261,"neow_bonus":"THREE_ENEMY_KILL","is_prod":false,"is_daily":false,"chose_seed":false,"campfire_upgraded":1,"win_rate":0,"timestamp":1546315175,"path_taken":["M","?","M","?","?","E","R","E","T","M","?","R","M","M","R","BOSS"],"build_version":"2018-12-25","purchased_purges":0,"victory":false,"max_hp_per_floor":[80,80,80,80,80,80,80,80,80,80,80,80,80,80,80,80],"card_choices":[{"not_picked":["Flex","Iron Wave"],"picked":"Ghostly Armor","floor":1},{"not_picked":["Dual Wield","Cleave"],"picked":"Shrug It Off","floor":3},{"not_picked":["True Grit","Havoc"],"picked":"Flex","floor":5},{"not_picked":["Sword Boomerang","Heavy Blade"],"picked":"Offering","floor":6},{"not_picked":["Power Through","Twin Strike"],"picked":"Iron Wave","floor":8},{"not_picked":["Evolve","Flex"],"picked":"Entrench","floor":10},{"not_picked":["Warcry","Headbutt"],"picked":"Shockwave","floor":11},{"not_picked":["Havoc","Heavy Blade","Clash"],"picked":"SKIP","floor":13},{"not_picked":["Whirlwind","Corruption"],"picked":"Headbutt","floor":14}],"player_experience":720218,"relics_obtained":[{"floor":6,"key":"Boot"},{"floor":8,"key":"Sundial"},{"floor":9,"key":"Bag of Marbles"}],"event_choices":[{"cards_removed":["Strike_R"],"damage_healed":0,"gold_gain":0,"player_choice":"Card Removal","damage_taken":7,"max_hp_gain":0,"max_hp_loss":0,"event_name":"Golden Wing","floor":2,"gold_loss":0},{"damage_healed":0,"gold_gain":0,"player_choice":"Got Potions","damage_taken":0,"max_hp_gain":0,"max_hp_loss":0,"event_name":"Lab","floor":4,"gold_loss":0}],"is_beta":true,"boss_relics":[],"items_purged_floors":[],"is_endless":false,"potions_floor_spawned":[5,8,11,13],"killed_by":"Slime Boss","ascension_level":11}