{"path_per_floor":["M","M","M","M","M","E","M","R","T","R","E","$","?","E","R","B",null,"M","M","M"],"character_chosen":"IRONCLAD","items_purchased":["Blind","Infernal Blade","Flex"],"gold_per_floor":[109,127,138,154,168,197,215,215,215,215,246,19,19,52,52,147,147,159,175,192,192],"floor_reached":21,"campfire_rested":1,"playtime":5149,"item_purchase_floors":[12,12,12],"current_hp_per_floor":[80,80,80,71,56,26,22,22,22,46,40,40,40,29,29,19,80,58,30,11,0],"items_purged":[],"gold":192,"score":203,"play_id":"ef41abd6-3c26-4065-834e-dbae1196491f","local_time":"20180616173001","is_prod":false,"is_daily":false,"chose_seed":false,"is_ascension_mode":false,"campfire_upgraded":2,"win_rate":0.0,"timestamp":1529184601,"campfire_choices":[{"data":"Hemokinesis","floor":8,"key":"SMITH"},{"floor":10,"key":"REST"},{"data":"Clash","floor":15,"key":"SMITH"}],"path_taken":["M","M","M","?","M","E","M","R","T","R","E","$","?","E","R","BOSS","M","M","?","M"],"build_version":"2018-06-14v2","seed_source_timestamp":316909209072439,"purchased_purges":0,"victory":false,"master_deck":["Strike_R","Strike_R","Strike_R","Strike_R","Strike_R","Defend_R","Defend_R","Defend_R","Defend_R","Bash","Disarm","Hemokinesis+1","Clash","Flex","Sword Boomerang","Infernal Blade","Clash+1","Shockwave","Blind","Infernal Blade","Flex","Clash","Barricade+1","Sever Soul+1","Dropkick","Battle Trance"],"max_hp_per_floor":[80,80,80,80,80,80,80,80,80,80,80,80,80,80,80,80,80,80,80,80,80],"relics":["Burning Blood","NeowsBlessing","Bottled Lightning","Ginger","Peace Pipe","Frozen Egg 2","Black Star"],"card_choices":[{"not_picked":["Heavy Blade","Bloodletting"],"picked":"Disarm","floor":1},{"not_picked":["Fire Breathing","Flex"],"picked":"Hemokinesis","floor":2},{"not_picked":["Uppercut","Heavy Blade"],"picked":"Clash","floor":3},{"not_picked":["Power Through","Perfected Strike"],"picked":"Flex","floor":4},{"not_picked":["Pummel","Dropkick"],"picked":"Sword Boomerang","floor":5},{"not_picked":["Twin Strike","Dark Embrace"],"picked":"Infernal Blade","floor":6},{"not_picked":["Twin Strike","Flex"],"picked":"Clash","floor":7},{"not_picked":["Armaments","Fire Breathing"],"picked":"Shockwave","floor":11},{"not_picked":["Power Through","Heavy Blade"],"picked":"Clash","floor":14},{"not_picked":["Dark Embrace+1","Offering"],"picked":"Barricade+1","floor":16},{"not_picked":["Warcry","Blood for Blood"],"picked":"Sever Soul+1","floor":18},{"not_picked":["Cleave","Power Through"],"picked":"Dropkick","floor":19},{"not_picked":["True Grit","Iron Wave+1"],"picked":"Battle Trance","floor":20}],"player_experience":40845,"potions_floor_usage":[6,16,16,21],"damage_taken":[{"damage":0,"enemies":"Cultist","floor":1,"turns":1},{"damage":0,"enemies":"Small Slimes","floor":2,"turns":1},{"damage":0,"enemies":"Jaw Worm","floor":3,"turns":1},{"damage":15,"enemies":"Gremlin Gang","floor":4,"turns":5},{"damage":21,"enemies":"Large Slime","floor":5,"turns":9},{"damage":36,"enemies":"3 Sentries","floor":6,"turns":7},{"damage":10,"enemies":"Blue Slaver","floor":7,"turns":3},{"damage":12,"enemies":"Gremlin Nob","floor":11,"turns":3},{"damage":17,"enemies":"Lagavulin","floor":14,"turns":5},{"damage":16,"enemies":"Slime Boss","floor":16,"turns":6},{"damage":28,"enemies":"Shell Parasite","floor":18,"turns":4},{"damage":34,"enemies":"3 Byrds","floor":19,"turns":8},{"damage":25,"enemies":"Snecko","floor":20,"turns":5},{"damage":15,"enemies":"Sentry and Sphere","floor":21,"turns":3}],"relics_obtained":[{"floor":6,"key":"Bottled Lightning"},{"floor":9,"key":"Ginger"},{"floor":11,"key":"Peace Pipe"},{"floor":14,"key":"Frozen Egg 2"}],"event_choices":[{"event_name":"Liars Game","player_choice":"disagreed","floor":13,"damage_taken":0}],"boss_relics":[{"not_picked":["Cursed Key","Eternal Feather"],"picked":"Black Star"}],"items_purged_floors":[],"is_endless":false,"potions_floor_spawned":[1,6,14,20],"seed_played":"-4867016689556036191","killed_by":"Sentry and Sphere","ascension_level":0,"potions_obtained":[{"floor":1,"key":"GamblersBrew"},{"floor":6,"key":"SkillPotion"},{"floor":14,"key":"FearPotion"},{"floor":20,"key":"Weak Potion"}],"is_trial":false}