{"gold_per_floor":[115,135,32,48,59,59,91,91,141,141,141,141,153,173,173,278,278,297,308,39,39,55,86,86,86,86,97,97,117,117,129,129,232,232,252,252,252,1251,736,736,836,836,836,853,853,872,16,34,34,34],"floor_reached":50,"playtime":7751,"items_purged":["Normality"],"score":512,"play_id":"3a7c5b07-00ac-4760-9805-d5251026264b","local_time":"20180722175231","is_ascension_mode":false,"campfire_choices":[{"data":"Crippling Poison","floor":6.0,"key":"SMITH"},{"data":"Deadly Poison","floor":8.0,"key":"SMITH"},{"floor":10.0,"key":"REST"},{"data":"Deadly Poison","floor":12.0,"key":"SMITH"},{"data":"Bane","floor":15.0,"key":"SMITH"},{"floor":24.0,"key":"REST"},{"data":"Leg Sweep","floor":28.0,"key":"SMITH"},{"floor":32.0,"key":"REST"},{"data":"Bandage Up","floor":40.0,"key":"SMITH"},{"data":"Madness","floor":45.0,"key":"SMITH"},{"data":"Transmutation","floor":49.0,"key":"SMITH"}],"neow_cost":"NONE","seed_source_timestamp":0,"circlet_count":0,"master_deck":["Defend_G","Defend_G","Defend_G","Defend_G","Defend_G","Strike_G","Strike_G+1","Strike_G","Strike_G","Survivor","Neutralize","Underhanded Strike","Dagger Throw","Deadly Poison+1","Noxious Fumes","Deadly Poison+1","Crippling Poison+1","Masterful Stab","Bane+1","Bouncing Flask","Bullet Time","Flying Knee","All Out Attack+1","Noxious Fumes","Tactician+1","Dodge and Roll+1","Leg Sweep+1","Poisoned Stab","Dash+1","Malaise","Deadly Poison+1","Madness","Madness+1","Trip","Normality","Bandage Up+1","Blur+1","Leg Sweep","Transmutation+1","Bullet Time"],"special_seed":0,"relics":["Ring of the Snake","Ancient Tea Set","Letter Opener","Bag of Marbles","White Beast Statue","MealTicket","Oddly Smooth Stone","Thread and Needle","Whetstone","Vajra","Dream Catcher","Sling","Lantern","Potion Belt"],"potions_floor_usage":[50,50,50,50],"damage_taken":[{"damage":6.0,"enemies":"Jaw Worm","floor":1.0,"turns":6.0},{"damage":0.0,"enemies":"Cultist","floor":2.0,"turns":3.0},{"damage":0.0,"enemies":"Small Slimes","floor":4.0,"turns":3.0},{"damage":15.0,"enemies":"3 Louse","floor":5.0,"turns":4.0},{"damage":18.0,"enemies":"Lagavulin","floor":7.0,"turns":6.0},{"damage":0.0,"enemies":"Looter","floor":13.0,"turns":2.0},{"damage":8.0,"enemies":"Exordium Wildlife","floor":14.0,"turns":2.0},{"damage":20.0,"enemies":"Slime Boss","floor":16.0,"turns":9.0},{"damage":18.0,"enemies":"2 Thieves","floor":18.0,"turns":4.0},{"damage":2.0,"enemies":"Shell Parasite","floor":19.0,"turns":3.0},{"damage":11.0,"enemies":"Sentry and Sphere","floor":22.0,"turns":4.0},{"damage":19.0,"enemies":"Slavers","floor":23.0,"turns":3.0},{"damage":0.0,"enemies":"Cultist and Chosen","floor":27.0,"turns":4.0},{"damage":10.0,"enemies":"Snake Plant","floor":29.0,"turns":3.0},{"damage":1.0,"enemies":"Snecko","floor":31.0,"turns":5.0},{"damage":46.0,"enemies":"Automaton","floor":33.0,"turns":12.0},{"damage":0.0,"enemies":"3 Darklings","floor":35.0,"turns":4.0},{"damage":0.0,"enemies":"3 Shapes","floor":44.0,"turns":3.0},{"damage":24.0,"enemies":"Flame Bruiser 2 Orb","floor":46.0,"turns":6.0},{"damage":11.0,"enemies":"4 Shapes","floor":48.0,"turns":8.0},{"damage":79,"enemies":"Awakened One","floor":50,"turns":11}],"seed_played":"8815538728079170360","potions_obtained":[{"floor":2.0,"key":"Dexterity Potion"},{"floor":7.0,"key":"SteroidPotion"},{"floor":13.0,"key":"Weak Potion"},{"floor":16.0,"key":"SpeedPotion"},{"floor":18.0,"key":"Swift Potion"},{"floor":19.0,"key":"Explosive Potion"},{"floor":22.0,"key":"AttackPotion"},{"floor":23.0,"key":"SkillPotion"},{"floor":27.0,"key":"SkillPotion"},{"floor":29.0,"key":"AttackPotion"},{"floor":33.0,"key":"PowerPotion"},{"floor":35.0,"key":"SteroidPotion"},{"floor":44.0,"key":"Poison Potion"},{"floor":46.0,"key":"SneckoOil"},{"floor":48.0,"key":"LiquidBronze"}],"is_trial":false,"path_per_floor":["M","M","$","M","M","R","E","R","T","R","?","R","M","M","R","B",null,"M","M","$","?","M","E","R","$","T","M","R","M","?","M","R","B",null,"M","?","?","?","$","R","?","?","T","M","R","M","$","M","R"],"character_chosen":"THE_SILENT","items_purchased":["Deadly Poison","Noxious Fumes","Noxious Fumes","MealTicket","Whetstone","Vajra","Bandage Up","Block Potion","Sling","Lantern","Potion Belt","Regen Potion","Swift Potion","Poison Potion","Transmutation"],"campfire_rested":3,"item_purchase_floors":[3,3,20,20,39,39,39,39,47,47,47,47,47,47,47],"current_hp_per_floor":[64,64,64,64,49,49,31,31,31,52,52,52,52,44,44,24,70,52,50,50,50,39,20,41,48,48,48,48,38,38,37,58,12,70,70,61,61,61,68,68,68,68,68,68,68,44,51,61,61,0],"gold":34,"neow_bonus":"RANDOM_COMMON_RELIC","is_prod":false,"is_daily":false,"chose_seed":false,"campfire_upgraded":8,"win_rate":0.0,"timestamp":1532296351,"path_taken":["M","M","$","M","M","R","E","R","T","R","?","R","M","M","R","BOSS","M","?","$","?","M","E","R","$","T","M","R","M","?","M","R","BOSS","M","?","?","?","$","R","?","?","T","M","R","M","$","M","R","BOSS"],"build_version":"2018-07-19v2","purchased_purges":1,"victory":false,"max_hp_per_floor":[70,70,70,70,70,70,70,70,70,70,70,70,70,70,70,70,70,70,70,70,70,70,70,70,70,70,70,70,70,70,70,70,70,70,70,70,70,70,70,70,70,70,70,70,70,70,70,70,70,70],"card_choices":[{"not_picked":["Quick Slash","Backflip"],"picked":"Underhanded Strike","floor":1.0},{"not_picked":["Dodge and Roll","Dagger Spray"],"picked":"Dagger Throw","floor":2.0},{"not_picked":["Sucker Punch","Quick Slash"],"picked":"Deadly Poison","floor":4.0},{"not_picked":["Skewer","Blur"],"picked":"Crippling Poison","floor":5.0},{"not_picked":["Blade Dance","Dagger Spray"],"picked":"Masterful Stab","floor":7.0},{"not_picked":["Die Die Die","Deflect"],"picked":"Bane","floor":13.0},{"not_picked":["Tactician","Noxious Fumes"],"picked":"Bouncing Flask","floor":14.0},{"not_picked":["Venomology","Wraith Form v2"],"picked":"Bullet Time","floor":16.0},{"not_picked":["Slice","Deadly Poison"],"picked":"Flying Knee","floor":18.0},{"not_picked":["Acrobatics+1","Dagger Throw"],"picked":"All Out Attack","floor":19.0},{"not_picked":["Deflect","Dodge and Roll+1"],"picked":"Tactician+1","floor":22.0},{"not_picked":["Calculated Gamble","Bullet Time"],"picked":"Dodge and Roll+1","floor":23.0},{"not_picked":["Deflect","Calculated Gamble"],"picked":"Leg Sweep","floor":27.0},{"not_picked":["Dodge and Roll","Heel Hook"],"picked":"Poisoned Stab","floor":29.0},{"not_picked":["Footwork","Well Laid Plans"],"picked":"Dash+1","floor":31.0},{"not_picked":["A Thousand Cuts","Wraith Form v2"],"picked":"Malaise","floor":33.0},{"not_picked":["Underhanded Strike+1","Sucker Punch"],"picked":"Deadly Poison+1","floor":35.0},{"not_picked":["Mind Blast","Sadistic Nature"],"picked":"Trip","floor":37.0},{"not_picked":["Crippling Poison","Heel Hook"],"picked":"Blur+1","floor":44.0},{"not_picked":["Slice","Dodge and Roll+1"],"picked":"Leg Sweep","floor":46.0},{"not_picked":["Poisoned Stab+1","Underhanded Strike+1"],"picked":"Bullet Time","floor":48.0}],"player_experience":136913,"relics_obtained":[{"floor":7.0,"key":"Letter Opener"},{"floor":9.0,"key":"Bag of Marbles"},{"floor":23.0,"key":"Oddly Smooth Stone"},{"floor":26.0,"key":"Thread and Needle"},{"floor":43.0,"key":"Dream Catcher"}],"event_choices":[{"event_name":"Liars Game","player_choice":"disagreed","floor":11.0,"damage_taken":0.0},{"event_name":"Addict","player_choice":"Ignored","floor":21.0,"damage_taken":0.0},{"event_name":"Vampires","player_choice":"Ignored","floor":30.0,"damage_taken":0.0},{"event_name":"Winding Halls","player_choice":"Embrace Madness","floor":36.0,"damage_taken":0.0},{"event_name":"SensoryStone","player_choice":"Memory 1","floor":37.0,"damage_taken":0.0},{"event_name":"MindBloom","player_choice":"Gold","floor":38.0,"damage_taken":0.0},{"event_name":"Golden Shrine","player_choice":"Pray","floor":41.0,"damage_taken":0.0},{"event_name":"Falling","player_choice":"Removed Attack","floor":42.0,"damage_taken":0.0}],"is_beta":false,"boss_relics":[{"not_picked":["WristBlade","Runic Pyramid"],"picked":"White Beast Statue"},{"not_picked":["Runic Dome","Coffee Dripper","Sozu"]}],"items_purged_floors":[39],"is_endless":false,"potions_floor_spawned":[2,7,13,16,18,19,22,23,27,29,31,33,35,44,46,48],"killed_by":"Awakened One","ascension_level":0}