{"gold_per_floor":[113,132,145,157,157,157,192,207,234,249,249,249,266,291,291,392,392,407,427,372,389,158,158,193,193,244,244,93,93,106,116,116,116],"floor_reached":33,"playtime":2806,"items_purged":["Defend_R"],"score":321,"play_id":"4f6770ac-d342-4a74-be89-404c646a87ef","local_time":"20190718183709","is_ascension_mode":true,"campfire_choices":[{"data":"Bash","floor":6.0,"key":"SMITH"},{"data":"Armaments","floor":11.0,"key":"SMITH"},{"data":"Berserk","floor":15,"key":"SMITH"},{"data":"Entrench","floor":23,"key":"SMITH"},{"data":"Bloodletting","floor":25,"key":"SMITH"},{"floor":27,"key":"REST"},{"data":"Barricade","floor":32,"key":"SMITH"}],"neow_cost":"TEN_PERCENT_HP_LOSS","seed_source_timestamp":0,"circlet_count":0,"master_deck":["Strike_R+1","Defend_R+1","Defend_R+1","Bash+1","Spot Weakness","Thunderclap","Armaments+1","Whirlwind+1","Bloodletting+1","Headbutt+1","Entrench+1","Berserk+1","Shrug It Off+1","Impervious+1","Body Slam+1","Iron Wave+1","Rupture","Warcry","Uppercut+1","Barricade+1"],"special_seed":0,"relics":["Burning Blood","Orichalcum","Oddly Smooth Stone","Whetstone","Astrolabe","Tiny Chest","Lee\u0027s Waffle","War Paint","Anchor"],"potions_floor_usage":[14,14,24,24,33,33],"damage_taken":[{"damage":12.0,"enemies":"Jaw Worm","floor":1.0,"turns":3.0},{"damage":6.0,"enemies":"2 Louse","floor":2.0,"turns":3.0},{"damage":0.0,"enemies":"Cultist","floor":3.0,"turns":4.0},{"damage":6.0,"enemies":"Looter","floor":4.0,"turns":4.0},{"damage":32.0,"enemies":"Lagavulin","floor":7.0,"turns":5.0},{"damage":0.0,"enemies":"Large Slime","floor":8.0,"turns":5.0},{"damage":8.0,"enemies":"Red Slaver","floor":10.0,"turns":3.0},{"damage":0.0,"enemies":"Lots of Slimes","floor":13.0,"turns":1.0},{"damage":2,"enemies":"Gremlin Nob","floor":14,"turns":3},{"damage":40,"enemies":"Hexaghost","floor":16,"turns":8},{"damage":18,"enemies":"Shell Parasite","floor":18,"turns":4},{"damage":0,"enemies":"Chosen","floor":19,"turns":4},{"damage":6,"enemies":"Centurion and Healer","floor":21,"turns":6},{"damage":38,"enemies":"Book of Stabbing","floor":24,"turns":5},{"damage":0,"enemies":"Snake Plant","floor":30,"turns":2},{"damage":13,"enemies":"Shelled Parasite and Fungi","floor":31,"turns":6},{"damage":65,"enemies":"Automaton","floor":33,"turns":8}],"seed_played":"7912052827273475028","potions_obtained":[{"floor":7.0,"key":"SteroidPotion"},{"floor":8.0,"key":"Strength Potion"},{"floor":13.0,"key":"Poison Potion"},{"floor":14,"key":"Energy Potion"},{"floor":16,"key":"Ancient Potion"},{"floor":31,"key":"AttackPotion"}],"is_trial":false,"path_per_floor":["M","M","M","M","?","R","E","M","T","M","R","?","M","E","R","B",null,"M","M","?","M","$","R","E","R","T","R","$","?","M","M","R","B"],"character_chosen":"IRONCLAD","items_purchased":["Lee\u0027s Waffle","Warcry","Uppercut"],"campfire_rested":1,"item_purchase_floors":[22,22,28],"current_hp_per_floor":[66,66,72,72,58,58,32,38,38,36,36,36,42,46,46,12,72,60,66,66,66,79,79,47,47,47,70,70,70,76,69,69,4],"gold":116,"neow_bonus":"REMOVE_TWO","is_prod":false,"is_daily":false,"chose_seed":false,"campfire_upgraded":6,"win_rate":0,"timestamp":1563489429,"path_taken":["M","M","M","M","?","R","E","M","T","M","R","?","M","E","R","BOSS","M","?","?","M","$","R","E","R","T","R","$","?","?","M","R","BOSS"],"build_version":"2019-07-17","purchased_purges":1,"victory":false,"max_hp_per_floor":[72,72,72,72,72,72,72,72,72,72,72,72,72,72,72,72,72,72,72,72,72,79,79,79,79,79,79,79,79,79,79,79,79],"card_choices":[{"not_picked":["Heavy Blade","Wild Strike"],"picked":"Spot Weakness","floor":1.0},{"not_picked":["Burning Pact","Sword Boomerang"],"picked":"Thunderclap","floor":2.0},{"not_picked":["True Grit","Combust"],"picked":"Armaments","floor":3.0},{"not_picked":["Infernal Blade","Blood for Blood"],"picked":"Whirlwind","floor":4.0},{"not_picked":["Flex","Barricade"],"picked":"Bloodletting","floor":7.0},{"not_picked":["Clash","Rupture"],"picked":"Headbutt","floor":8.0},{"not_picked":["Sentinel","Reckless Charge","Disarm"],"picked":"SKIP","floor":10.0},{"not_picked":["Entrench","Warcry"],"picked":"Shrug It Off","floor":13.0},{"not_picked":["Perfected Strike","Armaments","Corruption"],"picked":"SKIP","floor":14},{"not_picked":["Sentinel+1","Clothesline"],"picked":"Rupture","floor":18},{"not_picked":["Armaments","Warcry","Perfected Strike"],"picked":"SKIP","floor":19},{"not_picked":["Searing Blow","Thunderclap","Anger+1"],"picked":"SKIP","floor":21},{"not_picked":["Whirlwind","Armaments","Infernal Blade"],"picked":"SKIP","floor":24},{"not_picked":["Clothesline","Havoc","Headbutt"],"picked":"SKIP","floor":30},{"not_picked":["Perfected Strike","Iron Wave"],"picked":"Barricade","floor":31}],"player_experience":740992,"relics_obtained":[{"floor":7.0,"key":"Orichalcum"},{"floor":9.0,"key":"Oddly Smooth Stone"},{"floor":14,"key":"Whetstone"},{"floor":24,"key":"War Paint"},{"floor":26,"key":"Anchor"}],"event_choices":[{"damage_healed":0.0,"max_hp_gain":0.0,"max_hp_loss":0.0,"gold_gain":0.0,"event_name":"Shining Light","player_choice":"Entered Light","floor":5.0,"gold_loss":0.0,"damage_taken":14.0,"cards_upgraded":["Defend_R","Whirlwind"]},{"damage_healed":0.0,"max_hp_gain":0.0,"max_hp_loss":0.0,"gold_gain":0.0,"event_name":"Match and Keep!","player_choice":"2 cards matched","floor":12.0,"gold_loss":0.0,"damage_taken":0.0,"cards_obtained":["Entrench","Berserk"]},{"damage_healed":0,"gold_gain":0,"player_choice":"Obtained Relic","damage_taken":0,"relics_obtained":["Tiny Chest"],"max_hp_gain":0,"max_hp_loss":0,"event_name":"Addict","floor":20,"gold_loss":85},{"damage_healed":0,"gold_gain":0,"player_choice":"Upgraded","damage_taken":0,"max_hp_gain":0,"max_hp_loss":0,"event_name":"Upgrade Shrine","floor":29,"gold_loss":0,"cards_upgraded":["Uppercut"]}],"is_beta":false,"boss_relics":[{"not_picked":["Orrery","Ectoplasm"],"picked":"Astrolabe"}],"items_purged_floors":[28],"is_endless":false,"potions_floor_spawned":[7,8,13,14,16,19,21,31],"killed_by":"Automaton","ascension_level":3}