{"gold_per_floor":[116,131,145,162,162,162,174,191,216,216,18,18,35,50,50,151,151,169,182,32,32,0,0,15,15,15,32,32,57,69,99,111,218,230,261,273,385,92,92],"floor_reached":39,"playtime":2456,"items_purged":["Strike_R","Writhe"],"score":431,"play_id":"5445db5b-b8ac-43c0-81b1-c043efaadb51","local_time":"20190718174635","is_ascension_mode":true,"campfire_choices":[{"data":"Whirlwind","floor":6.0,"key":"SMITH"},{"data":"Body Slam","floor":10.0,"key":"SMITH"},{"data":"Second Wind","floor":15.0,"key":"SMITH"},{"data":"Flame Barrier","floor":23.0,"key":"SMITH"},{"data":"Immolate","floor":32.0,"key":"SMITH"}],"neow_cost":"PERCENT_DAMAGE","seed_source_timestamp":0,"circlet_count":0,"master_deck":["Strike_R","Strike_R","Strike_R","Defend_R","Defend_R","Defend_R","Defend_R","Bash","Flame Barrier+1","Whirlwind+1","Body Slam+1","Metallicize","Cleave","Warcry","Armaments","Second Wind+1","Immolate+1","Disarm+1","Battle Trance","Necronomicurse","Headbutt","Shrug It Off","Barricade"],"special_seed":0,"relics":["Black Blood","Shovel","Bronze Scales","Lantern","Necronomicon","Ginger","MawBank","MutagenicStrength","Runic Pyramid","Prayer Wheel","Strange Spoon"],"potions_floor_usage":[],"damage_taken":[{"damage":0.0,"enemies":"Small Slimes","floor":1.0,"turns":5.0},{"damage":6.0,"enemies":"Cultist","floor":2.0,"turns":3.0},{"damage":19.0,"enemies":"Jaw Worm","floor":3.0,"turns":5.0},{"damage":0.0,"enemies":"3 Louse","floor":4.0,"turns":2.0},{"damage":0.0,"enemies":"Blue Slaver","floor":7.0,"turns":4.0},{"damage":1.0,"enemies":"2 Fungi Beasts","floor":8.0,"turns":2.0},{"damage":1.0,"enemies":"Large Slime","floor":13.0,"turns":4.0},{"damage":0.0,"enemies":"3 Louse","floor":14.0,"turns":3.0},{"damage":42.0,"enemies":"Slime Boss","floor":16.0,"turns":11.0},{"damage":16.0,"enemies":"Shell Parasite","floor":18.0,"turns":6.0},{"damage":2.0,"enemies":"3 Byrds","floor":19.0,"turns":3.0},{"damage":24.0,"enemies":"Snake Plant","floor":24.0,"turns":2.0},{"damage":1.0,"enemies":"Chosen and Byrds","floor":27.0,"turns":3.0},{"damage":15.0,"enemies":"Snecko","floor":29.0,"turns":4.0},{"damage":8.0,"enemies":"Snake Plant","floor":31.0,"turns":4.0},{"damage":53.0,"enemies":"Automaton","floor":33.0,"turns":10.0},{"damage":18.0,"enemies":"3 Shapes","floor":35.0,"turns":3.0},{"damage":37.0,"enemies":"Mind Bloom Boss Battle","floor":37.0,"turns":5.0},{"damage":5,"enemies":"3 Darklings","floor":39,"turns":2}],"seed_played":"-2686665714707148151","potions_obtained":[{"floor":1.0,"key":"Fire Potion"},{"floor":3.0,"key":"Block Potion"},{"floor":7.0,"key":"Explosive Potion"},{"floor":16.0,"key":"Fire Potion"},{"floor":18.0,"key":"Fire Potion"},{"floor":27.0,"key":"Dexterity Potion"},{"floor":29.0,"key":"EssenceOfSteel"},{"floor":31.0,"key":"Regen Potion"},{"floor":33.0,"key":"Dexterity Potion"},{"floor":37.0,"key":"GamblersBrew"}],"is_trial":false,"path_per_floor":["M","M","M","M","?","R","M","M","T","R","$","$","M","M","R","B",null,"M","M","$","?","?","R","M","?","T","M","?","M","?","M","R","B",null,"M","?","?","$","M"],"character_chosen":"IRONCLAD","items_purchased":["Armaments","Lantern","Battle Trance","Strange Spoon"],"campfire_rested":0,"item_purchase_floors":[11,11,20,38],"current_hp_per_floor":[62,62,49,55,55,55,61,66,66,66,66,66,71,77,77,41,80,74,80,80,64,64,64,50,50,50,59,59,54,54,56,56,28,80,72,72,45,45,40],"gold":92,"neow_bonus":"ONE_RARE_RELIC","is_prod":false,"is_daily":false,"chose_seed":false,"campfire_upgraded":5,"win_rate":0,"timestamp":1563486395,"path_taken":["M","M","M","M","?","R","M","M","T","R","?","$","M","M","R","BOSS","M","M","$","?","?","R","M","?","T","M","?","?","?","M","R","BOSS","M","?","?","$","M"],"build_version":"2019-07-17","purchased_purges":2,"victory":false,"max_hp_per_floor":[80,80,80,80,80,80,80,80,80,80,80,80,80,80,80,80,80,80,80,80,80,80,80,80,80,80,80,80,80,80,80,80,80,80,80,80,80,80,80],"card_choices":[{"not_picked":["Bloodletting","Body Slam"],"picked":"Flame Barrier","floor":1.0},{"not_picked":["Uppercut","Bloodletting"],"picked":"Whirlwind","floor":2.0},{"not_picked":["Clash","Anger"],"picked":"Body Slam","floor":3.0},{"not_picked":["Sentinel","Cleave"],"picked":"Metallicize","floor":4.0},{"not_picked":["Inflame","Clash"],"picked":"Cleave","floor":7.0},{"not_picked":["Sentinel","Wild Strike"],"picked":"Warcry","floor":8.0},{"not_picked":["Inflame","Havoc"],"picked":"Second Wind","floor":13.0},{"not_picked":["Havoc","Perfected Strike","Rampage"],"picked":"SKIP","floor":14.0},{"not_picked":["Bludgeon","Exhume"],"picked":"Immolate","floor":16.0},{"not_picked":["Warcry+1","Heavy Blade"],"picked":"Disarm+1","floor":18.0},{"not_picked":["Fire Breathing+1","Havoc","Dual Wield"],"picked":"SKIP","floor":19.0},{"not_picked":["Corruption","Intimidate","Heavy Blade"],"picked":"SKIP","floor":24.0},{"not_picked":["Power Through","Carnage","Havoc"],"picked":"SKIP","floor":27.0},{"not_picked":["Iron Wave+1","Whirlwind+1"],"picked":"Headbutt","floor":29.0},{"not_picked":["Intimidate","Perfected Strike"],"picked":"Shrug It Off","floor":31.0},{"not_picked":["Dark Embrace","Brutality"],"picked":"Barricade","floor":33.0},{"not_picked":["Pommel Strike","Iron Wave","Flex"],"picked":"SKIP","floor":35.0}],"player_experience":738536,"relics_obtained":[{"floor":9.0,"key":"Bronze Scales"},{"floor":21.0,"key":"Necronomicon"},{"floor":26.0,"key":"Ginger"},{"floor":37.0,"key":"Prayer Wheel"}],"event_choices":[{"cards_removed":["Strike_R"],"damage_healed":0.0,"max_hp_gain":0.0,"max_hp_loss":0.0,"gold_gain":0.0,"event_name":"Purifier","player_choice":"Purged","floor":5.0,"gold_loss":0.0,"damage_taken":0.0},{"damage_healed":0.0,"max_hp_gain":0.0,"max_hp_loss":0.0,"gold_gain":0.0,"event_name":"Cursed Tome","player_choice":"Obtained Book","floor":21.0,"gold_loss":0.0,"damage_taken":16.0},{"damage_healed":0.0,"max_hp_gain":0.0,"max_hp_loss":0.0,"gold_gain":0.0,"event_name":"Masked Bandits","player_choice":"Paid Fearfully","floor":22.0,"gold_loss":32.0,"damage_taken":0.0},{"damage_healed":0.0,"max_hp_gain":0.0,"max_hp_loss":0.0,"gold_gain":0.0,"event_name":"Ghosts","player_choice":"Ignored","floor":25.0,"gold_loss":0.0,"damage_taken":0.0},{"damage_healed":0.0,"max_hp_gain":0.0,"max_hp_loss":0.0,"gold_gain":0.0,"event_name":"The Mausoleum","player_choice":"Opened","floor":28.0,"gold_loss":0.0,"damage_taken":0.0,"relics_obtained":["MawBank"],"cards_obtained":["Writhe"]},{"damage_healed":0.0,"max_hp_gain":0.0,"max_hp_loss":0.0,"gold_gain":0.0,"event_name":"Drug Dealer","player_choice":"Inject Mutagens","floor":30.0,"gold_loss":0.0,"damage_taken":0.0,"relics_obtained":["MutagenicStrength"]},{"damage_healed":0.0,"max_hp_gain":0.0,"max_hp_loss":0.0,"gold_gain":0.0,"event_name":"Tomb of Lord Red Mask","player_choice":"Ignored","floor":36.0,"gold_loss":0.0,"damage_taken":0.0},{"damage_healed":0.0,"max_hp_gain":0.0,"max_hp_loss":0.0,"gold_gain":0.0,"event_name":"MindBloom","player_choice":"Fight","floor":37.0,"gold_loss":0.0,"damage_taken":0.0}],"is_beta":false,"boss_relics":[{"not_picked":["Coffee Dripper","Snecko Eye"],"picked":"Black Blood"},{"not_picked":["Mark of Pain","Black Star"],"picked":"Runic Pyramid"}],"items_purged_floors":[20,38],"is_endless":false,"potions_floor_spawned":[1,3,7,16,18,27,29,31,33,37],"killed_by":"3 Darklings","ascension_level":3}