{"gold_per_floor":[113,133,133,148,162,162,172,172,172,184,210,238,250,262,274,390,402,430,297,47,47,66,66,127,147,147,147,347,360,375,392,392,392],"floor_reached":33,"playtime":1749,"items_purged":[],"score":358,"play_id":"91db438c-ebcc-4407-aa51-d8475b9f777b","local_time":"20181128141137","is_ascension_mode":true,"campfire_choices":[{"data":"Flame Barrier","floor":6,"key":"SMITH"},{"data":"Limit Break","floor":10,"key":"SMITH"},{"data":"Limit Break","floor":13,"key":"SMITH"},{"data":"Spot Weakness","floor":15,"key":"SMITH"},{"data":"Heavy Blade","floor":23,"key":"SMITH"},{"data":"Flex","floor":27,"key":"SMITH"},{"floor":32,"key":"REST"}],"neow_cost":"NONE","seed_source_timestamp":245611560317,"circlet_count":0,"master_deck":["Strike_R","Strike_R","Strike_R","Strike_R","Defend_R","Defend_R","Defend_R","Defend_R","Bash","Flex+1","Shrug It Off","PanicButton","Limit Break+1","Flame Barrier+1","Iron Wave","Spot Weakness+1","Limit Break+1","Wild Strike","Demon Form","Cleave+1","Heavy Blade+1","True Grit+1","Shrug It Off","Impervious","Clothesline+1","Entrench","Shrug It Off"],"relics":["Burning Blood","MawBank","Eternal Feather","Centennial Puzzle","Meat on the Bone","Tiny Chest","Dream Catcher"],"potions_floor_usage":[11,12,16,22,24,24,33,33],"damage_taken":[{"damage":7,"enemies":"Small Slimes","floor":1,"turns":4},{"damage":6,"enemies":"Cultist","floor":2,"turns":4},{"damage":0,"enemies":"2 Louse","floor":4,"turns":2},{"damage":10,"enemies":"Large Slime","floor":5,"turns":7},{"damage":15,"enemies":"Lots of Slimes","floor":7,"turns":5},{"damage":17,"enemies":"Looter","floor":11,"turns":4},{"damage":14,"enemies":"Exordium Thugs","floor":12,"turns":4},{"damage":32,"enemies":"The Guardian","floor":16,"turns":9},{"damage":12,"enemies":"Chosen","floor":18,"turns":5},{"damage":16,"enemies":"Spheric Guardian","floor":22,"turns":6},{"damage":16,"enemies":"Gremlin Leader","floor":24,"turns":4},{"damage":16,"enemies":"Centurion and Healer","floor":25,"turns":4},{"damage":62,"enemies":"Snecko","floor":29,"turns":9},{"damage":9,"enemies":"Snake Plant","floor":30,"turns":5},{"damage":0,"enemies":"Centurion and Healer","floor":31,"turns":6},{"damage":112,"enemies":"Automaton","floor":33,"turns":10}],"seed_played":"3549650416574338137","potions_obtained":[{"floor":1,"key":"BloodPotion"},{"floor":4,"key":"Block Potion"},{"floor":7,"key":"Explosive Potion"},{"floor":12,"key":"SkillPotion"},{"floor":16,"key":"Regen Potion"},{"floor":18,"key":"Weak Potion"},{"floor":24,"key":"Strength Potion"},{"floor":25,"key":"Fire Potion"}],"is_trial":false,"path_per_floor":["M","M","?","M","M","R","M","?","T","R","M","M","R","?","R","B",null,"M","$","$","?","M","R","E","M","T","R","?","M","M","M","R","B"],"character_chosen":"IRONCLAD","items_purchased":["Centennial Puzzle","Meat on the Bone"],"campfire_rested":1,"item_purchase_floors":[19,20],"current_hp_per_floor":[87,87,87,88,84,84,75,80,80,80,78,70,70,70,70,44,81,75,75,75,75,65,77,79,69,69,81,81,37,46,64,93,0],"gold":392,"neow_bonus":"TEN_PERCENT_HP_BONUS","is_prod":false,"is_daily":false,"chose_seed":false,"campfire_upgraded":6,"win_rate":0,"timestamp":1543432297,"path_taken":["M","M","?","M","?","R","M","?","T","R","M","M","R","?","R","BOSS","M","?","$","?","M","R","E","?","T","R","?","M","M","M","R","BOSS"],"build_version":"2018-11-15","purchased_purges":0,"victory":false,"max_hp_per_floor":[88,88,88,88,88,88,88,93,93,93,93,93,93,93,93,93,93,93,93,93,93,93,93,93,93,93,93,93,93,93,93,93,93],"card_choices":[{"not_picked":["Bloodletting","Reckless Charge"],"picked":"Flex","floor":1},{"not_picked":["Anger","Infernal Blade"],"picked":"Shrug It Off","floor":2},{"not_picked":["Flex","Thunderclap","Perfected Strike"],"picked":"SKIP","floor":4},{"not_picked":["Perfected Strike","Anger"],"picked":"Flame Barrier","floor":5},{"not_picked":["Twin Strike","Carnage"],"picked":"Iron Wave","floor":7},{"not_picked":["Body Slam","Anger"],"picked":"Spot Weakness","floor":11},{"not_picked":["Warcry","Entrench"],"picked":"Limit Break","floor":12},{"not_picked":["Dark Embrace","Juggernaut"],"picked":"Demon Form","floor":16},{"not_picked":["Havoc","Power Through"],"picked":"Cleave+1","floor":18},{"not_picked":["Havoc+1","Hemokinesis"],"picked":"Heavy Blade","floor":22},{"not_picked":["Clothesline","Rupture"],"picked":"True Grit+1","floor":24},{"not_picked":["Feel No Pain","Pommel Strike"],"picked":"Shrug It Off","floor":25},{"not_picked":["Headbutt+1","Clash"],"picked":"Impervious","floor":29},{"not_picked":["Cleave","Wild Strike+1"],"picked":"Clothesline+1","floor":30},{"not_picked":["Feel No Pain","Searing Blow+1"],"picked":"Entrench","floor":31},{"not_picked":["Anger","Sentinel"],"picked":"Shrug It Off","floor":32}],"player_experience":525457,"relics_obtained":[{"floor":9,"key":"MawBank"},{"floor":24,"key":"Tiny Chest"},{"floor":26,"key":"Dream Catcher"}],"event_choices":[{"damage_healed":0,"gold_gain":0,"player_choice":"2 cards matched","damage_taken":0,"max_hp_gain":0,"max_hp_loss":0,"event_name":"Match and Keep!","floor":3,"gold_loss":0,"cards_obtained":["PanicButton","Limit Break"]},{"damage_healed":0,"gold_gain":0,"player_choice":"Donut","damage_taken":0,"max_hp_gain":5,"max_hp_loss":0,"event_name":"Big Fish","floor":8,"gold_loss":0},{"damage_healed":0,"gold_gain":0,"cards_transformed":["Strike_R"],"player_choice":"Transformed","damage_taken":0,"max_hp_gain":0,"max_hp_loss":0,"event_name":"Transmorgrifier","floor":14,"gold_loss":0,"cards_obtained":["Wild Strike"]},{"damage_healed":0,"gold_gain":0,"player_choice":"Ignored","damage_taken":0,"max_hp_gain":0,"max_hp_loss":0,"event_name":"N\u0027loth","floor":21,"gold_loss":0},{"damage_healed":0,"gold_gain":250,"player_choice":"Bet on Owner","damage_taken":0,"max_hp_gain":0,"max_hp_loss":0,"event_name":"The Joust","floor":28,"gold_loss":50}],"is_beta":true,"boss_relics":[{"not_picked":["Ectoplasm","Runic Pyramid"],"picked":"Eternal Feather"}],"items_purged_floors":[],"is_endless":false,"potions_floor_spawned":[1,4,7,12,16,18,24,25],"killed_by":"Automaton","ascension_level":5}