{"path_per_floor":["M","?","M","?","$","R","M","?","T","E","M","R","M","M","R","B",null,"M","?","?","M"],"character_chosen":"THE_SILENT","items_purchased":["Noxious Fumes"],"gold_per_floor":[116,116,134,134,56,56,72,72,72,108,128,128,153,176,176,305,305,319,319,319,342,342],"floor_reached":22,"campfire_rested":0,"playtime":1629,"current_hp_per_floor":[67,67,67,67,67,67,67,67,67,46,43,43,36,28,28,11,70,60,60,35,10,0],"items_purged":[],"gold":342,"score":220,"play_id":"db046163-1488-46fe-b1e3-013fad953981","local_time":"20180507191224","is_prod":false,"is_daily":false,"chose_seed":false,"is_ascension_mode":true,"campfire_upgraded":3,"timestamp":1525734744,"path_taken":["M","?","?","?","$","R","M","?","T","E","M","R","M","M","R","BOSS","M","?","?","M","?"],"build_version":"2018-05-03","seed_source_timestamp":0,"purchased_purges":0,"victory":false,"master_deck":["Defend_G","Defend_G","Defend_G","Defend_G","Defend_G","Strike_G","Strike_G","Strike_G","Strike_G","Strike_G","Survivor","Neutralize+1","Backflip","Bouncing Flask","Injury","Noxious Fumes+1","Flying Knee","Heel Hook","Glass Knife","Night Terror+1","Deflect","Backflip","A Thousand Cuts","Malaise","Cloak And Dagger","Cloak And Dagger","Catalyst","Writhe","Ghostly","Ghostly","Ghostly","Ghostly","Ghostly","Terror"],"max_hp_per_floor":[70,70,70,70,70,70,70,70,70,70,70,70,70,70,70,70,70,70,70,35,35,35],"relics":["Ring of the Snake","Ice Cream","Golden Idol","Pen Nib","Ancient Tea Set","Orrery","Toolbox"],"card_choices":[{"not_picked":["Deadly Poison","Underhanded Strike"],"picked":"Backflip","floor":1.0},{"not_picked":["PiercingWail","Cloak And Dagger"],"picked":"Bouncing Flask","floor":3.0},{"not_picked":["Deflect","Slice"],"picked":"Flying Knee","floor":7.0},{"not_picked":["Bane","Quick Slash"],"picked":"Night Terror","floor":10.0},{"not_picked":["Bane","Blade Dance"],"picked":"Deflect","floor":11.0},{"not_picked":["Calculated Gamble","Bane"],"picked":"Backflip","floor":13.0},{"not_picked":["Doppelganger","Phantasmal Killer"],"picked":"A Thousand Cuts","floor":16.0},{"not_picked":["Flying Knee","PiercingWail"],"picked":"Malaise","floor":17},{"not_picked":["PiercingWail","Flechettes"],"picked":"Cloak And Dagger","floor":17},{"not_picked":["Sucker Punch","Masterful Stab"],"picked":"Cloak And Dagger","floor":17},{"not_picked":["Dagger Spray","Dagger Throw"],"picked":"Catalyst","floor":17},{"not_picked":["Concentrate","Escape Plan"],"picked":"Terror","floor":21}],"player_experience":194203,"potions_floor_usage":[22],"damage_taken":[{"damage":3.0,"enemies":"Jaw Worm","floor":1.0,"turns":6.0},{"damage":0.0,"enemies":"Cultist","floor":3.0,"turns":5.0},{"damage":0.0,"enemies":"2 Louse","floor":7.0,"turns":3.0},{"damage":21.0,"enemies":"Lagavulin","floor":10.0,"turns":6.0},{"damage":3.0,"enemies":"Red Slaver","floor":11.0,"turns":4.0},{"damage":7.0,"enemies":"Large Slime","floor":13.0,"turns":6.0},{"damage":8.0,"enemies":"Lots of Slimes","floor":14.0,"turns":6.0},{"damage":17.0,"enemies":"Slime Boss","floor":16.0,"turns":6.0},{"damage":10,"enemies":"Shell Parasite","floor":18,"turns":7},{"damage":25,"enemies":"3 Byrds","floor":21,"turns":4},{"damage":17,"enemies":"Slaver and Parasite","floor":22,"turns":3}],"event_choices":[{"event_name":"Purifier","player_choice":"One Purge","floor":2.0,"damage_taken":0.0},{"event_name":"Golden Idol","player_choice":"Take Wound","floor":4.0,"damage_taken":0.0},{"event_name":"Match and Keep!","player_choice":"2 cards matched","floor":8.0,"damage_taken":0.0},{"event_name":"The Mausoleum","player_choice":"Yes","floor":19,"damage_taken":0},{"event_name":"Ghosts","player_choice":"Became a Ghost","floor":20,"damage_taken":0}],"boss_relics":[{"not_picked":["Calling Bell","Cursed Key"],"picked":"Orrery"}],"potions_floor_spawned":[7,16],"seed_played":"-2684621457490918403","killed_by":"Slaver and Parasite","ascension_level":1,"is_trial":false}