{"gold_per_floor":[117,192,192,216,227,227,227,402,402,435,435,435,435,453,453,453],"floor_reached":16,"playtime":559,"items_purged":[],"score":146,"play_id":"3966e8e9-d2cd-4ab7-bd82-68c110053c3b","local_time":"20181111010909","daily_mods":["SealedDeck","Hoarder","Heirloom","Flight"],"is_ascension_mode":false,"campfire_choices":[{"data":"Rampage","floor":6,"key":"PURGE"},{"data":"Warcry","floor":7,"key":"PURGE"},{"data":"Doubt","floor":12,"key":"PURGE"},{"data":"Doubt","floor":13,"key":"PURGE"},{"data":"Doubt","floor":15,"key":"PURGE"}],"neow_cost":"","seed_source_timestamp":278543530223844,"circlet_count":0,"master_deck":["Thunderclap","Thunderclap","Thunderclap","Thunderclap","Thunderclap","Warcry","Warcry","Headbutt","Headbutt","Headbutt","Rampage","Rampage","Pommel Strike","Pommel Strike","Pommel Strike","Flex","Flex","Flex","Seeing Red","Seeing Red","Seeing Red","Seeing Red","Seeing Red","Seeing Red","Shrug It Off","Shrug It Off","Shrug It Off"],"relics":["Burning Blood","Peace Pipe","Strawberry","The Courier","Bag of Marbles","Golden Idol"],"potions_floor_usage":[16],"damage_taken":[{"damage":0,"enemies":"Small Slimes","floor":1,"turns":2},{"damage":3,"enemies":"Jaw Worm","floor":5,"turns":2},{"damage":20,"enemies":"Lagavulin","floor":10,"turns":5},{"damage":0,"enemies":"Cultist","floor":14,"turns":1},{"damage":12,"enemies":"The Guardian","floor":16,"turns":2}],"seed_played":"-8414188368486403630","potions_obtained":[{"floor":1,"key":"PowerPotion"},{"floor":10,"key":"PowerPotion"}],"is_trial":true,"path_per_floor":["M","?","?","T","M","R","R","?","T","E","?","R","R","M","R","B"],"character_chosen":"IRONCLAD","items_purchased":[],"campfire_rested":0,"item_purchase_floors":[],"current_hp_per_floor":[80,69,62,69,72,72,72,72,72,58,37,37,37,43,43,31],"gold":453,"neow_bonus":"","is_prod":false,"is_daily":false,"chose_seed":false,"campfire_upgraded":0,"win_rate":0,"timestamp":1541916549,"path_taken":["M","?","?","?","?","R","R","?","T","E","?","R","R","M","R","BOSS"],"build_version":"2018-11-08","purchased_purges":0,"victory":false,"max_hp_per_floor":[80,80,80,87,87,87,87,87,87,87,87,87,87,87,87,87],"card_choices":[{"not_picked":["Cleave","Iron Wave","True Grit"],"picked":"SKIP","floor":1},{"not_picked":["Headbutt","Shrug It Off","Searing Blow"],"picked":"SKIP","floor":5},{"not_picked":["Anger","Pommel Strike","Hemokinesis"],"picked":"SKIP","floor":10},{"not_picked":["Sword Boomerang","Iron Wave","Flex"],"picked":"SKIP","floor":14}],"player_experience":338023,"relics_obtained":[{"floor":4,"key":"Strawberry"},{"floor":9,"key":"The Courier"},{"floor":10,"key":"Bag of Marbles"}],"event_choices":[{"damage_healed":0,"gold_gain":75,"player_choice":"Gather Gold","damage_taken":11,"max_hp_gain":0,"max_hp_loss":0,"event_name":"World of Goop","floor":2,"gold_loss":0},{"cards_removed":["Thunderclap"],"damage_healed":0,"gold_gain":0,"player_choice":"Card Removal","damage_taken":7,"max_hp_gain":0,"max_hp_loss":0,"event_name":"Golden Wing","floor":3,"gold_loss":0},{"damage_healed":0,"gold_gain":175,"player_choice":"AGREE","damage_taken":0,"max_hp_gain":0,"max_hp_loss":0,"event_name":"Liars Game","floor":8,"gold_loss":0,"cards_obtained":["Doubt"]},{"damage_healed":0,"gold_gain":0,"player_choice":"Take Damage","damage_taken":21,"relics_obtained":["Golden Idol"],"max_hp_gain":0,"max_hp_loss":0,"event_name":"Golden Idol","floor":11,"gold_loss":0}],"is_beta":true,"boss_relics":[],"items_purged_floors":[],"is_endless":false,"potions_floor_spawned":[1,10],"killed_by":"The Guardian","ascension_level":0}