{"gold_per_floor":[118,118,118,136,86,86,0,34,34,59,74,86,106,118,118,215,215,232,249,349,192,192],"floor_reached":22,"playtime":1774,"items_purged":["Pain"],"score":236,"play_id":"93bfcf26-394c-4493-a8df-f0c9349180ac","local_time":"20190626195111","is_ascension_mode":false,"campfire_choices":[{"data":"Cold Snap","floor":6.0,"key":"SMITH"},{"data":"Defragment","floor":15,"key":"SMITH"}],"neow_cost":"NONE","seed_source_timestamp":0,"circlet_count":0,"master_deck":["Strike_B+1","Strike_B+1","Strike_B","Defend_B","Defend_B","Defend_B","Defend_B","Zap","Dualcast","Cold Snap+1","Hologram","Loop","Streamline","Rebound","Fusion","Defragment","Barrage","Defragment+1","Core Surge","Shame","Decay","Turbo+1","Blizzard","Self Repair"],"special_seed":0,"relics":["Cracked Core","NeowsBlessing","Bag of Marbles","Thread and Needle","Whetstone","Calling Bell","Lantern","Pear","Unceasing Top"],"potions_floor_usage":[14,16],"damage_taken":[{"damage":0.0,"enemies":"Jaw Worm","floor":1.0,"turns":1.0},{"damage":0.0,"enemies":"2 Louse","floor":4.0,"turns":1.0},{"damage":0.0,"enemies":"3 Sentries","floor":8.0,"turns":2.0},{"damage":0.0,"enemies":"Small Slimes","floor":11.0,"turns":2.0},{"damage":1,"enemies":"Looter","floor":12,"turns":3},{"damage":0,"enemies":"Exordium Thugs","floor":13,"turns":4},{"damage":1,"enemies":"Lots of Slimes","floor":14,"turns":2},{"damage":58,"enemies":"Hexaghost","floor":16,"turns":10},{"damage":35,"enemies":"2 Thieves","floor":18,"turns":4},{"damage":14,"enemies":"3 Byrds","floor":19,"turns":4},{"damage":40,"enemies":"Centurion and Healer","floor":22,"turns":5}],"seed_played":"2573574115844182006","potions_obtained":[{"floor":1.0,"key":"Regen Potion"},{"floor":12,"key":"Explosive Potion"},{"floor":14,"key":"FairyPotion"},{"floor":16,"key":"Ancient Potion"},{"floor":19,"key":"Dexterity Potion"}],"is_trial":false,"path_per_floor":["M","?","?","M","?","R","$","E","T","T","M","M","M","M","R","B",null,"M","M","?","$","M"],"character_chosen":"DEFECT","items_purchased":["Loop","Streamline","Self Repair"],"campfire_rested":0,"item_purchase_floors":[7,7,21],"current_hp_per_floor":[75,80,80,80,80,80,80,80,80,80,80,79,79,78,78,32,90,55,41,41,41,1],"gold":192,"neow_bonus":"THREE_ENEMY_KILL","is_prod":false,"is_daily":false,"chose_seed":false,"campfire_upgraded":2,"win_rate":0,"timestamp":1561593071,"path_taken":["M","?","?","M","?","R","$","E","T","?","M","M","M","M","R","BOSS","M","M","?","$","M"],"build_version":"2019-01-23","purchased_purges":1,"victory":false,"max_hp_per_floor":[75,80,80,80,80,80,80,80,80,80,80,80,80,80,80,80,90,90,90,90,90,90],"card_choices":[{"not_picked":["Steam","Redo"],"picked":"Cold Snap","floor":1.0},{"not_picked":["Undo","Rebound"],"picked":"Hologram","floor":4.0},{"not_picked":["Rip and Tear","Ball Lightning"],"picked":"Rebound","floor":8.0},{"not_picked":["Skim","Compile Driver"],"picked":"Fusion","floor":11},{"not_picked":["Sunder","Double Energy"],"picked":"Defragment","floor":12},{"not_picked":["Rebound","Redo"],"picked":"Barrage","floor":13},{"not_picked":["Hologram","Loop"],"picked":"Defragment","floor":14},{"not_picked":["All For One","Amplify"],"picked":"Core Surge","floor":16},{"not_picked":["Skim","FTL"],"picked":"Turbo+1","floor":18},{"not_picked":["Cold Snap","Barrage"],"picked":"Blizzard","floor":19}],"player_experience":483349,"relics_obtained":[{"floor":8.0,"key":"Bag of Marbles"},{"floor":9.0,"key":"Thread and Needle"},{"floor":10.0,"key":"Whetstone"},{"floor":17,"key":"Lantern"},{"floor":17,"key":"Pear"},{"floor":17,"key":"Unceasing Top"}],"event_choices":[{"damage_healed":0.0,"max_hp_gain":5.0,"max_hp_loss":0.0,"gold_gain":0.0,"event_name":"Big Fish","player_choice":"Donut","floor":2.0,"gold_loss":0.0,"damage_taken":0.0},{"damage_healed":0.0,"max_hp_gain":0.0,"max_hp_loss":0.0,"gold_gain":0.0,"event_name":"Golden Idol","player_choice":"Ignored","floor":3.0,"gold_loss":0.0,"damage_taken":0.0},{"cards_removed":["Strike_B"],"damage_healed":0.0,"max_hp_gain":0.0,"max_hp_loss":0.0,"gold_gain":0.0,"event_name":"The Cleric","player_choice":"Card Removal","floor":5.0,"gold_loss":50.0,"damage_taken":0.0},{"damage_healed":0,"gold_gain":100,"player_choice":"Pray","damage_taken":0,"max_hp_gain":0,"max_hp_loss":0,"event_name":"Golden Shrine","floor":20,"gold_loss":0}],"is_beta":false,"boss_relics":[{"not_picked":["Sozu","Tiny House"],"picked":"Calling Bell"}],"items_purged_floors":[21],"is_endless":false,"potions_floor_spawned":[1,12,14,16,19],"killed_by":"Centurion and Healer","ascension_level":0}