{"gold_per_floor":[117,117,135,135,148,148,162,162,212,232,232,250,267,277,277,382,382,398,50,62,62,161,161,195,210,210,210,226,226,239,252,252,351,351,364,364,216,1215,330,360,375,375,375,375,389,35,55,15,15,15],"floor_reached":51,"playtime":3101,"items_purged":["Strike_R","Strike_R","Normality","Normality"],"score":1136,"play_id":"bab3648a-5800-451b-83d9-5df8f9d6f897","local_time":"20181204042559","is_ascension_mode":true,"campfire_choices":[{"data":"Metallicize","floor":6,"key":"SMITH"},{"data":"Whirlwind","floor":8,"key":"SMITH"},{"data":"Dual Wield","floor":15,"key":"SMITH"},{"data":"Metallicize","floor":23,"key":"SMITH"},{"floor":29,"key":"REST"},{"floor":32,"key":"REST"},{"floor":42,"key":"REST"},{"floor":44,"key":"RECALL"},{"floor":49,"key":"REST"}],"neow_cost":"NONE","seed_source_timestamp":478416467243118,"circlet_count":0,"master_deck":["AscendersBane","Defend_R","Defend_R","Defend_R","Bash","Shrug It Off","Impervious","Metallicize+1","Pommel Strike","Whirlwind+1","Feed","Spot Weakness","Dual Wield+1","Spot Weakness","Offering","Iron Wave+1","Metallicize+1","Feed","Uppercut+1","Dropkick+1","Demon Form","Inflame+1","Mayhem"],"relics":["Burning Blood","WarpedTongs","Bag of Preparation","Spirit Poop","Empty Cage","Oddly Smooth Stone","Juzu Bracelet","Nunchaku","Fusion Hammer","Happy Flower","Bronze Scales","Toolbox","Strawberry","Regal Pillow","MealTicket"],"potions_floor_usage":[1,7,13,18,20,20,20,28,33,33,33,50,50,50,50,50],"damage_taken":[{"damage":1,"enemies":"Jaw Worm","floor":1,"turns":5},{"damage":0,"enemies":"Small Slimes","floor":3,"turns":5},{"damage":6,"enemies":"Cultist","floor":5,"turns":5},{"damage":12,"enemies":"Looter","floor":7,"turns":3},{"damage":1,"enemies":"Lots of Slimes","floor":10,"turns":2},{"damage":1,"enemies":"Blue Slaver","floor":12,"turns":4},{"damage":0,"enemies":"Looter","floor":13,"turns":1},{"damage":12,"enemies":"2 Fungi Beasts","floor":14,"turns":5},{"damage":0,"enemies":"The Guardian","floor":16,"turns":16},{"damage":19,"enemies":"Spheric Guardian","floor":18,"turns":5},{"damage":9,"enemies":"2 Thieves","floor":20,"turns":4},{"damage":64,"enemies":"Book of Stabbing","floor":24,"turns":8},{"damage":12,"enemies":"3 Cultists","floor":25,"turns":5},{"damage":27,"enemies":"Chosen and Byrds","floor":28,"turns":7},{"damage":18,"enemies":"Snake Plant","floor":30,"turns":8},{"damage":21,"enemies":"Shelled Parasite and Fungi","floor":31,"turns":9},{"damage":20,"enemies":"Automaton","floor":33,"turns":8},{"damage":10,"enemies":"Orb Walker","floor":35,"turns":5},{"damage":19,"enemies":"Giant Head","floor":40,"turns":6},{"damage":10,"enemies":"3 Darklings","floor":41,"turns":8},{"damage":29,"enemies":"Transient","floor":45,"turns":5},{"damage":6,"enemies":"4 Shapes","floor":47,"turns":2},{"damage":66,"enemies":"Time Eater","floor":50,"turns":7}],"seed_played":"-2448656176958462588","potions_obtained":[{"floor":0,"key":"AttackPotion"},{"floor":0,"key":"Explosive Potion"},{"floor":0,"key":"Weak Potion"},{"floor":5,"key":"Weak Potion"},{"floor":10,"key":"LiquidBronze"},{"floor":16,"key":"GamblersBrew"},{"floor":24,"key":"PowerPotion"},{"floor":25,"key":"Explosive Potion"},{"floor":28,"key":"Energy Potion"},{"floor":30,"key":"FearPotion"},{"floor":48,"key":"EntropicBrew"}],"is_trial":false,"path_per_floor":["M","?","M","?","M","R","M","R","T","M","?","M","M","M","R","B",null,"M","$","M","?","?","R","E","M","T","?","M","R","M","M","R","B",null,"M","?","$","?","$","E","M","R","T","R","M","$","M","?","R","B",null],"character_chosen":"IRONCLAD","items_purchased":["Oddly Smooth Stone","Strength Potion","Metallicize","Dexterity Potion","Happy Flower","Bronze Scales","Toolbox","Mayhem","PowerPotion","SpeedPotion","MealTicket"],"campfire_rested":4,"item_purchase_floors":[19,19,19,37,39,39,39,39,39,39,46],"current_hp_per_floor":[77,77,80,80,80,80,74,74,74,79,79,83,87,84,84,94,94,84,84,84,84,84,84,30,30,30,30,15,49,40,32,69,59,112,108,108,108,108,108,106,106,145,145,145,122,122,125,125,148,100],"gold":15,"neow_bonus":"THREE_SMALL_POTIONS","is_prod":false,"is_daily":false,"chose_seed":false,"campfire_upgraded":4,"win_rate":0,"timestamp":1543915559,"path_taken":["M","?","M","?","?","R","M","R","T","M","?","?","M","M","R","BOSS","M","$","M","?","?","R","E","M","T","?","M","R","M","M","R","BOSS","M","?","$","?","$","E","M","R","T","R","M","?","M","?","R","BOSS"],"build_version":"2018-11-15","purchased_purges":4,"victory":true,"max_hp_per_floor":[80,80,80,80,80,80,80,80,80,80,80,83,87,90,90,94,94,97,97,100,100,100,100,104,110,110,110,116,116,119,126,126,130,130,130,130,130,130,130,141,145,145,145,145,145,145,148,148,148,148],"card_choices":[{"not_picked":["Headbutt","Second Wind"],"picked":"Shrug It Off","floor":1},{"not_picked":["Heavy Blade","Flex"],"picked":"Metallicize","floor":3},{"not_picked":["Headbutt","Shrug It Off"],"picked":"Pommel Strike","floor":5},{"not_picked":["Anger","Evolve"],"picked":"Whirlwind","floor":7},{"not_picked":["Warcry","Blood for Blood"],"picked":"Feed","floor":10},{"not_picked":["Havoc","Searing Blow"],"picked":"Spot Weakness","floor":12},{"not_picked":["Intimidate","Reckless Charge"],"picked":"Dual Wield","floor":13},{"not_picked":["Pummel","Evolve"],"picked":"Spot Weakness","floor":14},{"not_picked":["Juggernaut","Brutality"],"picked":"Offering","floor":16},{"not_picked":["Pommel Strike","Armaments"],"picked":"Iron Wave+1","floor":18},{"not_picked":["Perfected Strike","Sword Boomerang","Thunderclap"],"picked":"SKIP","floor":20},{"not_picked":["Body Slam+1","Burning Pact+1"],"picked":"Feed","floor":24},{"not_picked":["Combust+1","Havoc","Feel No Pain"],"picked":"SKIP","floor":25},{"not_picked":["Iron Wave","Armaments","Perfected Strike"],"picked":"SKIP","floor":28},{"not_picked":["Thunderclap","Twin Strike"],"picked":"Uppercut+1","floor":30},{"not_picked":["Headbutt","Anger"],"picked":"Dropkick+1","floor":31},{"not_picked":["Brutality","Fiend Fire"],"picked":"Demon Form","floor":33},{"not_picked":["Clothesline+1","Twin Strike"],"picked":"Inflame+1","floor":35},{"not_picked":["Uppercut","Wild Strike","Sever Soul"],"picked":"SKIP","floor":40},{"not_picked":["Corruption","Feel No Pain","Wild Strike"],"picked":"SKIP","floor":41},{"not_picked":["Corruption","Feel No Pain","Wild Strike"],"picked":"SKIP","floor":41},{"not_picked":["Rampage","Clothesline+1","True Grit+1"],"picked":"SKIP","floor":45},{"not_picked":["Bloodletting+1","Havoc","Fire Breathing"],"picked":"SKIP","floor":47}],"player_experience":579651,"relics_obtained":[{"floor":9,"key":"Bag of Preparation"},{"floor":24,"key":"Juzu Bracelet"},{"floor":26,"key":"Nunchaku"},{"floor":40,"key":"Strawberry"},{"floor":43,"key":"Regal Pillow"}],"event_choices":[{"damage_healed":0,"gold_gain":0,"cards_transformed":["Strike_R"],"player_choice":"Change","damage_taken":0,"max_hp_gain":0,"max_hp_loss":0,"event_name":"Living Wall","floor":2,"gold_loss":0,"cards_obtained":["Impervious"]},{"damage_healed":0,"gold_gain":0,"player_choice":"Rummage","damage_taken":0,"relics_obtained":["WarpedTongs"],"max_hp_gain":0,"max_hp_loss":0,"event_name":"Accursed Blacksmith","floor":4,"gold_loss":0,"cards_obtained":["Pain"]},{"cards_removed":["Pain"],"damage_healed":0,"gold_gain":0,"player_choice":"Offered Curse","damage_taken":0,"relics_obtained":["Spirit Poop"],"max_hp_gain":0,"max_hp_loss":0,"event_name":"Bonfire Elementals","floor":11,"gold_loss":0},{"damage_healed":0,"gold_gain":0,"player_choice":"Ignored","damage_taken":0,"max_hp_gain":0,"max_hp_loss":0,"event_name":"Vampires","floor":21,"gold_loss":0},{"damage_healed":0,"gold_gain":99,"player_choice":"Stole From Cult","damage_taken":0,"max_hp_gain":0,"max_hp_loss":0,"event_name":"Nest","floor":22,"gold_loss":0},{"damage_healed":0,"gold_gain":0,"player_choice":"Ignored","damage_taken":0,"max_hp_gain":0,"max_hp_loss":0,"event_name":"Ghosts","floor":27,"gold_loss":0},{"cards_removed":["Defend_R"],"damage_healed":0,"gold_gain":0,"player_choice":"Removed Skill","damage_taken":0,"max_hp_gain":0,"max_hp_loss":0,"event_name":"Falling","floor":36,"gold_loss":0},{"damage_healed":0,"gold_gain":999,"player_choice":"Gold","damage_taken":0,"max_hp_gain":0,"max_hp_loss":0,"event_name":"MindBloom","floor":38,"gold_loss":0,"cards_obtained":["Normality","Normality"]},{"damage_healed":0,"gold_gain":0,"player_choice":"Bought 3 Potions","damage_taken":0,"max_hp_gain":0,"max_hp_loss":0,"event_name":"The Woman in Blue","floor":48,"gold_loss":0}],"is_beta":true,"boss_relics":[{"not_picked":["Runic Pyramid","Mark of Pain"],"picked":"Empty Cage"},{"not_picked":["Philosopher\u0027s Stone","Coffee Dripper"],"picked":"Fusion Hammer"}],"items_purged_floors":[19,37,39,46],"is_endless":false,"potions_floor_spawned":[5,10,16,24,25,28,30,41,45,47],"ascension_level":10}