{"gold_per_floor":[117,93,104,114,114,114,147,147,230,271,271,58,72,42,42,163,163,163,103,103,103,103,103,103,103,103,103,7,7,7,7,7,7],"floor_reached":33,"playtime":2244,"items_purged":[],"score":492,"play_id":"1c7bf6db-05ea-4e01-acb0-db82e86ea6b6","local_time":"20190723181624","is_ascension_mode":true,"campfire_choices":[{"data":"Neutralize","floor":6,"key":"SMITH"},{"floor":11,"key":"REST"},{"floor":15,"key":"REST"},{"floor":23,"key":"REST"},{"floor":25,"key":"REST"},{"floor":29,"key":"REST"},{"data":"Bite","floor":32,"key":"SMITH"}],"neow_cost":"NONE","seed_source_timestamp":494422327856574,"circlet_count":0,"master_deck":["AscendersBane","Defend_G","Defend_G+1","Defend_G","Defend_G","Defend_G","Survivor+1","Neutralize+1","Leg Sweep","Poisoned Stab","Caltrops","Crippling Poison","Footwork","Bouncing Flask","Flying Knee","Corpse Explosion","Footwork","Well Laid Plans","Cloak And Dagger+1","Bite","Bite","Bite","Bite","Bite+1","Die Die Die","Cloak And Dagger","Deflect","PiercingWail"],"relics":["Ring of the Snake","Omamori","Golden Idol","Tiny Chest","War Paint","Ectoplasm","Ornamental Fan","Sundial","Letter Opener","Gremlin Horn"],"potions_floor_usage":[10,10,10,20,20,27,33],"damage_taken":[{"damage":6,"enemies":"2 Louse","floor":1,"turns":3},{"damage":4,"enemies":"Small Slimes","floor":3,"turns":7},{"damage":0,"enemies":"Jaw Worm","floor":4,"turns":6},{"damage":36,"enemies":"Lagavulin","floor":7,"turns":12},{"damage":11,"enemies":"3 Sentries","floor":10,"turns":10},{"damage":3,"enemies":"Gremlin Gang","floor":13,"turns":7},{"damage":0,"enemies":"Looter","floor":14,"turns":4},{"damage":14,"enemies":"The Guardian","floor":16,"turns":10},{"damage":11,"enemies":"Spheric Guardian","floor":18,"turns":4},{"damage":16,"enemies":"2 Thieves","floor":19,"turns":4},{"damage":20,"enemies":"Cultist and Chosen","floor":20,"turns":6},{"damage":7,"enemies":"Snecko","floor":21,"turns":5},{"damage":31,"enemies":"Book of Stabbing","floor":24,"turns":7},{"damage":15,"enemies":"Slavers","floor":27,"turns":3},{"damage":27,"enemies":"Gremlin Leader","floor":30,"turns":10},{"damage":66,"enemies":"Automaton","floor":33,"turns":6}],"seed_played":"-2966713687758676629","potions_obtained":[{"floor":0,"key":"EssenceOfSteel"},{"floor":0,"key":"SkillPotion"},{"floor":0,"key":"SteroidPotion"},{"floor":10,"key":"GhostInAJar"},{"floor":13,"key":"Energy Potion"}],"is_trial":false,"path_per_floor":["M","?","M","M","?","R","E","?","T","E","R","$","M","M","R","B",null,"M","M","M","M","?","R","E","R","T","E","$","R","E","$","R","B"],"character_chosen":"THE_SILENT","items_purchased":["Footwork","Bouncing Flask","Regen Potion","Dexterity Potion","Deflect"],"campfire_rested":5,"item_purchase_floors":[12,12,12,28,28],"current_hp_per_floor":[57,57,53,53,53,53,17,17,17,6,27,27,24,24,45,31,60,49,33,22,15,15,29,10,24,24,11,11,25,24,24,24,0],"gold":7,"neow_bonus":"THREE_SMALL_POTIONS","is_prod":false,"is_daily":false,"chose_seed":false,"campfire_upgraded":2,"win_rate":0,"timestamp":1563923784,"path_taken":["M","?","M","M","?","R","E","?","T","E","R","$","?","M","R","BOSS","M","?","M","M","?","R","E","R","T","E","$","R","E","$","R","BOSS"],"build_version":"2019-07-17","purchased_purges":0,"victory":false,"max_hp_per_floor":[70,70,70,70,70,70,70,70,70,70,70,70,70,70,70,70,70,70,70,70,70,49,49,49,49,49,49,49,49,49,49,49,49],"card_choices":[{"not_picked":["Poisoned Stab","Deadly Poison"],"picked":"Leg Sweep","floor":1},{"not_picked":["Calculated Gamble","Underhanded Strike"],"picked":"Poisoned Stab","floor":3},{"not_picked":["Flechettes","Acrobatics"],"picked":"Caltrops","floor":4},{"not_picked":["Blade Dance","Prepared","Grand Finale"],"picked":"SKIP","floor":7},{"not_picked":["Blur","Setup"],"picked":"Crippling Poison","floor":10},{"not_picked":["Underhanded Strike","Blade Dance"],"picked":"Flying Knee","floor":13},{"not_picked":["Infinite Blades","Expertise","Sucker Punch"],"picked":"SKIP","floor":14},{"not_picked":["Wraith Form v2","Doppelganger"],"picked":"Corpse Explosion","floor":16},{"not_picked":["Flechettes","Bane+1"],"picked":"Footwork","floor":18},{"not_picked":["Accuracy","Underhanded Strike+1"],"picked":"Well Laid Plans","floor":19},{"not_picked":["Prepared","Bane+1"],"picked":"Cloak And Dagger+1","floor":20},{"not_picked":["Bane","Deadly Poison","Finisher"],"picked":"SKIP","floor":21},{"not_picked":["Finisher+1","Dagger Throw"],"picked":"Die Die Die","floor":24},{"not_picked":["Reflex","Accuracy"],"picked":"Cloak And Dagger","floor":27},{"not_picked":["Cloak And Dagger","Riddle With Holes+1"],"picked":"PiercingWail","floor":30}],"player_experience":220162,"relics_obtained":[{"floor":7,"key":"Omamori"},{"floor":9,"key":"Tiny Chest"},{"floor":10,"key":"War Paint"},{"floor":24,"key":"Ornamental Fan"},{"floor":26,"key":"Sundial"},{"floor":27,"key":"Letter Opener"},{"floor":30,"key":"Gremlin Horn"}],"event_choices":[{"damage_healed":0,"gold_gain":0,"player_choice":"Left Gold","damage_taken":0,"max_hp_gain":0,"max_hp_loss":0,"event_name":"World of Goop","floor":2,"gold_loss":24},{"cards_removed":["Strike_G"],"damage_healed":0,"gold_gain":0,"player_choice":"Forget","damage_taken":0,"max_hp_gain":0,"max_hp_loss":0,"event_name":"Living Wall","floor":5,"gold_loss":0},{"damage_healed":0,"gold_gain":0,"player_choice":"Take Wound","damage_taken":0,"relics_obtained":["Golden Idol"],"max_hp_gain":0,"max_hp_loss":0,"event_name":"Golden Idol","floor":8,"gold_loss":0,"cards_obtained":["Injury"]},{"damage_healed":0,"gold_gain":0,"player_choice":"Became a vampire","damage_taken":0,"max_hp_gain":0,"max_hp_loss":21,"event_name":"Vampires","floor":22,"gold_loss":0,"cards_obtained":["Bite","Bite","Bite","Bite","Bite"]}],"is_beta":false,"boss_relics":[{"not_picked":["Eternal Feather","Calling Bell"],"picked":"Ectoplasm"}],"items_purged_floors":[],"is_endless":false,"potions_floor_spawned":[4,10,13,19],"killed_by":"Automaton","ascension_level":10}