{"gold_per_floor":[110,110,121,18,18,48,59,78,103,103,117,117,135,135,135,233,233,244,244,31,31,31,56,56,68,68,82,82,94,94,94,94,94],"floor_reached":33,"playtime":1847,"items_purged":[],"score":265,"play_id":"3af69805-6d32-48cf-a5f7-bcd9fc4ccd52","local_time":"20190207204410","is_ascension_mode":false,"campfire_choices":[{"floor":10,"key":"REST"},{"floor":12,"key":"REST"},{"data":"Carnage","floor":15,"key":"SMITH"},{"floor":24,"key":"REST"},{"data":"Flame Barrier","floor":30,"key":"SMITH"},{"data":"Carnage","floor":32,"key":"SMITH"}],"neow_cost":"NONE","seed_source_timestamp":1319162045049,"circlet_count":0,"master_deck":["Strike_R+1","Strike_R+1","Strike_R+1","Strike_R+1","Strike_R+1","Defend_R+1","Defend_R+1","Defend_R+1","Defend_R+1","Bash","Evolve","Searing Blow","Rage+1","Carnage+1","Twin Strike","Spot Weakness","Pommel Strike","Immolate","Iron Wave","Flame Barrier+1","Carnage+1","RitualDagger","Body Slam+1","Perfected Strike+1","Disarm+1"],"relics":["Sozu","War Paint","Omamori","Eternal Feather","Lantern","Meat on the Bone"],"potions_floor_usage":[],"damage_taken":[{"damage":0,"enemies":"2 Louse","floor":1,"turns":3},{"damage":1,"enemies":"Cultist","floor":3,"turns":3},{"damage":55,"enemies":"Lagavulin","floor":6,"turns":9},{"damage":0,"enemies":"Small Slimes","floor":7,"turns":2},{"damage":7,"enemies":"Blue Slaver","floor":8,"turns":3},{"damage":0,"enemies":"3 Louse","floor":11,"turns":4},{"damage":0,"enemies":"Exordium Thugs","floor":13,"turns":4},{"damage":54,"enemies":"The Guardian","floor":16,"turns":11},{"damage":2,"enemies":"Chosen","floor":18,"turns":4},{"damage":60,"enemies":"Slavers","floor":23,"turns":11},{"damage":12,"enemies":"2 Thieves","floor":25,"turns":3},{"damage":4,"enemies":"Cultist and Chosen","floor":27,"turns":5},{"damage":6,"enemies":"Snake Plant","floor":29,"turns":4},{"damage":82,"enemies":"Collector","floor":33,"turns":10}],"seed_played":"-5730209310215902419","potions_obtained":[],"is_trial":false,"path_per_floor":["M","?","M","$","?","E","M","M","T","R","M","R","M","?","R","B",null,"M","?","$","?","?","E","R","M","T","M","?","M","R","$","R","B"],"character_chosen":"IRONCLAD","items_purchased":["Searing Blow","Rage","Lantern","Carnage"],"campfire_rested":3,"item_purchase_floors":[4,4,20,20],"current_hp_per_floor":[80,80,79,79,63,8,8,1,1,25,25,49,49,69,69,15,80,78,78,78,78,72,12,48,36,36,44,44,50,65,65,80,0],"gold":94,"neow_bonus":"BOSS_RELIC","is_prod":false,"is_daily":false,"chose_seed":false,"campfire_upgraded":3,"win_rate":0,"timestamp":1549590250,"path_taken":["M","?","?","?","?","E","M","M","T","R","M","R","M","?","R","BOSS","M","?","$","?","?","E","R","M","T","M","?","?","R","$","R","BOSS"],"build_version":"2019-01-23","purchased_purges":0,"victory":false,"max_hp_per_floor":[80,80,80,80,80,80,80,80,80,80,80,80,80,80,80,80,80,80,80,80,80,80,80,80,80,80,80,80,80,80,80,80,80],"card_choices":[{"not_picked":["Battle Trance","Clothesline"],"picked":"Evolve","floor":1},{"not_picked":["Corruption","Metallicize","Body Slam"],"picked":"SKIP","floor":3},{"not_picked":["Barricade","Clash"],"picked":"Carnage","floor":6},{"not_picked":["Havoc","Wild Strike","Clash"],"picked":"SKIP","floor":7},{"not_picked":["Clash","Rampage"],"picked":"Twin Strike","floor":8},{"not_picked":["Metallicize","Searing Blow"],"picked":"Spot Weakness","floor":11},{"not_picked":["Clothesline","Havoc"],"picked":"Pommel Strike","floor":13},{"not_picked":["Reaper","Fiend Fire"],"picked":"Immolate","floor":16},{"not_picked":["Thunderclap","Warcry"],"picked":"Iron Wave","floor":18},{"not_picked":["Searing Blow+1","Twin Strike"],"picked":"Body Slam+1","floor":23},{"not_picked":["Cleave","Rampage+1","Sever Soul"],"picked":"SKIP","floor":25},{"not_picked":["Cleave","Carnage"],"picked":"Perfected Strike+1","floor":27},{"not_picked":["Combust","True Grit"],"picked":"Disarm+1","floor":29}],"player_experience":186318,"relics_obtained":[{"floor":6,"key":"War Paint"},{"floor":9,"key":"Omamori"},{"floor":26,"key":"Meat on the Bone"}],"event_choices":[{"damage_healed":0,"gold_gain":0,"player_choice":"Got Potions","damage_taken":0,"max_hp_gain":0,"max_hp_loss":0,"event_name":"Lab","floor":2,"gold_loss":0},{"damage_healed":0,"gold_gain":0,"player_choice":"Entered Light","damage_taken":16,"max_hp_gain":0,"max_hp_loss":0,"event_name":"Shining Light","floor":5,"gold_loss":0,"cards_upgraded":["Strike_R","Defend_R"]},{"damage_healed":20,"gold_gain":0,"player_choice":"Healed and dodged fight","damage_taken":0,"max_hp_gain":0,"max_hp_loss":0,"event_name":"Mushrooms","floor":14,"gold_loss":0,"cards_obtained":["Parasite"]},{"damage_healed":0,"gold_gain":0,"player_choice":"Read","damage_taken":0,"max_hp_gain":0,"max_hp_loss":0,"event_name":"The Library","floor":19,"gold_loss":0,"cards_obtained":["Flame Barrier"]},{"damage_healed":0,"gold_gain":0,"player_choice":"Ignored","damage_taken":0,"max_hp_gain":0,"max_hp_loss":0,"event_name":"Ghosts","floor":21,"gold_loss":0},{"damage_healed":0,"gold_gain":0,"player_choice":"Joined the Cult","damage_taken":6,"max_hp_gain":0,"max_hp_loss":0,"event_name":"Nest","floor":22,"gold_loss":0,"cards_obtained":["RitualDagger"]},{"damage_healed":0,"gold_gain":0,"player_choice":"Simplicity","damage_taken":0,"max_hp_gain":0,"max_hp_loss":0,"event_name":"Back to Basics","floor":28,"gold_loss":0,"cards_upgraded":["Strike_R","Strike_R","Strike_R","Strike_R","Defend_R","Defend_R"]}],"is_beta":false,"boss_relics":[{"not_picked":["Black Star","Runic Cube"],"picked":"Eternal Feather"}],"items_purged_floors":[],"is_endless":false,"potions_floor_spawned":[1,3,6,8,25,27,29],"killed_by":"Collector","ascension_level":0}