{"path_per_floor":["M","M","M","M","M","R","E","?","T","R","E","R","?","M","R","B",null,"M","?","M","?","M","R","$","M","T","?","M","R","$","E","R"],"character_chosen":"IRONCLAD","items_purchased":["Meat on the Bone","AttackPotion","LiquidBronze","Poison Potion"],"gold_per_floor":[99,114,132,146,157,157,187,187,187,187,218,218,183,194,194,293,293,310,310,320,420,439,439,177,196,196,196,209,209,36,70,70,70],"floor_reached":33,"campfire_rested":2,"playtime":3655,"item_purchase_floors":[24,30,30,30],"current_hp_per_floor":[88,84,86,88,88,88,58,80,80,80,75,75,88,78,78,24,88,64,64,57,57,34,60,60,48,48,48,62,62,62,55,81,0],"items_purged":[],"gold":70,"score":277,"play_id":"0e0ec9a4-17f6-43cf-b44d-8767ef1f0c28","local_time":"20180608214424","is_prod":false,"is_daily":false,"chose_seed":false,"is_ascension_mode":false,"campfire_upgraded":5,"win_rate":0.0,"timestamp":1528508664,"campfire_choices":[{"data":"Whirlwind","floor":6,"key":"SMITH"},{"data":"Clothesline","floor":10,"key":"SMITH"},{"data":"Sever Soul","floor":12,"key":"SMITH"},{"data":"Pommel Strike","floor":15,"key":"SMITH"},{"floor":23,"key":"REST"},{"data":"Double Tap","floor":29,"key":"SMITH"},{"floor":32,"key":"REST"}],"path_taken":["M","M","M","M","M","R","E","?","T","R","E","R","?","M","R","BOSS","M","?","M","?","M","R","$","M","T","?","M","R","?","E","R","BOSS"],"build_version":"2018-06-07v3","seed_source_timestamp":514377243495130,"purchased_purges":0,"victory":false,"master_deck":["Strike_R","Strike_R","Strike_R","Strike_R","Strike_R","Defend_R","Defend_R","Defend_R","Defend_R","Bash","Pommel Strike+1","Clothesline+1","Whirlwind+1","Iron Wave","Double Tap+1","Perfected Strike","Parasite","Sever Soul+1","Ghostly Armor","Demon Form+1","Rage","Reckless Charge+1","Second Wind+1","Anger","Writhe","Twin Strike+1","Clothesline+1"],"max_hp_per_floor":[88,88,88,88,88,88,88,88,88,88,88,88,88,88,88,88,88,88,88,88,88,88,88,88,88,88,88,88,88,88,88,88,88],"relics":["Burning Blood","Juzu Bracelet","Frozen Egg 2","Shuriken","Lizard Tail","Meat on the Bone","Thread and Needle","Ornamental Fan","Bag of Marbles"],"card_choices":[{"not_picked":["Sword Boomerang","Armaments"],"picked":"Pommel Strike","floor":1},{"not_picked":["Sever Soul","Shrug It Off"],"picked":"Clothesline","floor":2},{"not_picked":["Intimidate","Disarm"],"picked":"Whirlwind","floor":3},{"not_picked":["Clothesline","Blood for Blood"],"picked":"Iron Wave","floor":4},{"not_picked":["Shockwave","Iron Wave"],"picked":"Double Tap","floor":5},{"not_picked":["Bloodletting","Spot Weakness"],"picked":"Perfected Strike","floor":7},{"not_picked":["Infernal Blade","Burning Pact"],"picked":"Sever Soul","floor":11},{"not_picked":["Infernal Blade","Armaments"],"picked":"Ghostly Armor","floor":14},{"not_picked":["Dark Embrace+1","Barricade+1"],"picked":"Demon Form+1","floor":16},{"not_picked":["Combust+1","Pommel Strike"],"picked":"Rage","floor":18},{"not_picked":["Shockwave","Body Slam"],"picked":"Reckless Charge+1","floor":20},{"not_picked":["Sword Boomerang+1","Corruption+1"],"picked":"Second Wind+1","floor":22},{"not_picked":["Metallicize+1","Shockwave"],"picked":"Anger","floor":25},{"not_picked":["Warcry+1","Iron Wave"],"picked":"Twin Strike+1","floor":28},{"not_picked":["Rage","Iron Wave"],"picked":"Clothesline+1","floor":31}],"player_experience":25488,"potions_floor_usage":[7,16,16,16,28,31,31,33,33],"damage_taken":[{"damage":5,"enemies":"Small Slimes","floor":1,"turns":3},{"damage":10,"enemies":"Jaw Worm","floor":2,"turns":4},{"damage":4,"enemies":"Cultist","floor":3,"turns":4},{"damage":0,"enemies":"Gremlin Gang","floor":4,"turns":2},{"damage":0,"enemies":"3 Louse","floor":5,"turns":1},{"damage":45,"enemies":"Lagavulin","floor":7,"turns":6},{"damage":11,"enemies":"3 Sentries","floor":11,"turns":4},{"damage":16,"enemies":"Large Slime","floor":14,"turns":3},{"damage":60,"enemies":"The Guardian","floor":16,"turns":11},{"damage":30,"enemies":"Shell Parasite","floor":18,"turns":5},{"damage":13,"enemies":"3 Byrds","floor":20,"turns":4},{"damage":29,"enemies":"Snake Plant","floor":22,"turns":4},{"damage":30,"enemies":"Cultist and Chosen","floor":25,"turns":7},{"damage":54,"enemies":"Chosen and Byrds","floor":28,"turns":7},{"damage":13,"enemies":"Gremlin Leader","floor":31,"turns":7},{"damage":81,"enemies":"Collector","floor":33,"turns":6}],"relics_obtained":[{"floor":7,"key":"Juzu Bracelet"},{"floor":9,"key":"Frozen Egg 2"},{"floor":11,"key":"Shuriken"},{"floor":26,"key":"Thread and Needle"},{"floor":31,"key":"Bag of Marbles"}],"event_choices":[{"event_name":"Mushrooms","player_choice":"Healed and dodged fight","floor":8,"damage_taken":0},{"event_name":"The Cleric","player_choice":"Healed","floor":13,"damage_taken":0},{"event_name":"Drug Dealer","player_choice":"Ignored","floor":19,"damage_taken":0},{"event_name":"Golden Shrine","player_choice":"Pray","floor":21,"damage_taken":0},{"event_name":"The Mausoleum","player_choice":"Yes","floor":27,"damage_taken":0}],"boss_relics":[{"not_picked":["Runic Dome","Sozu"],"picked":"Lizard Tail"}],"items_purged_floors":[],"potions_floor_spawned":[2,3,4,7,14,25,31],"seed_played":"8652770915376864195","killed_by":"Collector","ascension_level":0,"potions_obtained":[{"floor":2,"key":"Regen Potion"},{"floor":3,"key":"Dexterity Potion"},{"floor":4,"key":"GamblersBrew"},{"floor":7,"key":"Weak Potion"},{"floor":14,"key":"Strength Potion"},{"floor":25,"key":"PowerPotion"},{"floor":31,"key":"PowerPotion"}],"is_trial":false}