{"gold_per_floor":[113,288,305,305,316,316,266,266,266,291,291,307,325,339,339,339],"floor_reached":16,"playtime":388,"items_purged":[],"score":135,"play_id":"4911be0d-0336-4388-b941-dc0c06a55dc4","local_time":"20181203180310","is_ascension_mode":true,"campfire_choices":[{"data":"Clothesline","floor":6,"key":"SMITH"},{"data":"Limit Break","floor":11,"key":"SMITH"},{"floor":15,"key":"REST"}],"neow_cost":"NONE","seed_source_timestamp":443773240272320,"circlet_count":0,"master_deck":["Strike_R","Strike_R","Strike_R","Strike_R","Defend_R","Defend_R","Defend_R","Defend_R","Bash","Clothesline+1","Cleave","Limit Break+1","Shockwave","Whirlwind","Ghostly Armor"],"relics":["Burning Blood","Spirit Poop","Golden Idol","Bottled Lightning"],"potions_floor_usage":[],"damage_taken":[{"damage":11,"enemies":"Jaw Worm","floor":1,"turns":5},{"damage":4,"enemies":"Small Slimes","floor":3,"turns":5},{"damage":0,"enemies":"Cultist","floor":5,"turns":3},{"damage":6,"enemies":"3 Louse","floor":10,"turns":4},{"damage":14,"enemies":"Looter","floor":12,"turns":3},{"damage":41,"enemies":"Gremlin Gang","floor":13,"turns":4},{"damage":7,"enemies":"3 Louse","floor":14,"turns":2},{"damage":0,"enemies":"Hexaghost","floor":16,"turns":2}],"seed_played":"-6669106701403629462","potions_obtained":[{"floor":3,"key":"Swift Potion"},{"floor":5,"key":"SteroidPotion"}],"is_trial":false,"path_per_floor":["M","?","M","?","M","R","?","?","T","M","R","M","M","M","R","B"],"character_chosen":"IRONCLAD","items_purchased":[],"campfire_rested":1,"item_purchase_floors":[],"current_hp_per_floor":[75,75,77,77,83,83,83,61,61,61,61,53,18,17,43,43],"gold":339,"neow_bonus":"TEN_PERCENT_HP_BONUS","is_prod":false,"is_daily":false,"chose_seed":false,"campfire_upgraded":2,"win_rate":0,"timestamp":1543878190,"path_taken":["M","?","M","?","?","R","?","?","T","M","R","M","M","M","R","BOSS"],"build_version":"2018-11-15","purchased_purges":0,"victory":false,"max_hp_per_floor":[88,88,88,88,88,88,88,88,88,88,88,88,88,88,88,88],"card_choices":[{"not_picked":["Clash","Cleave"],"picked":"Clothesline","floor":1},{"not_picked":["Heavy Blade","Clash"],"picked":"Cleave","floor":3},{"not_picked":["Clothesline","Bloodletting","Burning Pact"],"picked":"SKIP","floor":5},{"not_picked":["Second Wind","Infernal Blade"],"picked":"Limit Break","floor":10},{"not_picked":["Clash","Thunderclap"],"picked":"Shockwave","floor":12},{"not_picked":["Iron Wave","Clash"],"picked":"Whirlwind","floor":13},{"not_picked":["Heavy Blade","Pommel Strike"],"picked":"Ghostly Armor","floor":14}],"player_experience":572540,"relics_obtained":[{"floor":9,"key":"Bottled Lightning"}],"event_choices":[{"damage_healed":0,"gold_gain":175,"player_choice":"AGREE","damage_taken":0,"max_hp_gain":0,"max_hp_loss":0,"event_name":"Liars Game","floor":2,"gold_loss":0,"cards_obtained":["Doubt"]},{"cards_removed":["Doubt"],"damage_healed":0,"gold_gain":0,"player_choice":"Offered Curse","damage_taken":0,"relics_obtained":["Spirit Poop"],"max_hp_gain":0,"max_hp_loss":0,"event_name":"Bonfire Elementals","floor":4,"gold_loss":0},{"cards_removed":["Strike_R"],"damage_healed":0,"gold_gain":0,"player_choice":"Card Removal","damage_taken":0,"max_hp_gain":0,"max_hp_loss":0,"event_name":"The Cleric","floor":7,"gold_loss":50},{"damage_healed":0,"gold_gain":0,"player_choice":"Take Damage","damage_taken":22,"relics_obtained":["Golden Idol"],"max_hp_gain":0,"max_hp_loss":0,"event_name":"Golden Idol","floor":8,"gold_loss":0}],"is_beta":true,"boss_relics":[],"items_purged_floors":[],"is_endless":false,"potions_floor_spawned":[3,5],"killed_by":"Hexaghost","ascension_level":9}