{"gold_per_floor":[112,23,43,43,43,71,71,85,163,176,176,199,199,274,274,402,402,415,431,431,456,471,509,509,509,509,110,125,144,157,181,181,181],"floor_reached":33,"playtime":3111,"items_purged":[],"score":371,"play_id":"2bd7f54e-0e7c-4522-a82c-fb15b0f9a6e0","local_time":"20190628215532","is_ascension_mode":false,"campfire_choices":[{"data":"Dagger Spray","floor":7,"key":"SMITH"},{"data":"Caltrops","floor":13,"key":"SMITH"},{"data":"All Out Attack","floor":15,"key":"SMITH"},{"floor":24,"key":"REST"},{"data":"A Thousand Cuts","floor":32,"key":"SMITH"}],"neow_cost":"NONE","seed_source_timestamp":504182093345200,"circlet_count":0,"master_deck":["Defend_G","Defend_G","Defend_G","Defend_G","Defend_G","Strike_G","Strike_G","Strike_G","Strike_G","Survivor","Neutralize","Dagger Throw","Caltrops+1","Cloak And Dagger","Dagger Spray+1","Dash","Dash","Accuracy","All Out Attack+1","Storm of Steel","Dagger Spray+1","Deadly Poison","Glass Knife","Quick Slash","Cloak And Dagger+1","Choke","Ghostly","Ghostly","Ghostly","Ghostly","Ghostly","After Image","Panache","Deadly Poison","Deadly Poison","A Thousand Cuts+1","Outmaneuver+1","Deadly Poison"],"relics":["Ring of the Snake","NeowsBlessing","Happy Flower","Tiny Chest","Golden Idol","Lizard Tail","Bottled Flame","Dodecahedron"],"potions_floor_usage":[18,19,22,23,23,33,33],"damage_taken":[{"damage":0,"enemies":"2 Louse","floor":1,"turns":1},{"damage":0,"enemies":"Small Slimes","floor":3,"turns":1},{"damage":0,"enemies":"Lagavulin","floor":6,"turns":1},{"damage":0,"enemies":"Jaw Worm","floor":8,"turns":4},{"damage":0,"enemies":"Looter","floor":10,"turns":3},{"damage":0,"enemies":"Exordium Wildlife","floor":12,"turns":5},{"damage":36,"enemies":"Slime Boss","floor":16,"turns":11},{"damage":0,"enemies":"3 Byrds","floor":18,"turns":4},{"damage":0,"enemies":"Spheric Guardian","floor":19,"turns":3},{"damage":14,"enemies":"Centurion and Healer","floor":21,"turns":7},{"damage":25,"enemies":"Snake Plant","floor":22,"turns":5},{"damage":24,"enemies":"Book of Stabbing","floor":23,"turns":6},{"damage":1,"enemies":"Snecko","floor":28,"turns":5},{"damage":2,"enemies":"Shelled Parasite and Fungi","floor":29,"turns":7},{"damage":1,"enemies":"Centurion and Healer","floor":30,"turns":9},{"damage":7,"enemies":"Snecko","floor":31,"turns":6},{"damage":29,"enemies":"Champ","floor":33,"turns":10}],"seed_played":"-4134207119260527238","potions_obtained":[{"floor":3,"key":"Swift Potion"},{"floor":12,"key":"GhostInAJar"},{"floor":16,"key":"Fire Potion"},{"floor":18,"key":"EssenceOfSteel"},{"floor":19,"key":"LiquidBronze"},{"floor":29,"key":"SpeedPotion"},{"floor":31,"key":"FearPotion"}],"is_trial":false,"path_per_floor":["M","$","M","?","?","E","R","M","T","M","?","M","R","?","R","B",null,"M","M","?","M","M","E","R","?","T","$","M","M","M","M","R","B"],"character_chosen":"THE_SILENT","items_purchased":["Caltrops","Cloak And Dagger","After Image","Panache","Deadly Poison"],"campfire_rested":1,"item_purchase_floors":[2,2,27,27,27],"current_hp_per_floor":[70,70,70,70,63,63,63,63,63,63,63,63,63,52,52,16,65,65,65,65,51,26,2,21,21,21,21,20,18,17,10,10,0],"gold":181,"neow_bonus":"THREE_ENEMY_KILL","is_prod":false,"is_daily":false,"chose_seed":false,"campfire_upgraded":4,"win_rate":0,"timestamp":1561773332,"path_taken":["M","$","M","?","?","E","R","M","T","M","?","M","R","?","R","BOSS","M","M","?","M","M","E","R","?","T","$","M","M","M","M","R","BOSS"],"build_version":"2019-01-23","purchased_purges":0,"victory":false,"max_hp_per_floor":[70,70,70,70,70,70,70,70,70,70,65,65,65,65,65,65,65,65,65,65,65,65,65,65,32,32,32,32,32,32,32,32,32],"card_choices":[{"not_picked":["Outmaneuver","Well Laid Plans"],"picked":"Dagger Throw","floor":1},{"not_picked":["Finisher","Sucker Punch"],"picked":"Dagger Spray","floor":3},{"not_picked":["Escape Plan","Bouncing Flask"],"picked":"Dash","floor":6},{"not_picked":["Deflect","Deadly Poison"],"picked":"Dash","floor":8},{"not_picked":["Reflex","Eviscerate"],"picked":"Accuracy","floor":10},{"not_picked":["Reflex","Catalyst"],"picked":"All Out Attack","floor":12},{"not_picked":["Bullet Time","Grand Finale"],"picked":"Storm of Steel","floor":16},{"not_picked":["Deflect","Bane"],"picked":"Dagger Spray+1","floor":18},{"not_picked":["Catalyst","Concentrate"],"picked":"Deadly Poison","floor":19},{"not_picked":["Backflip","Dash"],"picked":"Quick Slash","floor":21},{"not_picked":["Sucker Punch","Underhanded Strike"],"picked":"Cloak And Dagger+1","floor":22},{"not_picked":["Flying Knee","PiercingWail"],"picked":"Choke","floor":23},{"not_picked":["Finisher","Dodge and Roll"],"picked":"Deadly Poison","floor":28},{"not_picked":["Dagger Throw","Bane"],"picked":"A Thousand Cuts","floor":29},{"not_picked":["Prepared","Eviscerate+1"],"picked":"Outmaneuver+1","floor":30},{"not_picked":["Acrobatics+1","Dagger Throw"],"picked":"Deadly Poison","floor":31}],"player_experience":497685,"relics_obtained":[{"floor":6,"key":"Happy Flower"},{"floor":9,"key":"Tiny Chest"},{"floor":23,"key":"Bottled Flame"},{"floor":26,"key":"Dodecahedron"}],"event_choices":[{"damage_healed":0,"gold_gain":0,"player_choice":"Leave","damage_taken":0,"max_hp_gain":0,"max_hp_loss":0,"event_name":"The Cleric","floor":4,"gold_loss":0},{"cards_removed":["Strike_G"],"damage_healed":0,"gold_gain":0,"player_choice":"Card Removal","damage_taken":7,"max_hp_gain":0,"max_hp_loss":0,"event_name":"Golden Wing","floor":5,"gold_loss":0},{"damage_healed":0,"gold_gain":0,"player_choice":"Lose Max HP","damage_taken":0,"relics_obtained":["Golden Idol"],"max_hp_gain":0,"max_hp_loss":5,"event_name":"Golden Idol","floor":11,"gold_loss":0},{"damage_healed":0,"gold_gain":75,"player_choice":"Gather Gold","damage_taken":11,"max_hp_gain":0,"max_hp_loss":0,"event_name":"World of Goop","floor":14,"gold_loss":0},{"damage_healed":0,"gold_gain":0,"player_choice":"Read","damage_taken":0,"max_hp_gain":0,"max_hp_loss":0,"event_name":"The Library","floor":20,"gold_loss":0,"cards_obtained":["Glass Knife"]},{"damage_healed":0,"gold_gain":0,"player_choice":"Became a Ghost","damage_taken":0,"max_hp_gain":0,"max_hp_loss":33,"event_name":"Ghosts","floor":25,"gold_loss":0,"cards_obtained":["Ghostly","Ghostly","Ghostly","Ghostly","Ghostly"]}],"is_beta":false,"boss_relics":[{"not_picked":["Black Star","Tiny House"],"picked":"Lizard Tail"}],"items_purged_floors":[],"is_endless":false,"potions_floor_spawned":[3,12,16,18,19,29,31],"killed_by":"Champ","ascension_level":0}