{"path_per_floor":["M","?","M","M","?","R","E","M","T","?","T","M","$","M","R","B",null,"M","M","$","M","?","R","M","R","T","R","M","R","?","M","R","B",null,"M","$","?","?","?"],"character_chosen":"DEFECT","items_purchased":["DataDisk","Oddly Smooth Stone","Gambling Chip"],"gold_per_floor":[17,92,105,124,124,124,149,169,223,223,270,286,59,76,76,178,178,191,207,50,70,70,70,88,88,164,164,175,175,175,186,186,288,288,302,8,8,54,54,54],"floor_reached":40,"campfire_rested":0,"playtime":6625,"current_hp_per_floor":[75,64,60,58,58,58,45,47,47,32,32,26,26,28,28,35,75,75,75,75,56,56,56,63,63,63,63,70,70,70,75,75,69,75,75,75,75,61,75,0],"items_purged":["Regret"],"gold":54,"score":523,"play_id":"19a228b0-b369-4e71-bebf-0e810e415c6e","local_time":"20180512234551","is_prod":false,"is_daily":false,"chose_seed":false,"is_ascension_mode":true,"campfire_upgraded":7,"timestamp":1526183151,"path_taken":["M","?","M","M","?","R","E","M","T","?","?","M","$","?","R","BOSS","M","M","$","M","?","R","M","R","T","R","M","R","?","?","R","BOSS","M","$","?","?","?","E"],"build_version":"2018-05-12v2","seed_source_timestamp":185302432871562,"purchased_purges":2,"victory":false,"master_deck":["Strike_B","Defend_B","Defend_B","Defend_B","Defend_B","Zap","Dualcast","Blizzard+1","Creative AI+1","Genetic Algorithm+1","Reinforced Body+1","Go for the Eyes+1","Self Repair","Stack+1","Cold Snap","Skim+1","Glacier+1","BootSequence+1","Coolheaded+1","Loop+1"],"max_hp_per_floor":[75,75,75,75,75,75,75,75,75,75,75,75,75,75,75,75,75,75,75,75,75,75,75,75,75,75,75,75,75,75,75,75,75,75,75,75,75,75,75,75],"relics":["Cracked Core","Mercury Hourglass","Lantern","Pen Nib","Happy Flower","DataDisk","Sozu","Oddly Smooth Stone","Molten Egg 2","Inserter","Gambling Chip","Sundial"],"card_choices":[{"not_picked":["Rebound","Impulse"],"picked":"Genetic Algorithm","floor":1},{"not_picked":["Melter","Steam Power"],"picked":"Reinforced Body","floor":3},{"not_picked":["Force Field","Rip and Tear"],"picked":"Go for the Eyes","floor":4},{"not_picked":["Axe Kick","Gash"],"picked":"Self Repair","floor":7},{"not_picked":["Aggregate","Storm"],"picked":"Stack","floor":8},{"not_picked":["Beam Cell","Tempest"],"picked":"Cold Snap","floor":12},{"not_picked":["Lockon","Impulse"],"picked":"Skim","floor":14},{"not_picked":["Redo","Sweeping Beam+1"],"picked":"Glacier+1","floor":18},{"not_picked":["Skim","Storm"],"picked":"BootSequence+1","floor":19},{"not_picked":["Go for the Eyes","Force Field","Leap"],"picked":"SKIP","floor":21},{"not_picked":["Scrape","Ball Lightning"],"picked":"Hello World+1","floor":24},{"not_picked":["Force Field+1","Undo"],"picked":"Coolheaded","floor":28},{"not_picked":["Steam","All For One+1","Skim+1"],"picked":"SKIP","floor":31},{"not_picked":["Leap","Rebound+1","Rip and Tear+1"],"picked":"SKIP","floor":35},{"not_picked":["Gash+1","Leap+1"],"picked":"Loop+1","floor":38}],"player_experience":101602,"potions_floor_usage":[16,16,16,40],"damage_taken":[{"damage":0,"enemies":"Jaw Worm","floor":1,"turns":3},{"damage":4,"enemies":"Small Slimes","floor":3,"turns":5},{"damage":2,"enemies":"2 Louse","floor":4,"turns":4},{"damage":13,"enemies":"Lagavulin","floor":7,"turns":7},{"damage":5,"enemies":"Blue Slaver","floor":8,"turns":4},{"damage":13,"enemies":"Exordium Thugs","floor":12,"turns":5},{"damage":5,"enemies":"3 Louse","floor":14,"turns":3},{"damage":0,"enemies":"Slime Boss","floor":16,"turns":9},{"damage":0,"enemies":"Chosen","floor":18,"turns":5},{"damage":1,"enemies":"Shell Parasite","floor":19,"turns":8},{"damage":26,"enemies":"Snake Plant","floor":21,"turns":6},{"damage":0,"enemies":"Chosen and Byrds","floor":24,"turns":7},{"damage":0,"enemies":"Cultist and Chosen","floor":28,"turns":8},{"damage":0,"enemies":"Snake Plant","floor":31,"turns":7},{"damage":13,"enemies":"Collector","floor":33,"turns":10},{"damage":0,"enemies":"Flame Bruiser 1 Orb","floor":35,"turns":10},{"damage":21,"enemies":"Mysterious Sphere","floor":38,"turns":8},{"damage":78,"enemies":"2 Orb Walkers","floor":40,"turns":8}],"event_choices":[{"event_name":"World of Goop","player_choice":"Gather Gold","floor":2,"damage_taken":0},{"event_name":"Big Fish","player_choice":"Box","floor":5,"damage_taken":0},{"event_name":"Shining Light","player_choice":"Entered Light","floor":10,"damage_taken":0},{"event_name":"Drug Dealer","player_choice":"Ignored","floor":22,"damage_taken":0},{"event_name":"Vampires","player_choice":"Ignored","floor":30,"damage_taken":0},{"event_name":"Mysterious Sphere","player_choice":"Fight","floor":38,"damage_taken":0},{"event_name":"Bonfire Elementals","player_choice":"UNCOMMON","floor":39,"damage_taken":0}],"boss_relics":[{"not_picked":["White Beast Statue","Eternal Feather"],"picked":"Sozu"},{"not_picked":["Runic Pyramid","Astrolabe"],"picked":"Inserter"}],"potions_floor_spawned":[1,4,8,12,16,24,28,31,33,35],"seed_played":"1421604205376508941","killed_by":"2 Orb Walkers","ascension_level":4,"is_trial":false}