{"gold_per_floor":[112,122,139,149,224,224,0,31,55,55,55,4,18,49,49,148,148,128,43,56,56,69,15,15,50,73,37,37,64,163,176,176,176],"floor_reached":33,"playtime":4454,"items_purged":[],"score":293,"play_id":"7eb66ab6-c264-4cb8-a26f-73f67677485a","local_time":"20180921230908","is_ascension_mode":false,"campfire_choices":[{"floor":6,"key":"REST"},{"floor":11,"key":"REST"},{"floor":15,"key":"REST"},{"floor":24,"key":"REST"},{"floor":28,"key":"REST"},{"floor":32,"key":"REST"}],"neow_cost":"","seed_source_timestamp":20177878816771,"circlet_count":0,"master_deck":["Defend_G+1","Defend_G+1","Defend_G+1","Defend_G+1","Defend_G+1","Strike_G+1","Strike_G+1","Strike_G+1","Strike_G+1","Strike_G+1","Survivor","Neutralize","Backflip+1","Sucker Punch","Sucker Punch+1","Backflip","Heel Hook","Outmaneuver","Acrobatics","Outmaneuver","Die Die Die","Blade Dance","Flying Knee","Blade Dance","Quick Slash","Dodge and Roll","Backstab","Terror","Flechettes"],"relics":["Ring of the Snake","Bronze Scales","Centennial Puzzle","Bag of Marbles","Strawberry","Fusion Hammer","PreservedInsect","Frozen Egg 2","Regal Pillow","Paper Crane"],"potions_floor_usage":[14,16,16,33,33,33],"damage_taken":[{"damage":1,"enemies":"Cultist","floor":1,"turns":4},{"damage":0,"enemies":"Jaw Worm","floor":2,"turns":7},{"damage":0,"enemies":"Small Slimes","floor":3,"turns":5},{"damage":18,"enemies":"Exordium Thugs","floor":4,"turns":10},{"damage":26,"enemies":"Gremlin Nob","floor":8,"turns":5},{"damage":5,"enemies":"3 Louse","floor":13,"turns":3},{"damage":19,"enemies":"Lagavulin","floor":14,"turns":6},{"damage":34,"enemies":"Slime Boss","floor":16,"turns":12},{"damage":10,"enemies":"2 Thieves","floor":18,"turns":4},{"damage":5,"enemies":"3 Byrds","floor":20,"turns":2},{"damage":2,"enemies":"Snake Plant","floor":22,"turns":4},{"damage":21,"enemies":"Slavers","floor":25,"turns":4},{"damage":24,"enemies":"Gremlin Leader","floor":29,"turns":5},{"damage":10,"enemies":"Snecko","floor":31,"turns":5},{"damage":83,"enemies":"Automaton","floor":33,"turns":10}],"seed_played":"5578748200120507149","potions_obtained":[{"floor":4,"key":"Regen Potion"},{"floor":8,"key":"FearPotion"},{"floor":16,"key":"Weak Potion"},{"floor":18,"key":"Dexterity Potion"},{"floor":31,"key":"Ancient Potion"}],"is_trial":false,"path_per_floor":["M","M","M","M","?","R","$","E","T","?","R","$","M","E","R","B",null,"M","?","M","?","M","$","R","E","T","$","R","E","?","M","R"],"character_chosen":"THE_SILENT","items_purchased":["Bronze Scales","Heel Hook","SkillPotion","Quick Slash","Backstab"],"campfire_rested":6,"item_purchase_floors":[7,7,12,23,27],"current_hp_per_floor":[69,69,69,51,40,61,61,35,35,21,42,42,37,37,60,26,77,67,67,62,62,60,60,77,56,56,56,77,53,53,43,77,0],"gold":176,"neow_bonus":"","is_prod":false,"is_daily":false,"chose_seed":false,"campfire_upgraded":0,"win_rate":0.0,"timestamp":1537589348,"path_taken":["M","?","M","M","?","R","?","E","T","?","R","$","M","E","R","BOSS","M","?","M","?","M","$","R","E","T","$","R","E","?","M","R","BOSS"],"build_version":"2018-09-20","purchased_purges":0,"victory":false,"max_hp_per_floor":[70,70,70,70,70,70,70,70,70,70,70,70,70,77,77,77,77,77,77,77,77,77,77,77,77,77,77,77,77,77,77,77,77],"card_choices":[{"not_picked":["Deflect","Quick Slash"],"picked":"Backflip","floor":1},{"not_picked":["Well Laid Plans","Expertise"],"picked":"Sucker Punch","floor":2},{"not_picked":["Flechettes","Deflect"],"picked":"Sucker Punch","floor":3},{"not_picked":["Predator","Riddle With Holes"],"picked":"Backflip","floor":4},{"not_picked":["Backflip","PiercingWail"],"picked":"Outmaneuver","floor":8},{"not_picked":["Expertise","Caltrops"],"picked":"Acrobatics","floor":13},{"not_picked":["Acrobatics","Quick Slash"],"picked":"Outmaneuver","floor":14},{"not_picked":["A Thousand Cuts","Venomology"],"picked":"Die Die Die","floor":16},{"not_picked":["Slice","Deadly Poison"],"picked":"Blade Dance","floor":18},{"not_picked":["Unload","Backstab"],"picked":"Flying Knee","floor":20},{"not_picked":["Underhanded Strike","Eviscerate+1"],"picked":"Blade Dance","floor":22},{"not_picked":["Reflex","PiercingWail+1"],"picked":"Dodge and Roll","floor":25},{"not_picked":["Outmaneuver","Prepared+1"],"picked":"Terror","floor":29},{"not_picked":["Backflip","Dagger Spray"],"picked":"Flechettes","floor":31}],"player_experience":46337,"relics_obtained":[{"floor":8,"key":"Centennial Puzzle"},{"floor":9,"key":"Bag of Marbles"},{"floor":14,"key":"Strawberry"},{"floor":25,"key":"Frozen Egg 2"},{"floor":26,"key":"Regal Pillow"},{"floor":29,"key":"Paper Crane"}],"event_choices":[{"event_name":"World of Goop","player_choice":"Gather Gold","floor":5,"damage_taken":0},{"event_name":"Shining Light","player_choice":"Entered Light","floor":10,"damage_taken":0},{"event_name":"Addict","player_choice":"Obtained Relic","floor":19,"damage_taken":0},{"event_name":"Back to Basics","player_choice":"Simplicity","floor":21,"damage_taken":0},{"event_name":"Nest","player_choice":"Stole From Cult","floor":30,"damage_taken":0}],"is_beta":false,"boss_relics":[{"not_picked":["Sozu","Runic Dome"],"picked":"Fusion Hammer"}],"items_purged_floors":[],"is_endless":false,"potions_floor_spawned":[4,8,16,18,31],"killed_by":"Automaton","ascension_level":0}