{"gold_per_floor":[116,68,68,88,88,115,9,9,9,9,22,22,97,107,107,207,207,217,230,180,199,217,217,217,217,269,286,286,135,234,234,234,337,337,347,347,402,402,417,417,452,462,462,462],"floor_reached":44,"playtime":1812,"items_purged":["Shame"],"score":459,"play_id":"5d2c7956-3caa-4c17-be91-9f0503b01f17","local_time":"20190726234150","is_ascension_mode":false,"campfire_choices":[{"data":"Berserk","floor":8,"key":"SMITH"},{"data":"Metallicize","floor":10,"key":"SMITH"},{"data":"Carnage","floor":12,"key":"SMITH"},{"data":"Thunderclap","floor":15,"key":"SMITH"},{"floor":23,"key":"REST"},{"data":"Demon Form","floor":25,"key":"SMITH"},{"floor":28,"key":"REST"},{"floor":32,"key":"REST"},{"floor":40,"key":"REST"}],"neow_cost":"NONE","seed_source_timestamp":374297517615436,"circlet_count":0,"master_deck":["Strike_R","Strike_R+1","Strike_R","Strike_R+1","Strike_R","Defend_R","Defend_R","Defend_R","Defend_R","Bash+1","Heavy Blade+1","Flex","Carnage+1","Berserk+1","Flex","Metallicize+1","Thunderclap+1","Demon Form+1","Spot Weakness+1","Seeing Red+1","Power Through+1","Ghostly Armor+1","Dual Wield+1","Necronomicurse","Bludgeon","Corruption+1","Burning Pact+1","Metallicize+1","Parasite","Demon Form"],"relics":["Black Blood","MawBank","Toxic Egg 2","Happy Flower","Whetstone","Necronomicon","Eternal Feather","Champion Belt","Ancient Tea Set"],"potions_floor_usage":[21,33,33,39],"damage_taken":[{"damage":12,"enemies":"Small Slimes","floor":1,"turns":3},{"damage":11,"enemies":"Jaw Worm","floor":4,"turns":2},{"damage":16,"enemies":"Gremlin Nob","floor":6,"turns":3},{"damage":6,"enemies":"Cultist","floor":11,"turns":3},{"damage":2,"enemies":"Blue Slaver","floor":14,"turns":4},{"damage":28,"enemies":"The Guardian","floor":16,"turns":13},{"damage":38,"enemies":"2 Thieves","floor":18,"turns":5},{"damage":22,"enemies":"Spheric Guardian","floor":19,"turns":5},{"damage":38,"enemies":"Snake Plant","floor":21,"turns":4},{"damage":19,"enemies":"Sentry and Sphere","floor":22,"turns":5},{"damage":37,"enemies":"3 Cultists","floor":27,"turns":6},{"damage":15,"enemies":"Champ","floor":33,"turns":8},{"damage":0,"enemies":"3 Shapes","floor":35,"turns":3},{"damage":42,"enemies":"2 Orb Walkers","floor":37,"turns":4},{"damage":43,"enemies":"3 Darklings","floor":39,"turns":7},{"damage":5,"enemies":"Giant Head","floor":41,"turns":7},{"damage":42,"enemies":"Writhing Mass","floor":42,"turns":7},{"damage":27,"enemies":"4 Shapes","floor":44,"turns":1}],"seed_played":"-8814860810714459606","potions_obtained":[{"floor":4,"key":"Energy Potion"},{"floor":16,"key":"EssenceOfSteel"},{"floor":19,"key":"Regen Potion"},{"floor":22,"key":"EssenceOfSteel"},{"floor":42,"key":"Block Potion"}],"is_trial":false,"path_per_floor":["M","$","?","M","?","E","$","R","T","R","M","R","?","M","R","B",null,"M","M","?","M","M","R","?","R","T","M","R","$","?","?","R","B",null,"M","?","?","?","M","R","E","M","T","M"],"character_chosen":"IRONCLAD","items_purchased":["Flex","Flex","Metallicize","Dual Wield+1"],"campfire_rested":4,"item_purchase_floors":[2,7,7,29],"current_hp_per_floor":[74,74,74,69,69,59,59,59,59,59,59,59,48,52,52,30,80,52,40,40,24,15,39,39,39,39,12,36,36,36,20,44,39,80,80,80,48,48,15,52,57,25,25,0],"gold":462,"neow_bonus":"UPGRADE_CARD","is_prod":false,"is_daily":false,"chose_seed":false,"campfire_upgraded":5,"win_rate":0,"timestamp":1564202510,"path_taken":["M","$","?","M","?","E","?","R","T","R","?","R","?","M","R","BOSS","M","M","?","M","?","R","?","R","T","M","R","$","?","?","R","BOSS","M","?","?","?","M","R","E","M","T","M"],"build_version":"2019-07-17","purchased_purges":1,"victory":false,"max_hp_per_floor":[80,80,80,80,80,80,80,80,80,80,80,80,80,80,80,80,80,80,80,80,80,80,80,80,80,80,80,80,80,80,80,80,80,80,80,80,80,76,76,76,76,76,76,76],"card_choices":[{"not_picked":["Bloodletting","Cleave"],"picked":"Heavy Blade","floor":1},{"not_picked":["Pommel Strike","Dual Wield"],"picked":"Carnage","floor":4},{"not_picked":["Blood for Blood","Perfected Strike"],"picked":"Berserk","floor":6},{"not_picked":["Sword Boomerang","Burning Pact+1"],"picked":"Shrug It Off+1","floor":11},{"not_picked":["Clothesline","Body Slam"],"picked":"Thunderclap","floor":14},{"not_picked":["Fiend Fire","Brutality"],"picked":"Demon Form","floor":16},{"not_picked":["Armaments+1","Hemokinesis+1"],"picked":"Spot Weakness+1","floor":18},{"not_picked":["Rupture+1","Evolve+1"],"picked":"Seeing Red+1","floor":19},{"not_picked":["Headbutt+1","Blood for Blood"],"picked":"Power Through+1","floor":21},{"not_picked":["Iron Wave","Twin Strike"],"picked":"Ghostly Armor+1","floor":22},{"not_picked":["Ghostly Armor+1","Power Through+1","Rupture"],"picked":"SKIP","floor":27},{"not_picked":["Dark Embrace","Brutality"],"picked":"Bludgeon","floor":33},{"not_picked":["Heavy Blade","Rampage","Sword Boomerang+1"],"picked":"SKIP","floor":35},{"not_picked":["True Grit+1","Thunderclap+1"],"picked":"Corruption+1","floor":37},{"not_picked":["Blood for Blood","Power Through+1"],"picked":"Burning Pact+1","floor":39},{"not_picked":["Flex+1","Body Slam"],"picked":"Metallicize+1","floor":41},{"not_picked":["Reckless Charge+1","Second Wind+1"],"picked":"Demon Form","floor":42}],"player_experience":155564,"relics_obtained":[{"floor":6,"key":"MawBank"},{"floor":9,"key":"Toxic Egg 2"},{"floor":26,"key":"Whetstone"},{"floor":31,"key":"Necronomicon"},{"floor":37,"key":"Champion Belt"},{"floor":41,"key":"Ancient Tea Set"}],"event_choices":[{"damage_healed":0,"gold_gain":0,"player_choice":"Ignored","damage_taken":0,"max_hp_gain":0,"max_hp_loss":0,"event_name":"Liars Game","floor":3,"gold_loss":0},{"damage_healed":0,"gold_gain":0,"player_choice":"Grow","damage_taken":0,"max_hp_gain":0,"max_hp_loss":0,"event_name":"Living Wall","floor":5,"gold_loss":0,"cards_upgraded":["Heavy Blade"]},{"damage_healed":0,"gold_gain":75,"player_choice":"Gather Gold","damage_taken":11,"max_hp_gain":0,"max_hp_loss":0,"event_name":"World of Goop","floor":13,"gold_loss":0},{"damage_healed":0,"gold_gain":0,"player_choice":"Bet on Murderer","damage_taken":0,"max_hp_gain":0,"max_hp_loss":0,"event_name":"The Joust","floor":20,"gold_loss":50},{"damage_healed":0,"gold_gain":0,"player_choice":"Stole Relic","damage_taken":0,"relics_obtained":["Happy Flower"],"max_hp_gain":0,"max_hp_loss":0,"event_name":"Addict","floor":24,"gold_loss":0,"cards_obtained":["Shame"]},{"damage_healed":0,"gold_gain":99,"player_choice":"Stole From Cult","damage_taken":0,"max_hp_gain":0,"max_hp_loss":0,"event_name":"Nest","floor":30,"gold_loss":0},{"damage_healed":0,"gold_gain":0,"player_choice":"Obtained Book","damage_taken":16,"max_hp_gain":0,"max_hp_loss":0,"event_name":"Cursed Tome","floor":31,"gold_loss":0},{"cards_removed":["Shrug It Off"],"damage_healed":0,"gold_gain":0,"player_choice":"Removed Skill","damage_taken":0,"max_hp_gain":0,"max_hp_loss":0,"event_name":"Falling","floor":36,"gold_loss":0},{"damage_healed":0,"gold_gain":0,"player_choice":"Fight","damage_taken":0,"max_hp_gain":0,"max_hp_loss":0,"event_name":"Mysterious Sphere","floor":37,"gold_loss":0},{"damage_healed":0,"gold_gain":0,"player_choice":"Max HP","damage_taken":0,"max_hp_gain":0,"max_hp_loss":4,"event_name":"Winding Halls","floor":38,"gold_loss":0}],"is_beta":false,"boss_relics":[{"not_picked":["Ectoplasm","Runic Cube"],"picked":"Black Blood"},{"not_picked":["Orrery","Snecko Eye"],"picked":"Eternal Feather"}],"items_purged_floors":[29],"is_endless":false,"potions_floor_spawned":[4,16,19,22,42],"killed_by":"4 Shapes","ascension_level":0}