{"gold_per_floor":[118,78,94,111,286,286,306,306,363,363,422,422,422,465,465,465],"floor_reached":16,"playtime":640,"items_purged":[],"score":113,"play_id":"5918895a-b576-4705-ab33-86a2b16ca0f1","local_time":"20181116023816","is_ascension_mode":true,"campfire_choices":[{"data":"Sentinel","floor":6,"key":"SMITH"},{"data":"Defend_R","floor":8,"key":"SMITH"},{"data":"Body Slam","floor":10,"key":"SMITH"},{"data":"True Grit","floor":12,"key":"SMITH"},{"floor":15,"key":"REST"}],"neow_cost":"PERCENT_DAMAGE","seed_source_timestamp":103153117155889,"circlet_count":0,"master_deck":["Strike_R","Strike_R","Strike_R","Strike_R","Strike_R","Defend_R","Defend_R","Defend_R","Defend_R+1","Bash","Sentinel+1","Body Slam+1","Doubt","True Grit+1","Injury"],"relics":["Burning Blood","StoneCalendar","Tiny Chest","Smiling Mask","Golden Idol","Potion Belt"],"potions_floor_usage":[7,11,11,11,14,14,14,16,16],"damage_taken":[{"damage":4,"enemies":"Cultist","floor":1,"turns":5},{"damage":0,"enemies":"2 Louse","floor":3,"turns":5},{"damage":1,"enemies":"Small Slimes","floor":4,"turns":4},{"damage":7,"enemies":"Exordium Wildlife","floor":7,"turns":5},{"damage":34,"enemies":"3 Sentries","floor":11,"turns":8},{"damage":29,"enemies":"Gremlin Nob","floor":14,"turns":6},{"damage":44,"enemies":"Hexaghost","floor":16,"turns":11}],"seed_played":"-1812760089246064920","potions_obtained":[{"floor":1,"key":"EntropicBrew"},{"floor":2,"key":"EntropicBrew"},{"floor":2,"key":"Energy Potion"},{"floor":7,"key":"Energy Potion"}],"is_trial":false,"path_per_floor":["M","?","M","M","?","R","M","R","T","R","?","R","?","E","R","B"],"character_chosen":"IRONCLAD","items_purchased":[],"campfire_rested":1,"item_purchase_floors":[],"current_hp_per_floor":[58,58,64,69,69,69,68,68,68,68,40,40,40,17,41,0],"gold":465,"neow_bonus":"ONE_RARE_RELIC","is_prod":false,"is_daily":false,"chose_seed":false,"campfire_upgraded":4,"win_rate":0,"timestamp":1542353896,"path_taken":["M","?","?","M","?","R","M","R","T","R","?","R","?","E","R","BOSS"],"build_version":"2018-11-15","purchased_purges":0,"victory":false,"max_hp_per_floor":[80,80,80,80,80,80,80,80,80,80,80,80,80,80,80,80],"card_choices":[{"not_picked":["Pummel","Sword Boomerang"],"picked":"Sentinel","floor":1},{"not_picked":["Burning Pact","Cleave","Bloodletting"],"picked":"SKIP","floor":3},{"not_picked":["Heavy Blade","Sword Boomerang"],"picked":"Body Slam","floor":4},{"not_picked":["Clash","Thunderclap","Body Slam"],"picked":"SKIP","floor":7},{"not_picked":["Wild Strike","Iron Wave"],"picked":"True Grit","floor":11},{"not_picked":["Reaper","Body Slam","Pommel Strike"],"picked":"SKIP","floor":14}],"player_experience":456985,"relics_obtained":[{"floor":9,"key":"Tiny Chest"},{"floor":11,"key":"Smiling Mask"},{"floor":14,"key":"Potion Belt"}],"event_choices":[{"damage_healed":0,"gold_gain":0,"player_choice":"Bought 3 Potions","damage_taken":0,"max_hp_gain":0,"max_hp_loss":0,"event_name":"The Woman in Blue","floor":2,"gold_loss":0},{"damage_healed":0,"gold_gain":175,"player_choice":"AGREE","damage_taken":0,"max_hp_gain":0,"max_hp_loss":0,"event_name":"Liars Game","floor":5,"gold_loss":0,"cards_obtained":["Doubt"]},{"damage_healed":0,"gold_gain":30,"player_choice":"Searched \u00272\u0027 times","damage_taken":0,"max_hp_gain":0,"max_hp_loss":0,"event_name":"Dead Adventurer","floor":11,"gold_loss":0},{"damage_healed":0,"gold_gain":0,"player_choice":"Take Wound","damage_taken":0,"relics_obtained":["Golden Idol"],"max_hp_gain":0,"max_hp_loss":0,"event_name":"Golden Idol","floor":13,"gold_loss":0,"cards_obtained":["Injury"]}],"is_beta":true,"boss_relics":[],"items_purged_floors":[],"is_endless":false,"potions_floor_spawned":[1,3,7],"killed_by":"Hexaghost","ascension_level":3}