{"gold_per_floor":[110,125,135,152,152,152,152,172,172,187,187,205,221,42,42,118,118,98,108,108,124,194,194,204,204,204,215,265,283,283,294,294,368,368,380,393,408,408,408,408,408,38,38,54,54,69,102,121,121,121],"floor_reached":50,"playtime":2782,"items_purged":["Pain","Strike_B+1"],"score":994,"play_id":"dd7bc490-ae13-4e02-a593-b65ef05b32ed","local_time":"20190711142410","is_ascension_mode":true,"campfire_choices":[{"data":"Sweeping Beam","floor":6.0,"key":"SMITH"},{"floor":11.0,"key":"REST"},{"data":"Defragment","floor":15.0,"key":"SMITH"},{"floor":23.0,"key":"REST"},{"floor":25.0,"key":"REST"},{"floor":32.0,"key":"REST"},{"floor":40.0,"key":"REST"},{"floor":49,"key":"REST"}],"neow_cost":"PERCENT_DAMAGE","seed_source_timestamp":267114037088500,"circlet_count":0,"master_deck":["AscendersBane","Strike_B+1","Strike_B+1","Strike_B+1","Defend_B+1","Defend_B+1","Defend_B+1","Defend_B+1","Zap","Dualcast","Go for the Eyes","Cold Snap","Self Repair","Sweeping Beam+1","Cold Snap","Leap","Capacitor","Leap","Defragment+1","Coolheaded","Core Surge","Stack","Recycle","Capacitor","Echo Form","Conserve Battery+1","Blizzard+1","Creative AI","Heatsinks","Coolheaded+1","Defragment","Flash of Steel","Cold Snap+1"],"special_seed":0,"relics":["Cracked Core","WarpedTongs","Dodecahedron","Nuclear Battery","Mummified Hand","Gremlin Horn","White Beast Statue","Mercury Hourglass","Bag of Marbles","Meat on the Bone"],"potions_floor_usage":[47,48,50],"damage_taken":[{"damage":1.0,"enemies":"Cultist","floor":1.0,"turns":4.0},{"damage":2.0,"enemies":"Jaw Worm","floor":2.0,"turns":4.0},{"damage":2.0,"enemies":"Small Slimes","floor":3.0,"turns":3.0},{"damage":20.0,"enemies":"Exordium Wildlife","floor":4.0,"turns":4.0},{"damage":11.0,"enemies":"Red Slaver","floor":8.0,"turns":3.0},{"damage":5.0,"enemies":"Looter","floor":10.0,"turns":4.0},{"damage":2.0,"enemies":"Large Slime","floor":12.0,"turns":4.0},{"damage":2.0,"enemies":"2 Fungi Beasts","floor":13.0,"turns":3.0},{"damage":16.0,"enemies":"Slime Boss","floor":16.0,"turns":19.0},{"damage":16.0,"enemies":"2 Thieves","floor":18.0,"turns":4.0},{"damage":13.0,"enemies":"3 Byrds","floor":19.0,"turns":7.0},{"damage":2.0,"enemies":"Cultist and Chosen","floor":21.0,"turns":8.0},{"damage":16.0,"enemies":"Centurion and Healer","floor":24.0,"turns":8.0},{"damage":29.0,"enemies":"Snake Plant","floor":27.0,"turns":6.0},{"damage":45.0,"enemies":"3 Cultists","floor":29.0,"turns":7.0},{"damage":22.0,"enemies":"Centurion and Healer","floor":31.0,"turns":8.0},{"damage":8.0,"enemies":"Champ","floor":33.0,"turns":15.0},{"damage":7.0,"enemies":"3 Shapes","floor":35.0,"turns":8.0},{"damage":32.0,"enemies":"3 Darklings","floor":36.0,"turns":6.0},{"damage":17.0,"enemies":"Transient","floor":37.0,"turns":6.0},{"damage":0,"enemies":"4 Shapes","floor":44,"turns":6},{"damage":0,"enemies":"Maw","floor":46,"turns":9},{"damage":0,"enemies":"Reptomancer","floor":47,"turns":8},{"damage":68,"enemies":"Transient","floor":48,"turns":6},{"damage":59,"enemies":"Awakened One","floor":50,"turns":3}],"seed_played":"7273945045629575862","potions_obtained":[{"floor":2.0,"key":"EssenceOfSteel"},{"floor":8.0,"key":"Poison Potion"},{"floor":13.0,"key":"Weak Potion"},{"floor":16.0,"key":"Block Potion"},{"floor":21.0,"key":"AttackPotion"},{"floor":24.0,"key":"Ancient Potion"},{"floor":27.0,"key":"Energy Potion"},{"floor":35.0,"key":"Ancient Potion"},{"floor":36.0,"key":"GamblersBrew"},{"floor":37.0,"key":"LiquidBronze"},{"floor":47,"key":"Block Potion"},{"floor":48,"key":"Weak Potion"}],"is_trial":false,"path_per_floor":["M","M","M","M","$","R","?","M","T","M","R","M","M","$","R","B",null,"M","M","?","M","T","R","M","R","T","M","?","M","?","M","R","B",null,"M","M","M","?","?","R","?","$","T","M","?","M","E","M","R","B"],"character_chosen":"DEFECT","items_purchased":["Defragment","Coolheaded","Mercury Hourglass"],"campfire_rested":6,"item_purchase_floors":[14,14,42],"current_hp_per_floor":[59,57,55,42,42,42,42,41,41,36,61,66,71,71,71,62,79,63,60,60,58,58,83,74,85,85,63,63,25,25,10,35,34,72,85,73,70,70,70,85,85,85,85,85,81,81,81,32,56,0],"gold":121,"neow_bonus":"TWENTY_PERCENT_HP_BONUS","is_prod":false,"is_daily":false,"chose_seed":false,"campfire_upgraded":2,"win_rate":0,"timestamp":1562869450,"path_taken":["M","?","M","M","$","R","?","?","T","M","R","M","M","$","R","BOSS","M","?","?","M","?","R","?","R","T","M","?","M","?","M","R","BOSS","M","M","M","?","?","R","?","$","T","M","?","M","E","?","R","BOSS"],"build_version":"2019-07-10","purchased_purges":2,"victory":false,"max_hp_per_floor":[85,85,85,85,85,85,85,85,85,85,85,85,85,85,85,85,85,85,85,85,85,85,85,85,85,85,85,85,85,85,85,85,85,85,85,85,85,85,85,85,85,85,85,85,81,81,81,81,81,81],"card_choices":[{"not_picked":["Turbo","Stack"],"picked":"Go for the Eyes","floor":1.0},{"not_picked":["Stack","Sweeping Beam"],"picked":"Cold Snap","floor":2.0},{"not_picked":["Hologram","Reboot"],"picked":"Self Repair","floor":3.0},{"not_picked":["Redo","Rebound"],"picked":"Sweeping Beam","floor":4.0},{"not_picked":["Redo","Gash"],"picked":"Cold Snap","floor":8.0},{"not_picked":["Hologram","Ball Lightning"],"picked":"Leap","floor":10.0},{"not_picked":["Barrage","Coolheaded"],"picked":"Capacitor","floor":12.0},{"not_picked":["Go for the Eyes","Rip and Tear"],"picked":"Leap","floor":13.0},{"not_picked":["Fission","Hyperbeam"],"picked":"Core Surge","floor":16.0},{"not_picked":["Hologram","Leap"],"picked":"Stack","floor":18.0},{"not_picked":["Steam","Redo"],"picked":"Recycle","floor":19.0},{"not_picked":["Beam Cell","Rebound+1"],"picked":"Capacitor","floor":21.0},{"not_picked":["Tempest","Beam Cell","Leap"],"picked":"SKIP","floor":24.0},{"not_picked":["Ball Lightning","Go for the Eyes"],"picked":"Echo Form","floor":27.0},{"not_picked":["Coolheaded","Turbo"],"picked":"Conserve Battery+1","floor":29.0},{"not_picked":["Go for the Eyes","Conserve Battery"],"picked":"Blizzard+1","floor":31.0},{"not_picked":["Thunder Strike","Fission"],"picked":"Creative AI","floor":33.0},{"not_picked":["Turbo+1","Stack"],"picked":"Heatsinks","floor":35.0},{"not_picked":["Steam+1","Tempest+1"],"picked":"Coolheaded+1","floor":36.0},{"not_picked":["Capacitor","Go for the Eyes"],"picked":"Defragment","floor":37.0},{"not_picked":["Trip","Metamorphosis"],"picked":"Flash of Steel","floor":39.0},{"not_picked":["Hologram+1","Ball Lightning"],"picked":"Cold Snap+1","floor":44},{"not_picked":["Fusion+1","Barrage","Steam+1"],"picked":"SKIP","floor":46},{"not_picked":["Rainbow","Barrage","Sunder"],"picked":"SKIP","floor":47},{"not_picked":["Rebound","Scrape","Steam"],"picked":"SKIP","floor":48}],"player_experience":1080859,"relics_obtained":[{"floor":9.0,"key":"Dodecahedron"},{"floor":22.0,"key":"Mummified Hand"},{"floor":26.0,"key":"Gremlin Horn"},{"floor":43,"key":"Bag of Marbles"},{"floor":47,"key":"Meat on the Bone"}],"event_choices":[{"damage_healed":0.0,"max_hp_gain":0.0,"max_hp_loss":0.0,"gold_gain":0.0,"event_name":"Accursed Blacksmith","player_choice":"Rummage","floor":7.0,"gold_loss":0.0,"damage_taken":0.0,"relics_obtained":["WarpedTongs"],"cards_obtained":["Pain"]},{"damage_healed":0.0,"max_hp_gain":0.0,"max_hp_loss":0.0,"gold_gain":0.0,"event_name":"Back to Basics","player_choice":"Simplicity","floor":20.0,"gold_loss":0.0,"damage_taken":0.0,"cards_upgraded":["Strike_B","Strike_B","Strike_B","Strike_B","Defend_B","Defend_B","Defend_B","Defend_B"]},{"damage_healed":0.0,"max_hp_gain":0.0,"max_hp_loss":0.0,"gold_gain":50.0,"event_name":"Nest","player_choice":"Stole From Cult","floor":28.0,"gold_loss":0.0,"damage_taken":0.0},{"damage_healed":0.0,"max_hp_gain":0.0,"max_hp_loss":0.0,"gold_gain":0.0,"event_name":"Vampires","player_choice":"Ignored","floor":30.0,"gold_loss":0.0,"damage_taken":0.0},{"damage_healed":0.0,"max_hp_gain":0.0,"max_hp_loss":0.0,"gold_gain":0.0,"event_name":"Tomb of Lord Red Mask","player_choice":"Ignored","floor":38.0,"gold_loss":0.0,"damage_taken":0.0},{"damage_healed":0.0,"max_hp_gain":0.0,"max_hp_loss":0.0,"gold_gain":0.0,"event_name":"SensoryStone","player_choice":"Memory 1","floor":39.0,"gold_loss":0.0,"damage_taken":0.0},{"damage_healed":0,"gold_gain":0,"player_choice":"Ignored","damage_taken":0,"max_hp_gain":0,"max_hp_loss":0,"event_name":"Mysterious Sphere","floor":41,"gold_loss":0},{"damage_healed":0,"gold_gain":0,"player_choice":"Max HP","damage_taken":0,"max_hp_gain":0,"max_hp_loss":4,"event_name":"Winding Halls","floor":45,"gold_loss":0}],"is_beta":true,"boss_relics":[{"not_picked":["Black Star","Tiny House"],"picked":"Nuclear Battery"},{"not_picked":["Cursed Key","Sozu"],"picked":"White Beast Statue"}],"items_purged_floors":[14,42],"is_endless":false,"potions_floor_spawned":[2,8,12,13,16,21,24,27,35,36,37,44,46,47,48],"killed_by":"Awakened One","ascension_level":20}