{"gold_per_floor":[113,130,30,43,57,57,77,91,91,91,91,108,108,73,73,144,144,159,3,3,3,3,3,17,17,17,17,36,55,55,71,71,150,150,161,161,161],"floor_reached":37,"playtime":2646,"items_purged":["Shame","Regret"],"score":711,"play_id":"36e3ea52-5a6a-4fdd-b707-d22a3e362288","local_time":"20190215163340","is_ascension_mode":true,"campfire_choices":[{"floor":10.0,"key":"REST"},{"floor":13.0,"key":"REST"},{"data":"Whirlwind","floor":15.0,"key":"SMITH"},{"data":"Barricade","floor":23.0,"key":"SMITH"},{"data":"Entrench","floor":27.0,"key":"SMITH"},{"data":"Metallicize","floor":30.0,"key":"SMITH"},{"data":"Limit Break","floor":32.0,"key":"SMITH"}],"neow_cost":"CURSE","seed_source_timestamp":0,"circlet_count":0,"master_deck":["AscendersBane","Strike_R","Strike_R","Strike_R","Strike_R","Strike_R","Defend_R","Defend_R","Defend_R","Defend_R","Bash","Limit Break+1","Entrench+1","Warcry","True Grit","Thunderclap","Fire Breathing","Pummel","Barricade+1","Whirlwind+1","Offering+1","Parasite","Parasite","Shrug It Off+1","Shockwave+1","Shrug It Off+1","Ghostly+1","Ghostly+1","Ghostly+1","Shrug It Off+1","Metallicize+1","Offering+1","Juggernaut+1","Armaments+1","Spot Weakness+1","Power Through+1","Ghostly Armor+1","Clothesline","Armaments+1"],"special_seed":0,"relics":["Burning Blood","Toxic Egg 2","Darkstone Periapt","Calling Bell","Orichalcum","Ornamental Fan","Thread and Needle","MutagenicStrength","Matryoshka","Orrery"],"potions_floor_usage":[37],"damage_taken":[{"damage":6.0,"enemies":"Cultist","floor":1.0,"turns":3.0},{"damage":14.0,"enemies":"2 Louse","floor":2.0,"turns":3.0},{"damage":14.0,"enemies":"Jaw Worm","floor":4.0,"turns":5.0},{"damage":3.0,"enemies":"2 Fungi Beasts","floor":5.0,"turns":4.0},{"damage":17.0,"enemies":"Looter","floor":7.0,"turns":5.0},{"damage":25.0,"enemies":"Exordium Wildlife","floor":8.0,"turns":4.0},{"damage":24.0,"enemies":"Blue Slaver","floor":12.0,"turns":6.0},{"damage":68.0,"enemies":"Slime Boss","floor":16.0,"turns":13.0},{"damage":28.0,"enemies":"3 Byrds","floor":18.0,"turns":4.0},{"damage":17.0,"enemies":"Colosseum Slavers","floor":20.0,"turns":3.0},{"damage":6.0,"enemies":"Chosen","floor":24.0,"turns":4.0},{"damage":22.0,"enemies":"Snecko","floor":28.0,"turns":7.0},{"damage":6.0,"enemies":"Centurion and Healer","floor":29.0,"turns":16.0},{"damage":0.0,"enemies":"Snake Plant","floor":31.0,"turns":11.0},{"damage":13.0,"enemies":"Champ","floor":33.0,"turns":64.0},{"damage":14.0,"enemies":"Orb Walker","floor":35.0,"turns":7.0},{"damage":35,"enemies":"3 Darklings","floor":37,"turns":5}],"seed_played":"-2104760940859297043","potions_obtained":[{"floor":7.0,"key":"Weak Potion"},{"floor":8.0,"key":"Strength Potion"},{"floor":12.0,"key":"EntropicBrew"},{"floor":16.0,"key":"SteroidPotion"},{"floor":24.0,"key":"Explosive Potion"},{"floor":33.0,"key":"Block Potion"},{"floor":35.0,"key":"SneckoOil"}],"is_trial":false,"path_per_floor":["M","M","$","M","M","?","M","M","T","R","T","M","R","?","R","B",null,"M","$","?","?","?","R","M","?","T","R","M","M","R","M","R","B",null,"M","?","M"],"character_chosen":"IRONCLAD","items_purchased":["True Grit","Shrug It Off+1"],"campfire_rested":2,"item_purchase_floors":[3,19],"current_hp_per_floor":[68,60,60,52,55,55,44,25,25,47,47,29,51,69,69,7,76,54,54,43,43,43,43,43,43,43,43,27,27,27,33,33,26,41,33,33,0],"gold":161,"neow_bonus":"THREE_RARE_CARDS","is_prod":false,"is_daily":false,"chose_seed":false,"campfire_upgraded":5,"win_rate":0,"timestamp":1550266420,"path_taken":["M","M","?","?","M","?","M","M","T","R","?","M","R","?","R","BOSS","M","$","?","?","?","R","?","?","T","R","M","M","R","M","R","BOSS","M","?","?"],"build_version":"2019-02-06","purchased_purges":2,"victory":false,"max_hp_per_floor":[75,75,75,75,75,75,75,75,75,75,75,75,75,75,75,75,93,93,93,93,93,93,93,93,46,46,46,46,46,46,46,46,46,46,46,46,46],"card_choices":[{"not_picked":["Immolate","Berserk"],"picked":"Limit Break","floor":0.0},{"not_picked":["Warcry","Twin Strike"],"picked":"Entrench","floor":1.0},{"not_picked":["Headbutt","Twin Strike"],"picked":"Warcry","floor":2.0},{"not_picked":["Corruption","Clash"],"picked":"Thunderclap","floor":4.0},{"not_picked":["Body Slam","Burning Pact"],"picked":"Fire Breathing","floor":5.0},{"not_picked":["Thunderclap","Bloodletting"],"picked":"Pummel","floor":7.0},{"not_picked":["Hemokinesis","Heavy Blade"],"picked":"Barricade","floor":8.0},{"not_picked":["Iron Wave","Clothesline"],"picked":"Whirlwind","floor":12.0},{"not_picked":["Exhume+1","Limit Break+1"],"picked":"Offering+1","floor":16.0},{"not_picked":["Perfected Strike","Sword Boomerang","Headbutt"],"picked":"SKIP","floor":18.0},{"not_picked":["Flex+1","Warcry+1"],"picked":"Shrug It Off+1","floor":24.0},{"not_picked":["Infernal Blade+1","Twin Strike"],"picked":"Shrug It Off+1","floor":28.0},{"not_picked":["Rage+1","Armaments+1"],"picked":"Metallicize","floor":29.0},{"not_picked":["Warcry+1","True Grit+1"],"picked":"Offering+1","floor":31.0},{"not_picked":["Fiend Fire","Barricade"],"picked":"Juggernaut","floor":33.0},{"not_picked":["Reckless Charge","Heavy Blade"],"picked":"Armaments+1","floor":34.0},{"not_picked":["True Grit+1","Armaments+1"],"picked":"Spot Weakness+1","floor":34.0},{"not_picked":["Clothesline","True Grit+1"],"picked":"Power Through+1","floor":34.0},{"not_picked":["Clothesline","Flex+1"],"picked":"Ghostly Armor+1","floor":34.0},{"not_picked":["Second Wind+1","Wild Strike"],"picked":"Clothesline","floor":34.0},{"not_picked":["Thunderclap","Infernal Blade+1"],"picked":"Armaments+1","floor":35.0}],"player_experience":972534,"relics_obtained":[{"floor":9.0,"key":"Toxic Egg 2"},{"floor":11.0,"key":"Darkstone Periapt"},{"floor":17.0,"key":"Orichalcum"},{"floor":17.0,"key":"Ornamental Fan"},{"floor":17.0,"key":"Thread and Needle"},{"floor":26.0,"key":"Matryoshka"}],"event_choices":[{"damage_healed":0.0,"max_hp_gain":0.0,"max_hp_loss":0.0,"gold_gain":0.0,"event_name":"Liars Game","player_choice":"Ignored","floor":6.0,"gold_loss":0.0,"damage_taken":0.0},{"damage_healed":18.0,"max_hp_gain":0.0,"max_hp_loss":0.0,"gold_gain":0.0,"event_name":"The Cleric","player_choice":"Healed","floor":14.0,"gold_loss":35.0,"damage_taken":0.0},{"damage_healed":0.0,"max_hp_gain":0.0,"max_hp_loss":0.0,"gold_gain":0.0,"event_name":"Colosseum","player_choice":"Fight","floor":20.0,"gold_loss":0.0,"damage_taken":0.0},{"damage_healed":0.0,"max_hp_gain":0.0,"max_hp_loss":0.0,"gold_gain":0.0,"event_name":"Colosseum","player_choice":"Fled From Nobs","floor":20.0,"gold_loss":0.0,"damage_taken":0.0},{"damage_healed":0.0,"max_hp_gain":0.0,"max_hp_loss":0.0,"gold_gain":0.0,"event_name":"Drug Dealer","player_choice":"Inject Mutagens","floor":21.0,"gold_loss":0.0,"damage_taken":0.0,"relics_obtained":["MutagenicStrength"]},{"damage_healed":0.0,"max_hp_gain":0.0,"max_hp_loss":0.0,"gold_gain":0.0,"event_name":"The Library","player_choice":"Read","floor":22.0,"gold_loss":0.0,"damage_taken":0.0,"cards_obtained":["Shockwave"]},{"damage_healed":0.0,"max_hp_gain":0.0,"max_hp_loss":47.0,"gold_gain":0.0,"event_name":"Ghosts","player_choice":"Became a Ghost","floor":25.0,"gold_loss":0.0,"damage_taken":0.0,"cards_obtained":["Ghostly","Ghostly","Ghostly"]},{"damage_healed":0.0,"max_hp_gain":0.0,"max_hp_loss":0.0,"gold_gain":0.0,"event_name":"Upgrade Shrine","player_choice":"Upgraded","floor":36.0,"gold_loss":0.0,"damage_taken":0.0,"cards_upgraded":["Juggernaut"]}],"is_beta":true,"boss_relics":[{"not_picked":["Mark of Pain","Eternal Feather"],"picked":"Calling Bell"},{"not_picked":["Snecko Eye","Runic Cube"],"picked":"Orrery"}],"items_purged_floors":[3,19],"is_endless":false,"potions_floor_spawned":[7,8,12,16,24,33,35],"killed_by":"3 Darklings","ascension_level":18}