{"gold_per_floor":[113,45,45,45,45,75,75,75,121,136,155,170,95,112,112,211,211,200,200,299,199,199,199,211,231,231,231,231,246,246,260,260,361,361,381,393,393,393,393,393,393,408,408,408,422,422],"floor_reached":46,"playtime":3299,"items_purged":["Regret","Regret"],"score":467,"play_id":"2367ace4-d8a3-4900-aeaa-b67c6605b6c9","local_time":"20181106083932","is_ascension_mode":false,"campfire_choices":[{"data":"Metallicize","floor":15,"key":"SMITH"},{"data":"Armaments","floor":23,"key":"SMITH"},{"floor":30,"key":"RECALL"},{"data":"Inflame","floor":32,"key":"SMITH"},{"data":"Battle Trance","floor":40,"key":"SMITH"},{"data":"Shockwave","floor":44,"key":"SMITH"}],"neow_cost":"NONE","seed_source_timestamp":15658117122945,"circlet_count":0,"master_deck":["Defend_R","Defend_R","Defend_R","Defend_R","Bash","Inflame+1","Metallicize+1","Shrug It Off","Battle Trance+1","Armaments+1","True Grit","Writhe","Body Slam","Bite","Bite","Bite","Bite","Bite","Writhe","Shockwave+1","Ghostly Armor","Barricade","Shrug It Off+1","Disarm","Madness","Madness","Magnetism"],"relics":["Black Blood","Juzu Bracelet","Question Card","WarpedTongs","Orichalcum","Regal Pillow","Blood Vial","Calling Bell","Vajra","Mummified Hand","Magic Flower","Shuriken","Spirit Poop","Gambling Chip"],"potions_floor_usage":[6,16,18,33,33,46,46],"damage_taken":[{"damage":5,"enemies":"Cultist","floor":1,"turns":4},{"damage":31,"enemies":"Lagavulin","floor":6,"turns":9},{"damage":4,"enemies":"Small Slimes","floor":10,"turns":4},{"damage":3,"enemies":"2 Louse","floor":11,"turns":3},{"damage":9,"enemies":"Exordium Wildlife","floor":12,"turns":5},{"damage":2,"enemies":"Lots of Slimes","floor":14,"turns":7},{"damage":22,"enemies":"Hexaghost","floor":16,"turns":12},{"damage":26,"enemies":"2 Thieves","floor":18,"turns":4},{"damage":62,"enemies":"3 Byrds","floor":24,"turns":10},{"damage":33,"enemies":"Shelled Parasite and Fungi","floor":25,"turns":8},{"damage":10,"enemies":"Snecko","floor":29,"turns":7},{"damage":11,"enemies":"Centurion and Healer","floor":31,"turns":10},{"damage":146,"enemies":"Collector","floor":33,"turns":22},{"damage":51,"enemies":"3 Shapes","floor":35,"turns":7},{"damage":33,"enemies":"3 Darklings","floor":36,"turns":10},{"damage":38,"enemies":"4 Shapes","floor":42,"turns":5},{"damage":38,"enemies":"Sphere and 2 Shapes","floor":45,"turns":8},{"damage":66,"enemies":"2 Orb Walkers","floor":46,"turns":6}],"seed_played":"-4732154375119567408","potions_obtained":[{"floor":1,"key":"AttackPotion"},{"floor":10,"key":"SkillPotion"},{"floor":16,"key":"AttackPotion"},{"floor":25,"key":"Ancient Potion"},{"floor":31,"key":"GamblersBrew"},{"floor":33,"key":"Poison Potion"},{"floor":36,"key":"Swift Potion"}],"is_trial":false,"path_per_floor":["M","$","?","?","?","E","?","?","T","M","M","M","$","M","R","B",null,"M","?","?","$","?","R","M","M","T","?","?","M","R","M","R","B",null,"M","M","?","?","?","R","?","M","T","R","M","?"],"character_chosen":"IRONCLAD","items_purchased":["Metallicize"],"campfire_rested":0,"item_purchase_floors":[2],"current_hp_per_floor":[80,80,80,68,68,43,43,36,36,40,45,44,44,50,50,36,80,63,56,56,56,56,56,56,56,56,47,47,61,61,61,61,61,61,59,61,53,53,53,53,53,51,51,51,61,0],"gold":422,"neow_bonus":"RANDOM_COMMON_RELIC","is_prod":false,"is_daily":false,"chose_seed":false,"campfire_upgraded":5,"win_rate":0,"timestamp":1541511572,"path_taken":["M","?","?","?","?","E","?","?","T","M","M","M","$","M","R","BOSS","M","?","?","?","?","R","M","M","T","?","?","M","R","M","R","BOSS","M","M","?","?","?","R","?","M","T","R","M","?"],"build_version":"2018-11-05","purchased_purges":2,"victory":false,"max_hp_per_floor":[80,80,80,80,80,80,80,80,80,80,80,80,80,80,80,80,80,80,56,56,56,56,56,56,56,56,61,61,61,61,61,61,61,61,61,61,61,61,61,61,61,61,61,61,61,61],"card_choices":[{"not_picked":["Sword Boomerang","Rage"],"picked":"Inflame","floor":1},{"not_picked":["Feel No Pain","Searing Blow","Thunderclap","Hemokinesis"],"picked":"SKIP","floor":6},{"not_picked":["Ghostly Armor","Headbutt","Body Slam"],"picked":"Shrug It Off","floor":10},{"not_picked":["Perfected Strike","Rampage","Burning Pact"],"picked":"Battle Trance","floor":11},{"not_picked":["Headbutt","Thunderclap","Sword Boomerang"],"picked":"Armaments","floor":12},{"not_picked":["Juggernaut","Heavy Blade","Iron Wave"],"picked":"True Grit","floor":14},{"not_picked":["Bludgeon","Impervious","Limit Break"],"picked":"Offering","floor":16},{"not_picked":["Headbutt","Uppercut","Pommel Strike"],"picked":"Body Slam","floor":18},{"not_picked":["Pommel Strike","Clothesline","Armaments+1","Headbutt"],"picked":"SKIP","floor":24},{"not_picked":["Clothesline+1","Rupture+1","Sword Boomerang+1","Whirlwind+1"],"picked":"SKIP","floor":25},{"not_picked":["Inflame+1","Cleave","Wild Strike","Evolve+1"],"picked":"SKIP","floor":29},{"not_picked":["Rage+1","Berserk","Flex"],"picked":"Ghostly Armor","floor":31},{"not_picked":["Immolate","Dark Embrace","Brutality"],"picked":"Barricade","floor":33},{"not_picked":["Inflame","Reckless Charge","Anger"],"picked":"Shrug It Off+1","floor":35},{"not_picked":["Thunderclap+1","Uppercut","Anger"],"picked":"Disarm","floor":36},{"not_picked":["Dark Shackles","PanicButton","Good Instincts"],"picked":"Magnetism","floor":39},{"not_picked":["Armaments+1","Iron Wave","Corruption+1","Heavy Blade"],"picked":"SKIP","floor":42},{"not_picked":["Perfected Strike","Second Wind","Dropkick+1","Body Slam"],"picked":"SKIP","floor":45}],"player_experience":152496,"relics_obtained":[{"floor":6,"key":"Orichalcum"},{"floor":9,"key":"Blood Vial"},{"floor":17,"key":"Vajra"},{"floor":17,"key":"Mummified Hand"},{"floor":17,"key":"Magic Flower"},{"floor":43,"key":"Gambling Chip"}],"event_choices":[{"damage_healed":0,"gold_gain":0,"player_choice":"Leave","damage_taken":0,"max_hp_gain":0,"max_hp_loss":0,"event_name":"The Cleric","floor":3,"gold_loss":0},{"damage_healed":0,"gold_gain":0,"player_choice":"Success","damage_taken":12,"relics_obtained":["Question Card"],"max_hp_gain":0,"max_hp_loss":0,"event_name":"Scrap Ooze","floor":4,"gold_loss":0},{"damage_healed":0,"gold_gain":0,"player_choice":"Rummage","damage_taken":0,"relics_obtained":["WarpedTongs"],"max_hp_gain":0,"max_hp_loss":0,"event_name":"Accursed Blacksmith","floor":5,"gold_loss":0,"cards_obtained":["Pain"]},{"damage_healed":0,"gold_gain":0,"player_choice":"Box","damage_taken":0,"relics_obtained":["Regal Pillow"],"max_hp_gain":0,"max_hp_loss":0,"event_name":"Big Fish","floor":7,"gold_loss":0,"cards_obtained":["Regret"]},{"cards_removed":["Pain"],"damage_healed":0,"gold_gain":0,"player_choice":"Card Removal","damage_taken":7,"max_hp_gain":0,"max_hp_loss":0,"event_name":"Golden Wing","floor":8,"gold_loss":0},{"damage_healed":0,"gold_gain":0,"player_choice":"Became a vampire","damage_taken":0,"max_hp_gain":0,"max_hp_loss":24,"event_name":"Vampires","floor":19,"gold_loss":0,"cards_obtained":["Bite","Bite","Bite","Bite","Bite"]},{"damage_healed":0,"gold_gain":99,"player_choice":"Stole From Cult","damage_taken":0,"max_hp_gain":0,"max_hp_loss":0,"event_name":"Nest","floor":20,"gold_loss":0},{"damage_healed":0,"gold_gain":0,"player_choice":"Opened","damage_taken":0,"relics_obtained":["Shuriken"],"max_hp_gain":0,"max_hp_loss":0,"event_name":"The Mausoleum","floor":22,"gold_loss":0,"cards_obtained":["Writhe"]},{"damage_healed":0,"gold_gain":0,"player_choice":"Shed Blood","damage_taken":14,"max_hp_gain":5,"max_hp_loss":0,"event_name":"Forgotten Altar","floor":27,"gold_loss":0},{"damage_healed":0,"gold_gain":0,"player_choice":"Read","damage_taken":0,"max_hp_gain":0,"max_hp_loss":0,"event_name":"The Library","floor":28,"gold_loss":0,"cards_obtained":["Shockwave"]},{"damage_healed":0,"gold_gain":0,"player_choice":"Embrace Madness","damage_taken":8,"max_hp_gain":0,"max_hp_loss":0,"event_name":"Winding Halls","floor":37,"gold_loss":0,"cards_obtained":["Madness","Madness"]},{"cards_removed":["Doubt"],"damage_healed":0,"gold_gain":0,"player_choice":"Offered Curse","damage_taken":0,"relics_obtained":["Spirit Poop"],"max_hp_gain":0,"max_hp_loss":0,"event_name":"Bonfire Elementals","floor":38,"gold_loss":0},{"damage_healed":0,"gold_gain":0,"player_choice":"Memory 1","damage_taken":0,"max_hp_gain":0,"max_hp_loss":0,"event_name":"SensoryStone","floor":39,"gold_loss":0},{"cards_removed":["Offering"],"damage_healed":0,"gold_gain":0,"player_choice":"Removed Skill","damage_taken":0,"max_hp_gain":0,"max_hp_loss":0,"event_name":"Falling","floor":41,"gold_loss":0},{"damage_healed":0,"gold_gain":0,"player_choice":"Fight","damage_taken":0,"max_hp_gain":0,"max_hp_loss":0,"event_name":"Mysterious Sphere","floor":46,"gold_loss":0}],"is_beta":true,"boss_relics":[{"not_picked":["Runic Dome","Ectoplasm"],"picked":"Calling Bell"},{"not_picked":["Fusion Hammer","Runic Pyramid"],"picked":"Black Blood"}],"items_purged_floors":[13,21],"is_endless":false,"potions_floor_spawned":[1,10,16,25,31,33,36],"killed_by":"2 Orb Walkers","ascension_level":0}