{"path_per_floor":["M","?","?","$","M","R","?","$","T","M","M","?","M","M","R","B",null,"M","?","?","M"],"character_chosen":"IRONCLAD","items_purchased":["Clothesline"],"gold_per_floor":[111,111,61,38,51,51,51,51,51,65,75,101,120,135,135,231,231,216,216,216,231],"floor_reached":22,"campfire_rested":0,"playtime":1915,"current_hp_per_floor":[76,76,76,76,73,73,73,73,80,86,87,75,74,80,80,21,87,81,65,65,13],"items_purged":[],"gold":231,"score":176,"play_id":"428e4671-44f8-4232-a656-03ebaad179df","is_prod":false,"is_daily":false,"is_ascension_mode":false,"campfire_upgraded":2,"path_taken":["M","?","?","$","M","R","?","?","T","?","M","?","M","M","R","BOSS","M","?","?","?","M"],"build_version":"2018-02-12-PROD1","purchased_purges":0,"victory":false,"master_deck":["Strike_R","Strike_R","Defend_R","Defend_R","Defend_R","Defend_R","Bash","Pommel Strike","Clothesline","Pommel Strike+1","Fiend Fire","Power Through","Armaments+1","Flex","Metallicize","Writhe"],"max_hp_per_floor":[80,80,80,80,80,80,80,80,87,87,87,87,87,87,87,87,87,87,87,87,87],"relics":["Burning Blood","Prayer Wheel","Strawberry","Odd Mushroom","White Beast Statue","Nilry\u0027s Codex","Blood Vial"],"card_choices":[{"not_picked":["Whirlwind","Brutality"],"picked":"Pommel Strike"},{"not_picked":["Fire Breathing","Wild Strike"],"picked":"Pommel Strike"},{"not_picked":["True Grit","Heavy Blade"],"picked":"Power Through"},{"not_picked":["Heavy Blade","Wild Strike"],"picked":"Armaments"},{"not_picked":["Anger","Heavy Blade"],"picked":"Flex"},{"not_picked":["Pommel Strike","Flex"],"picked":"Metallicize"}],"player_experience":80661,"potions_floor_usage":[16,16,16,21],"damage_taken":[{"damage":10,"enemies":"Jaw Worm","floor":1,"turns":4},{"damage":9,"enemies":"Blue Slaver","floor":5,"turns":5},{"damage":0,"enemies":"Cultist","floor":10,"turns":2},{"damage":0,"enemies":"3 Louse","floor":11,"turns":3},{"damage":18,"enemies":"The Mushroom Lair","floor":12,"turns":4},{"damage":7,"enemies":"2 Fungi Beasts","floor":13,"turns":3},{"damage":0,"enemies":"Lots of Slimes","floor":14,"turns":7},{"damage":65,"enemies":"The Guardian","floor":16,"turns":12},{"damage":12,"enemies":"2 Thieves","floor":18,"turns":4},{"damage":60,"enemies":"3 Byrds","floor":21,"turns":8},{"damage":18,"enemies":"Centurion and Healer","floor":22,"turns":2}],"event_choices":[{"event_name":"Purifier","player_choice":"One Purge","floor":2,"damage_taken":0},{"event_name":"The Cleric","player_choice":"Card Removal","floor":3,"damage_taken":0},{"event_name":"Transmorgrifier","player_choice":"Transform","floor":7,"damage_taken":0},{"event_name":"Mushrooms","player_choice":"Fought Mushrooms","floor":12,"damage_taken":0},{"event_name":"Cursed Tome","player_choice":"Obtained Book","floor":19,"damage_taken":0},{"event_name":"The Mausoleum","player_choice":"Yes","floor":20,"damage_taken":0}],"boss_relics":[{"not_picked":["Calling Bell","Ectoplasm"],"picked":"White Beast Statue"}],"potions_floor_spawned":[1,10,11,13,18,21],"seed_played":"1746756188001689659","killed_by":"Centurion and Healer","ascension_level":0,"is_trial":false}