{"gold_per_floor":[112,112,112,32,32,32,68,243,270,270,300,79,79,102,102,221,221,241,241,264,264,264,264,264,264,264,264,289,54,79,98,98,226,226,245,176,176,276,276,316,316,316,316,316,316,316,23,23,23,23],"floor_reached":50,"playtime":1964,"items_purged":["Doubt","Tactician+1"],"score":834,"play_id":"f2328be5-ef91-4c8a-bb9a-5c205c73b1c7","local_time":"20190106204248","is_ascension_mode":true,"campfire_choices":[{"data":"Footwork","floor":6.0,"key":"SMITH"},{"floor":10.0,"key":"REST"},{"data":"Bouncing Flask","floor":15.0,"key":"SMITH"},{"floor":23.0,"key":"REST"},{"data":"Burst","floor":32.0,"key":"SMITH"},{"floor":42.0,"key":"REST"},{"floor":45.0,"key":"RECALL"},{"floor":49.0,"key":"REST"}],"neow_cost":"NONE","seed_source_timestamp":548073794937180,"circlet_count":0,"master_deck":["AscendersBane","Survivor+1","Neutralize+1","Deadly Poison+1","Footwork+1","Envenom+1","Bouncing Flask+1","Burst+1","Leg Sweep+1","Flash of Steel+1","Cloak And Dagger+1","Blade Dance+1","Outmaneuver+1","Infinite Blades+1","Deflect+1","After Image+1","Expertise+1","Accuracy+1","Blur+1","Crippling Poison+1","Backstab+1","Well Laid Plans+1","Caltrops+1","Infinite Blades+1","Accuracy+1"],"special_seed":0,"relics":["Ring of the Snake","NeowsBlessing","Golden Idol","Mummified Hand","Blood Vial","Kunai","Juzu Bracelet","WristBlade","Ornamental Fan","Singing Bowl","Dodecahedron","Lee\u0027s Waffle","Pandora\u0027s Box","Mark of the Bloom","Pen Nib","Bottled Tornado","Tingsha","Happy Flower"],"potions_floor_usage":[50,50],"damage_taken":[{"damage":0.0,"enemies":"2 Louse","floor":1.0,"turns":1.0},{"damage":0.0,"enemies":"Lagavulin","floor":7.0,"turns":1.0},{"damage":0.0,"enemies":"Jaw Worm","floor":14.0,"turns":1.0},{"damage":37.0,"enemies":"Slime Boss","floor":16.0,"turns":11.0},{"damage":14.0,"enemies":"Shell Parasite","floor":18.0,"turns":4.0},{"damage":32.0,"enemies":"3 Byrds","floor":20.0,"turns":9.0},{"damage":22.0,"enemies":"3 Cultists","floor":28.0,"turns":7.0},{"damage":0.0,"enemies":"Snecko","floor":30.0,"turns":5.0},{"damage":14.0,"enemies":"Snake Plant","floor":31.0,"turns":5.0},{"damage":5.0,"enemies":"Automaton","floor":33.0,"turns":13.0},{"damage":0.0,"enemies":"3 Darklings","floor":35.0,"turns":4.0},{"damage":56.0,"enemies":"Reptomancer","floor":40.0,"turns":4.0},{"damage":27,"enemies":"Awakened One","floor":50,"turns":3}],"seed_played":"2713157241845148066","potions_obtained":[{"floor":16.0,"key":"Strength Potion"},{"floor":20.0,"key":"SpeedPotion"},{"floor":39.0,"key":"Strength Potion"}],"is_trial":false,"path_per_floor":["M","?","?","$","?","R","E","?","T","R","?","$","?","M","R","B",null,"M","?","M","?","T","R","?","?","T","T","M","$","M","M","R","B",null,"M","$","?","?","?","E","?","R","T","?","R","T","$","?","R","B"],"character_chosen":"THE_SILENT","items_purchased":["Footwork","Juzu Bracelet","Lee\u0027s Waffle","Infinite Blades","Infinite Blades","Happy Flower","Block Potion"],"campfire_rested":4,"item_purchase_floors":[4,12,29,29,36,47,47],"current_hp_per_floor":[63,46,32,32,25,25,25,25,25,46,46,46,51,53,53,18,61,49,35,5,5,5,27,27,27,27,27,7,82,82,70,70,67,80,82,82,82,82,82,26,26,26,26,26,26,26,26,26,26,0],"gold":23,"neow_bonus":"THREE_ENEMY_KILL","is_prod":false,"is_daily":false,"chose_seed":false,"campfire_upgraded":3,"win_rate":0,"timestamp":1546825368,"path_taken":["M","?","?","$","?","R","E","?","T","R","?","?","?","M","R","BOSS","M","?","M","?","?","R","?","?","T","?","M","$","M","M","R","BOSS","M","$","?","?","?","E","?","R","T","?","R","?","?","?","R","BOSS"],"build_version":"2019-01-03v4","purchased_purges":2,"victory":false,"max_hp_per_floor":[70,70,70,70,70,70,70,70,70,70,70,70,75,75,75,75,75,75,75,75,75,75,75,75,75,75,75,75,82,82,84,84,84,84,84,84,84,84,84,84,84,84,84,86,86,86,86,86,86,86],"card_choices":[{"not_picked":["Dagger Spray","Dagger Throw"],"picked":"Deadly Poison","floor":1.0},{"not_picked":["Dodge and Roll","Flying Knee"],"picked":"Envenom","floor":7.0},{"not_picked":["Bane","Outmaneuver"],"picked":"Bouncing Flask","floor":14.0},{"not_picked":["Glass Knife","Venomology"],"picked":"Burst","floor":16.0},{"not_picked":["Deflect+1","Quick Slash"],"picked":"Leg Sweep+1","floor":18.0},{"not_picked":["Slice","Crippling Poison"],"picked":"Cloak And Dagger","floor":20.0},{"not_picked":["Crippling Poison","Sucker Punch"],"picked":"Outmaneuver+1","floor":28.0},{"not_picked":["Sucker Punch+1","Burst"],"picked":"Deflect+1","floor":30.0},{"not_picked":["Outmaneuver","Bane","Acrobatics"],"picked":"Singing Bowl","floor":31.0},{"not_picked":["Adrenaline","Night Terror"],"picked":"After Image","floor":33.0},{"not_picked":["Deadly Poison","Bouncing Flask"],"picked":"Caltrops+1","floor":35.0},{"not_picked":["Masterful Stab","Expertise"],"picked":"Accuracy+1","floor":40.0},{"not_picked":["Deep Breath","Violence","Apotheosis"],"picked":"Singing Bowl","floor":44.0}],"player_experience":757779,"relics_obtained":[{"floor":7.0,"key":"Mummified Hand"},{"floor":9.0,"key":"Blood Vial"},{"floor":22.0,"key":"Ornamental Fan"},{"floor":26.0,"key":"Singing Bowl"},{"floor":27.0,"key":"Dodecahedron"},{"floor":40.0,"key":"Pen Nib"},{"floor":43.0,"key":"Bottled Tornado"},{"floor":46.0,"key":"Tingsha"}],"event_choices":[{"damage_healed":0.0,"max_hp_gain":0.0,"max_hp_loss":0.0,"gold_gain":0.0,"event_name":"Golden Idol","player_choice":"Take Damage","floor":2.0,"gold_loss":0.0,"damage_taken":17.0,"relics_obtained":["Golden Idol"]},{"damage_healed":0.0,"max_hp_gain":0.0,"max_hp_loss":0.0,"gold_gain":0.0,"event_name":"Shining Light","player_choice":"Entered Light","floor":3.0,"gold_loss":0.0,"damage_taken":14.0,"cards_upgraded":["Defend_G","Strike_G"]},{"cards_removed":["Strike_G"],"damage_healed":0.0,"max_hp_gain":0.0,"max_hp_loss":0.0,"gold_gain":0.0,"event_name":"Golden Wing","player_choice":"Card Removal","floor":5.0,"gold_loss":0.0,"damage_taken":7.0},{"damage_healed":0.0,"max_hp_gain":0.0,"max_hp_loss":0.0,"gold_gain":175.0,"event_name":"Liars Game","player_choice":"AGREE","floor":8.0,"gold_loss":0.0,"damage_taken":0.0,"cards_obtained":["Doubt"]},{"damage_healed":0.0,"max_hp_gain":0.0,"max_hp_loss":0.0,"gold_gain":30.0,"event_name":"Dead Adventurer","player_choice":"Searched \u00272\u0027 times","floor":11.0,"gold_loss":0.0,"damage_taken":0.0,"relics_obtained":["Kunai"]},{"damage_healed":0.0,"max_hp_gain":5.0,"max_hp_loss":0.0,"gold_gain":0.0,"event_name":"Big Fish","player_choice":"Donut","floor":13.0,"gold_loss":0.0,"damage_taken":0.0},{"damage_healed":0.0,"max_hp_gain":0.0,"max_hp_loss":0.0,"gold_gain":0.0,"event_name":"Knowing Skull","player_choice":"CARD ","floor":19.0,"potions_obtained":[],"gold_loss":0.0,"damage_taken":14.0,"cards_obtained":["Flash of Steel"]},{"damage_healed":0.0,"max_hp_gain":0.0,"max_hp_loss":0.0,"gold_gain":0.0,"event_name":"The Woman in Blue","player_choice":"Bought 0 Potions","floor":21.0,"gold_loss":0.0,"damage_taken":0.0},{"damage_healed":0.0,"max_hp_gain":0.0,"max_hp_loss":0.0,"gold_gain":0.0,"cards_transformed":["Strike_G"],"event_name":"Transmorgrifier","player_choice":"Transformed","floor":24.0,"gold_loss":0.0,"damage_taken":0.0,"cards_obtained":["Blade Dance"]},{"damage_healed":0.0,"max_hp_gain":0.0,"max_hp_loss":0.0,"gold_gain":0.0,"event_name":"Cursed Tome","player_choice":"Ignored","floor":25.0,"gold_loss":0.0,"damage_taken":0.0},{"damage_healed":0.0,"max_hp_gain":0.0,"max_hp_loss":0.0,"gold_gain":0.0,"event_name":"MindBloom","player_choice":"Upgrade","floor":37.0,"gold_loss":0.0,"damage_taken":0.0,"cards_upgraded":["Survivor","Neutralize","Deadly Poison","Envenom","Flash of Steel","Cloak And Dagger","Blade Dance","Infinite Blades","After Image","Expertise","Accuracy","Tactician","Blur","Crippling Poison","Backstab","Well Laid Plans","Doppelganger","Infinite Blades"],"relics_obtained":["Mark of the Bloom"]},{"damage_healed":0.0,"max_hp_gain":0.0,"max_hp_loss":0.0,"gold_gain":100.0,"event_name":"Golden Shrine","player_choice":"Pray","floor":38.0,"gold_loss":0.0,"damage_taken":0.0},{"damage_healed":0.0,"max_hp_gain":0.0,"max_hp_loss":0.0,"gold_gain":0.0,"event_name":"Lab","player_choice":"Got Potions","floor":39.0,"gold_loss":0.0,"damage_taken":0.0},{"damage_healed":0.0,"max_hp_gain":0.0,"max_hp_loss":0.0,"gold_gain":0.0,"event_name":"Mysterious Sphere","player_choice":"Ignored","floor":41.0,"gold_loss":0.0,"damage_taken":0.0},{"damage_healed":0.0,"max_hp_gain":0.0,"max_hp_loss":0.0,"gold_gain":0.0,"event_name":"SensoryStone","player_choice":"Memory 1","floor":44.0,"gold_loss":0.0,"damage_taken":0.0},{"cards_removed":["Doppelganger"],"damage_healed":0.0,"max_hp_gain":0.0,"max_hp_loss":0.0,"gold_gain":0.0,"event_name":"Falling","player_choice":"Removed Skill","floor":48.0,"gold_loss":0.0,"damage_taken":0.0}],"is_beta":true,"boss_relics":[{"not_picked":["Cursed Key","Tiny House"],"picked":"WristBlade"},{"not_picked":["Velvet Choker","Runic Dome"],"picked":"Pandora\u0027s Box"}],"items_purged_floors":[12,47],"is_endless":false,"potions_floor_spawned":[16,20,30,31],"killed_by":"Awakened One","ascension_level":11}