{"gold_per_floor":[117,130,130,142,154,154,154,171,196,215,215,142,142,162,162,263,263,282,299,299,299,29,57,57,90,90,106,106,106,123,139,139,241,241,261,273,284,284,128,128,128,146,226,226,226,27,27,43,43,43],"floor_reached":50,"playtime":5436,"items_purged":[],"score":474,"play_id":"4e217b36-8a37-4091-bd43-9325dc836928","local_time":"20190709191441","is_ascension_mode":false,"campfire_choices":[{"data":"Catalyst","floor":7.0,"key":"SMITH"},{"data":"Neutralize","floor":11.0,"key":"SMITH"},{"data":"Poisoned Stab","floor":13.0,"key":"SMITH"},{"data":"Noxious Fumes","floor":15.0,"key":"SMITH"},{"floor":24.0,"key":"REST"},{"data":"A Thousand Cuts","floor":29.0,"key":"SMITH"},{"floor":32.0,"key":"REST"},{"data":"Footwork","floor":40,"key":"SMITH"},{"data":"Madness","floor":44,"key":"SMITH"},{"floor":49,"key":"RECALL"}],"neow_cost":"NONE","seed_source_timestamp":0,"circlet_count":0,"master_deck":["Strike_G+1","Strike_G+1","Strike_G+1","Strike_G+1","Defend_G+1","Defend_G+1","Defend_G+1","Defend_G+1","Defend_G+1","Survivor+1","Neutralize+1","Catalyst+1","Heel Hook+1","Sucker Punch+1","Footwork+1","All Out Attack+1","Tactician+1","Poisoned Stab+1","Deflect+1","Noxious Fumes+1","A Thousand Cuts+1","PiercingWail+1","Bane+1","Leg Sweep+1","Dagger Throw+1","Slice+1","Footwork+1","A Thousand Cuts+1","Madness+1","Madness+1","Parasite","Catalyst+1","Bane+1"],"special_seed":0,"relics":["Lizard Tail","Strawberry","Runic Pyramid","Enchiridion","TwistedFunnel","Anchor","Oddly Smooth Stone","The Specimen","Velvet Choker","Happy Flower","Bag of Marbles","Bottled Flame","DollysMirror","Mark of the Bloom"],"potions_floor_usage":[48,48,50],"damage_taken":[{"damage":7.0,"enemies":"Cultist","floor":1.0,"turns":5.0},{"damage":0.0,"enemies":"Small Slimes","floor":2.0,"turns":5.0},{"damage":0.0,"enemies":"2 Louse","floor":4.0,"turns":4.0},{"damage":0.0,"enemies":"Looter","floor":5.0,"turns":4.0},{"damage":16.0,"enemies":"Gremlin Gang","floor":8.0,"turns":8.0},{"damage":7.0,"enemies":"Blue Slaver","floor":10.0,"turns":4.0},{"damage":0.0,"enemies":"2 Fungi Beasts","floor":14.0,"turns":4.0},{"damage":16.0,"enemies":"The Guardian","floor":16.0,"turns":10.0},{"damage":14.0,"enemies":"Shell Parasite","floor":18.0,"turns":7.0},{"damage":25.0,"enemies":"2 Thieves","floor":19.0,"turns":5.0},{"damage":29.0,"enemies":"Gremlin Leader","floor":23.0,"turns":7.0},{"damage":21.0,"enemies":"Slavers","floor":25.0,"turns":5.0},{"damage":0.0,"enemies":"Centurion and Healer","floor":27.0,"turns":6.0},{"damage":6.0,"enemies":"3 Cultists","floor":30.0,"turns":4.0},{"damage":0.0,"enemies":"Sentry and Sphere","floor":31.0,"turns":3.0},{"damage":6.0,"enemies":"Collector","floor":33.0,"turns":7.0},{"damage":1.0,"enemies":"Orb Walker","floor":35.0,"turns":4.0},{"damage":2,"enemies":"3 Darklings","floor":36,"turns":6},{"damage":7,"enemies":"4 Shapes","floor":37,"turns":4},{"damage":17,"enemies":"Writhing Mass","floor":42,"turns":6},{"damage":0,"enemies":"Transient","floor":48,"turns":5},{"damage":24,"enemies":"Awakened One","floor":50,"turns":4}],"seed_played":"514548732361311694","potions_obtained":[{"floor":2.0,"key":"Block Potion"},{"floor":4.0,"key":"Weak Potion"},{"floor":10.0,"key":"Swift Potion"},{"floor":18.0,"key":"LiquidBronze"},{"floor":19.0,"key":"SteroidPotion"},{"floor":27.0,"key":"Dexterity Potion"},{"floor":30.0,"key":"Weak Potion"},{"floor":36,"key":"FearPotion"},{"floor":42,"key":"SneckoOil"},{"floor":48,"key":"Swift Potion"}],"is_trial":false,"path_per_floor":["M","M","?","M","M","?","R","M","T","M","R","$","R","M","R","B",null,"M","M","?","?","$","E","R","E","T","M","?","R","M","M","R","B",null,"M","M","M","?","$","R","?","M","T","R","?","$","?","M","R","B"],"character_chosen":"THE_SILENT","items_purchased":["Poisoned Stab","Deflect","TwistedFunnel","Leg Sweep","Happy Flower","DollysMirror"],"campfire_rested":2,"item_purchase_floors":[12,12,22,22,39,46],"current_hp_per_floor":[63,63,63,63,63,63,63,47,47,40,40,40,40,40,40,24,77,63,38,63,47,47,18,41,20,20,20,20,20,14,14,37,31,77,76,74,67,57,57,57,57,40,40,40,40,40,40,40,40,16],"gold":43,"neow_bonus":"BOSS_RELIC","is_prod":false,"is_daily":false,"chose_seed":false,"campfire_upgraded":7,"win_rate":0,"timestamp":1562714081,"path_taken":["M","M","?","?","M","?","R","M","T","M","R","$","R","M","R","BOSS","M","M","?","?","$","E","R","E","T","M","?","R","M","M","R","BOSS","M","M","?","?","$","R","?","?","T","R","?","$","?","M","R","BOSS"],"build_version":"2019-07-05","purchased_purges":0,"victory":false,"max_hp_per_floor":[70,70,70,70,70,77,77,77,77,77,77,77,77,77,77,77,77,77,77,77,77,77,77,77,77,77,77,77,77,77,77,77,77,77,77,77,77,77,77,77,77,77,77,77,77,77,77,77,77,77],"card_choices":[{"not_picked":["Quick Slash","Well Laid Plans"],"picked":"Catalyst","floor":1.0},{"not_picked":["Underhanded Strike","Quick Slash"],"picked":"Heel Hook","floor":2.0},{"not_picked":["Riddle With Holes","Deflect"],"picked":"Sucker Punch","floor":4.0},{"not_picked":["Caltrops","Quick Slash"],"picked":"Footwork","floor":5.0},{"not_picked":["Cloak And Dagger","Skewer"],"picked":"All Out Attack","floor":8.0},{"not_picked":["Sucker Punch","Expertise"],"picked":"Tactician","floor":10.0},{"not_picked":["Poisoned Stab","Quick Slash"],"picked":"Noxious Fumes","floor":14.0},{"not_picked":["Die Die Die","Bullet Time"],"picked":"A Thousand Cuts","floor":16.0},{"not_picked":["Slice","Deflect"],"picked":"PiercingWail","floor":18.0},{"not_picked":["Blade Dance+1","Endless Agony+1"],"picked":"Bane","floor":19.0},{"not_picked":["Backflip","All Out Attack"],"picked":"Dagger Throw","floor":23.0},{"not_picked":["Accuracy","Doppelganger"],"picked":"Slice+1","floor":25.0},{"not_picked":["Endless Agony","Flying Knee","Sucker Punch"],"picked":"SKIP","floor":27.0},{"not_picked":["Outmaneuver","Reflex","Tactician"],"picked":"SKIP","floor":30.0},{"not_picked":["Skewer","PiercingWail"],"picked":"Footwork","floor":31.0},{"not_picked":["Unload","Grand Finale"],"picked":"A Thousand Cuts","floor":33.0},{"not_picked":["Crippling Poison+1","Sucker Punch+1","PiercingWail+1"],"picked":"SKIP","floor":35.0},{"not_picked":["Slice+1","PiercingWail","Heel Hook+1"],"picked":"SKIP","floor":36},{"not_picked":["Deadly Poison","Cloak And Dagger","Sucker Punch+1"],"picked":"SKIP","floor":37},{"not_picked":["Dodge and Roll","Dagger Throw","PiercingWail+1"],"picked":"SKIP","floor":42},{"not_picked":["Accuracy","Reflex"],"picked":"Bane+1","floor":48}],"player_experience":677149,"relics_obtained":[{"floor":21.0,"key":"Enchiridion"},{"floor":23.0,"key":"Anchor"},{"floor":25.0,"key":"Oddly Smooth Stone"},{"floor":26.0,"key":"The Specimen"},{"floor":41,"key":"Bag of Marbles"},{"floor":43,"key":"Bottled Flame"}],"event_choices":[{"cards_removed":["Strike_G"],"damage_healed":0.0,"max_hp_gain":0.0,"max_hp_loss":0.0,"gold_gain":0.0,"event_name":"Bonfire Elementals","player_choice":"Offered Basic","floor":3.0,"gold_loss":0.0,"damage_taken":0.0},{"damage_healed":0.0,"max_hp_gain":0.0,"max_hp_loss":0.0,"gold_gain":0.0,"event_name":"Scrap Ooze","player_choice":"Success","floor":6.0,"gold_loss":0.0,"damage_taken":7.0,"relics_obtained":["Strawberry"]},{"damage_healed":25.0,"max_hp_gain":0.0,"max_hp_loss":0.0,"gold_gain":0.0,"event_name":"The Library","player_choice":"Heal","floor":20.0,"gold_loss":0.0,"damage_taken":0.0},{"damage_healed":0.0,"max_hp_gain":0.0,"max_hp_loss":0.0,"gold_gain":0.0,"event_name":"Cursed Tome","player_choice":"Obtained Book","floor":21.0,"gold_loss":0.0,"damage_taken":16.0},{"damage_healed":0.0,"max_hp_gain":0.0,"max_hp_loss":0.0,"gold_gain":0.0,"event_name":"Upgrade Shrine","player_choice":"Upgraded","floor":28.0,"gold_loss":0.0,"damage_taken":0.0,"cards_upgraded":["Footwork"]},{"damage_healed":0,"gold_gain":0,"player_choice":"Embrace Madness","damage_taken":10,"max_hp_gain":0,"max_hp_loss":0,"event_name":"Winding Halls","floor":38,"gold_loss":0,"cards_obtained":["Madness","Madness"]},{"damage_healed":0,"gold_gain":0,"player_choice":"Relic","damage_taken":0,"max_hp_gain":0,"max_hp_loss":0,"event_name":"Wheel of Change","floor":41,"gold_loss":0},{"damage_healed":0,"gold_gain":0,"player_choice":"Ignored","damage_taken":0,"max_hp_gain":0,"max_hp_loss":0,"event_name":"Mysterious Sphere","floor":45,"gold_loss":0},{"damage_healed":0,"gold_gain":0,"player_choice":"Upgrade","damage_taken":0,"relics_obtained":["Mark of the Bloom"],"max_hp_gain":0,"max_hp_loss":0,"event_name":"MindBloom","floor":47,"gold_loss":0,"cards_upgraded":["Strike_G","Strike_G","Strike_G","Strike_G","Defend_G","Defend_G","Defend_G","Defend_G","Defend_G","Survivor","Heel Hook","Sucker Punch","All Out Attack","Tactician","Deflect","PiercingWail","Bane","Leg Sweep","Dagger Throw","A Thousand Cuts","Madness"]}],"is_beta":false,"boss_relics":[{"not_picked":["Busted Crown","HoveringKite"],"picked":"Runic Pyramid"},{"not_picked":["Snecko Eye","Tiny House"],"picked":"Velvet Choker"}],"items_purged_floors":[],"is_endless":false,"potions_floor_spawned":[2,4,10,18,19,27,30,36,42,48],"killed_by":"Awakened One","ascension_level":0}