{"gold_per_floor":[364,383,383,402,415,415,446,446,494,511,525,700,732,732,732,807,807,827,827,827,839,269,269,286,286,286,286,306,325,345,359,359,432,432,449,449,449,463,463,498,498,527,552,564,588,133,133,153,153,153],"floor_reached":51,"playtime":2425,"items_purged":["Pain","Writhe"],"score":1382,"play_id":"5435c9fc-a853-4f2b-8edf-73b50e3aa075","local_time":"20190112075106","is_ascension_mode":true,"campfire_choices":[{"data":"Loop","floor":6.0,"key":"SMITH"},{"floor":8.0,"key":"REST"},{"data":"Defragment","floor":15.0,"key":"SMITH"},{"floor":23.0,"key":"REST"},{"data":"Amplify","floor":25.0,"key":"SMITH"},{"data":"Doubt","floor":27.0,"key":"PURGE"},{"floor":32.0,"key":"REST"},{"data":"Buffer","floor":41.0,"key":"SMITH"},{"data":"Buffer","floor":44.0,"key":"SMITH"},{"data":"Strike_B","floor":47,"key":"PURGE"},{"floor":49,"key":"REST"}],"neow_cost":"CURSE","seed_source_timestamp":129512457272871,"circlet_count":0,"master_deck":["AscendersBane","Strike_B","Defend_B","Defend_B","Defend_B","Defend_B","Zap","Dualcast","Coolheaded","Ball Lightning","Beam Cell","Loop+1","Cold Snap","Defragment+1","Chill","Buffer+1","Amplify+1","Cold Snap","Leap","Leap","Defragment+1","White Noise","Go for the Eyes+1","Conserve Battery","Buffer+1","Skim","Coolheaded","Conserve Battery+1","Creative AI","Defragment+1"],"special_seed":0,"relics":["Cracked Core","Bottled Tornado","Orichalcum","Pen Nib","Inserter","Enchiridion","WarpedTongs","Anchor","DollysMirror","Peace Pipe","Empty Cage","Incense Burner","Lantern","FossilizedHelix","MawBank","Centennial Puzzle"],"potions_floor_usage":[50,50],"damage_taken":[{"damage":13.0,"enemies":"Small Slimes","floor":1.0,"turns":5.0},{"damage":3.0,"enemies":"Cultist","floor":2.0,"turns":4.0},{"damage":0.0,"enemies":"Jaw Worm","floor":4.0,"turns":3.0},{"damage":24.0,"enemies":"Exordium Thugs","floor":5.0,"turns":4.0},{"damage":21.0,"enemies":"3 Sentries","floor":7.0,"turns":10.0},{"damage":5.0,"enemies":"Red Slaver","floor":10.0,"turns":5.0},{"damage":4.0,"enemies":"Blue Slaver","floor":11.0,"turns":3.0},{"damage":5.0,"enemies":"Gremlin Nob","floor":13.0,"turns":3.0},{"damage":40.0,"enemies":"Hexaghost","floor":16.0,"turns":13.0},{"damage":11.0,"enemies":"Spheric Guardian","floor":18.0,"turns":5.0},{"damage":24.0,"enemies":"2 Thieves","floor":21.0,"turns":4.0},{"damage":0.0,"enemies":"Snecko","floor":24.0,"turns":5.0},{"damage":0.0,"enemies":"Sentry and Sphere","floor":28.0,"turns":3.0},{"damage":5.0,"enemies":"Snake Plant","floor":29.0,"turns":5.0},{"damage":7.0,"enemies":"Snecko","floor":30.0,"turns":7.0},{"damage":12.0,"enemies":"Centurion and Healer","floor":31.0,"turns":3.0},{"damage":3.0,"enemies":"Champ","floor":33.0,"turns":13.0},{"damage":0.0,"enemies":"Orb Walker","floor":35.0,"turns":5.0},{"damage":9.0,"enemies":"3 Darklings","floor":38.0,"turns":4.0},{"damage":0.0,"enemies":"Giant Head","floor":40.0,"turns":17.0},{"damage":0.0,"enemies":"Reptomancer","floor":42.0,"turns":7.0},{"damage":22,"enemies":"Jaw Worm Horde","floor":45,"turns":7},{"damage":0,"enemies":"Maw","floor":48,"turns":6},{"damage":0,"enemies":"Time Eater","floor":50,"turns":9}],"seed_played":"-9001380963598241220","potions_obtained":[{"floor":1.0,"key":"Dexterity Potion"},{"floor":4.0,"key":"GamblersBrew"},{"floor":7.0,"key":"FocusPotion"},{"floor":13.0,"key":"Fire Potion"},{"floor":16.0,"key":"FocusPotion"},{"floor":30.0,"key":"Strength Potion"},{"floor":35.0,"key":"LiquidBronze"},{"floor":38.0,"key":"PowerPotion"},{"floor":42.0,"key":"GamblersBrew"}],"is_trial":false,"path_per_floor":["M","M","?","M","M","R","E","R","T","M","M","?","E","?","R","B",null,"M","?","?","M","$","R","M","R","T","R","M","M","M","M","R","B",null,"M","?","T","M","?","E","R","E","T","R","M","$","R","M","R","B",null],"character_chosen":"DEFECT","items_purchased":["Anchor","Leap","DollysMirror","White Noise","Energy Potion","Creative AI","Centennial Puzzle","FocusPotion"],"campfire_rested":4,"item_purchase_floors":[22,22,22,22,22,46,46,46],"current_hp_per_floor":[51,48,48,48,24,24,3,24,24,19,15,15,10,81,81,41,71,60,44,44,20,20,44,44,44,44,44,44,39,32,20,44,41,71,71,71,71,62,81,81,81,81,81,81,59,59,59,59,81,81],"gold":153,"neow_bonus":"TWO_FIFTY_GOLD","is_prod":false,"is_daily":false,"chose_seed":false,"campfire_upgraded":5,"win_rate":0,"timestamp":1547297466,"path_taken":["M","M","?","M","M","R","E","R","T","M","?","?","E","?","R","BOSS","M","?","?","?","$","R","M","R","T","R","M","M","M","M","R","BOSS","M","?","?","?","?","E","R","E","T","R","M","$","R","M","R","BOSS"],"build_version":"2019-01-10","purchased_purges":2,"victory":true,"max_hp_per_floor":[71,71,71,71,71,71,71,71,71,71,71,71,71,81,81,81,81,81,81,81,81,81,81,81,81,81,81,81,81,81,81,81,81,81,81,81,81,81,81,81,81,81,81,81,81,81,81,81,81,81],"card_choices":[{"not_picked":["Compile Driver","Beam Cell"],"picked":"Coolheaded","floor":1.0},{"not_picked":["Barrage","Steam Power"],"picked":"Ball Lightning","floor":2.0},{"not_picked":["Steam","Cold Snap"],"picked":"Loop","floor":4.0},{"not_picked":["Steam Power","Coolheaded"],"picked":"Cold Snap","floor":5.0},{"not_picked":["Steam","Sunder"],"picked":"Reboot","floor":7.0},{"not_picked":["Blizzard","Lockon"],"picked":"Defragment","floor":10.0},{"not_picked":["Go for the Eyes","Gash"],"picked":"Chill","floor":11.0},{"not_picked":["Reprogram","Hologram"],"picked":"Buffer","floor":13.0},{"not_picked":["Hyperbeam","Machine Learning"],"picked":"Amplify","floor":16.0},{"not_picked":["Steam","Hologram"],"picked":"Cold Snap","floor":18.0},{"not_picked":["Streamline","Gash"],"picked":"Leap","floor":21.0},{"not_picked":["Sweeping Beam","Compile Driver"],"picked":"Go for the Eyes+1","floor":24.0},{"not_picked":["Compile Driver","Rebound"],"picked":"Conserve Battery","floor":28.0},{"not_picked":["BootSequence","Rip and Tear","Aggregate"],"picked":"SKIP","floor":29.0},{"not_picked":["Steam","Hologram","Hyperbeam"],"picked":"SKIP","floor":30.0},{"not_picked":["BootSequence","Gash+1","Turbo"],"picked":"SKIP","floor":31.0},{"not_picked":["Multi-Cast","Thunder Strike"],"picked":"Buffer","floor":33.0},{"not_picked":["Turbo","Ball Lightning"],"picked":"Skim","floor":35.0},{"not_picked":["Gash","Compile Driver"],"picked":"Coolheaded","floor":38.0},{"not_picked":["Compile Driver+1","Multi-Cast","Cold Snap"],"picked":"SKIP","floor":40.0},{"not_picked":["Hyperbeam","Leap","Genetic Algorithm+1"],"picked":"SKIP","floor":42.0},{"not_picked":["Stack","Compile Driver"],"picked":"Conserve Battery+1","floor":45},{"not_picked":["Genetic Algorithm","Tempest"],"picked":"Defragment+1","floor":48}],"player_experience":797245,"relics_obtained":[{"floor":7.0,"key":"Bottled Tornado"},{"floor":9.0,"key":"Orichalcum"},{"floor":13.0,"key":"Pen Nib"},{"floor":19.0,"key":"Enchiridion"},{"floor":26.0,"key":"Peace Pipe"},{"floor":37.0,"key":"Incense Burner"},{"floor":40.0,"key":"Lantern"},{"floor":42.0,"key":"FossilizedHelix"},{"floor":43.0,"key":"MawBank"}],"event_choices":[{"damage_healed":0.0,"max_hp_gain":0.0,"max_hp_loss":0.0,"gold_gain":0.0,"cards_transformed":["Strike_B"],"event_name":"Transmorgrifier","player_choice":"Transformed","floor":3.0,"gold_loss":0.0,"damage_taken":0.0,"cards_obtained":["Beam Cell"]},{"damage_healed":0.0,"max_hp_gain":0.0,"max_hp_loss":0.0,"gold_gain":175.0,"event_name":"Liars Game","player_choice":"AGREE","floor":12.0,"gold_loss":0.0,"damage_taken":0.0,"cards_obtained":["Doubt"]},{"cards_removed":["Reboot"],"damage_healed":61.0,"max_hp_gain":10.0,"max_hp_loss":0.0,"gold_gain":0.0,"event_name":"Bonfire Elementals","player_choice":"Offered Rare","floor":14.0,"gold_loss":0.0,"damage_taken":0.0},{"damage_healed":0.0,"max_hp_gain":0.0,"max_hp_loss":0.0,"gold_gain":0.0,"event_name":"Cursed Tome","player_choice":"Obtained Book","floor":19.0,"gold_loss":0.0,"damage_taken":16.0},{"damage_healed":0.0,"max_hp_gain":0.0,"max_hp_loss":0.0,"gold_gain":0.0,"event_name":"Accursed Blacksmith","player_choice":"Rummage","floor":20.0,"gold_loss":0.0,"damage_taken":0.0,"relics_obtained":["WarpedTongs"],"cards_obtained":["Pain"]},{"damage_healed":0.0,"max_hp_gain":0.0,"max_hp_loss":0.0,"gold_gain":0.0,"event_name":"Tomb of Lord Red Mask","player_choice":"Ignored","floor":36.0,"gold_loss":0.0,"damage_taken":0.0},{"damage_healed":20.0,"max_hp_gain":0.0,"max_hp_loss":0.0,"gold_gain":0.0,"event_name":"Winding Halls","player_choice":"Writhe","floor":39.0,"gold_loss":0.0,"damage_taken":0.0,"cards_obtained":["Writhe"]}],"is_beta":true,"boss_relics":[{"not_picked":["Runic Dome","Coffee Dripper"],"picked":"Inserter"},{"not_picked":["White Beast Statue","FrozenCore"],"picked":"Empty Cage"}],"items_purged_floors":[22,46],"is_endless":false,"potions_floor_spawned":[1,4,7,13,16,24,30,35,38,42,48],"ascension_level":14}