{"path_per_floor":["M","?","M","M","?","R","M","R","T","M","M","R","M","M","R","B",null,"M","?","?","?","?","E","R","M","T"],"character_chosen":"IRONCLAD","items_purchased":[],"gold_per_floor":[111,111,128,144,144,144,164,164,164,174,192,192,203,218,218,322,322,332,332,332,332,332,367,367,381,434],"floor_reached":27,"campfire_rested":1,"playtime":2130,"current_hp_per_floor":[86,86,85,86,91,91,87,87,87,93,93,93,93,93,93,43,93,82,82,82,82,82,8,35,27,27],"items_purged":[],"gold":434,"score":225,"play_id":"958503ab-75f7-4632-b53e-50b6790176a5","is_prod":false,"is_daily":false,"is_ascension_mode":false,"campfire_upgraded":4,"path_taken":["M","?","M","?","?","R","M","R","T","?","M","R","M","M","R","BOSS","M","?","?","?","?","E","R","?","T","M"],"build_version":"2018-02-12-PROD1","purchased_purges":0,"victory":false,"master_deck":["Strike_R","Strike_R","Strike_R","Strike_R","Defend_R","Defend_R","Defend_R","Defend_R","Bash","Shrug It Off+1","Iron Wave+1","Flex","Shrug It Off+1","Body Slam+1","Demon Form+1","Barricade+1","Inflame+1"],"max_hp_per_floor":[88,88,88,88,93,93,93,93,93,93,93,93,93,93,93,93,93,93,93,93,93,93,93,93,93,93],"relics":["Burning Blood","Frozen Egg 2","Runic Cube","Letter Opener","Orichalcum"],"card_choices":[{"not_picked":["Warcry","Evolve"],"picked":"Shrug It Off"},{"not_picked":["Rupture","Infernal Blade"],"picked":"Iron Wave"},{"not_picked":["Headbutt","Clash"],"picked":"Flex"},{"not_picked":["Infernal Blade","Warcry"],"picked":"Shrug It Off"},{"not_picked":["Clothesline","Thunderclap"],"picked":"Body Slam"},{"not_picked":["Immolate","Dark Embrace"],"picked":"Demon Form"}],"player_experience":108036,"potions_floor_usage":[23,23,27,27],"damage_taken":[{"damage":8,"enemies":"2 Louse","floor":1,"turns":2},{"damage":7,"enemies":"Blue Slaver","floor":3,"turns":6},{"damage":5,"enemies":"Jaw Worm","floor":4,"turns":5},{"damage":10,"enemies":"Looter","floor":7,"turns":3},{"damage":0,"enemies":"Exordium Wildlife","floor":10,"turns":4},{"damage":0,"enemies":"Red Slaver","floor":11,"turns":6},{"damage":0,"enemies":"2 Fungi Beasts","floor":13,"turns":4},{"damage":0,"enemies":"Exordium Wildlife","floor":14,"turns":4},{"damage":56,"enemies":"Slime Boss","floor":16,"turns":21},{"damage":17,"enemies":"Shell Parasite","floor":18,"turns":14},{"damage":80,"enemies":"Book of Stabbing","floor":23,"turns":10},{"damage":14,"enemies":"Spheric Guardian","floor":25,"turns":8},{"damage":27,"enemies":"Cultist and Chosen","floor":27,"turns":4}],"event_choices":[{"event_name":"The Lab","player_choice":"Got Potions","floor":2,"damage_taken":0},{"event_name":"Big Fish","player_choice":"Donut","floor":5,"damage_taken":0},{"event_name":"Bonfire Elementals","player_choice":"BASIC","floor":19,"damage_taken":0},{"event_name":"Match and Keep!","player_choice":"1 cards matched","floor":20,"damage_taken":0},{"event_name":"Cursed Tome","player_choice":"Ignored","floor":21,"damage_taken":0},{"event_name":"The Library","player_choice":"Read","floor":22,"damage_taken":0}],"boss_relics":[{"not_picked":["Mark of Pain","Ectoplasm"],"picked":"Runic Cube"}],"potions_floor_spawned":[3,4,10,14,16,25],"seed_played":"-945359927323421070","killed_by":"Cultist and Chosen","ascension_level":0,"is_trial":false}