{"gold_per_floor":[115,265,340,300,314,314,332,332,332,37,55,69,82,110,110,188,188,204,204,75,75,88,88,88,88,88,88,88,103,121,140,140,214,214,224,224,224,41,41,41,56,56,105,105,50,60,60],"floor_reached":47,"playtime":2583,"items_purged":["Doubt","Fusion"],"score":883,"play_id":"777a12f3-850f-4756-942f-49ca0a433a06","local_time":"20190212162913","is_ascension_mode":true,"campfire_choices":[{"data":"Glacier","floor":6.0,"key":"SMITH"},{"data":"Sweeping Beam","floor":8.0,"key":"SMITH"},{"data":"Defragment","floor":15.0,"key":"SMITH"},{"data":"Blizzard","floor":23.0,"key":"SMITH"},{"floor":25.0,"key":"REST"},{"data":"Redo","floor":28.0,"key":"SMITH"},{"data":"Buffer","floor":32.0,"key":"SMITH"},{"data":"Capacitor","floor":40.0,"key":"SMITH"},{"floor":42.0,"key":"REST"}],"neow_cost":"PERCENT_DAMAGE","seed_source_timestamp":1216779876842554,"circlet_count":0,"master_deck":["AscendersBane","Zap","Dualcast","Compile Driver","Glacier+1","Sweeping Beam+1","Defragment+1","Stack","Blizzard+1","Glacier","Core Surge","Machine Learning","Redo+1","Coolheaded","Stack","Hologram+1","Hologram+1","Buffer+1","Amplify","Tempest","Stack","Glacier","Go for the Eyes+1","Streamline+1","Thinking Ahead","Capacitor+1","Reinforced Body","Coolheaded","Glacier"],"special_seed":0,"relics":["Cracked Core","Calipers","Medical Kit","Potion Belt","White Beast Statue","Molten Egg 2","Pandora\u0027s Box","Bronze Scales"],"potions_floor_usage":[46],"damage_taken":[{"damage":3.0,"enemies":"2 Louse","floor":1.0,"turns":3.0},{"damage":7.0,"enemies":"Small Slimes","floor":5.0,"turns":4.0},{"damage":0.0,"enemies":"Cultist","floor":7.0,"turns":5.0},{"damage":0.0,"enemies":"Red Slaver","floor":11.0,"turns":4.0},{"damage":4.0,"enemies":"Lots of Slimes","floor":12.0,"turns":4.0},{"damage":0.0,"enemies":"2 Fungi Beasts","floor":13.0,"turns":2.0},{"damage":6.0,"enemies":"Lagavulin","floor":14.0,"turns":17.0},{"damage":18.0,"enemies":"Slime Boss","floor":16.0,"turns":20.0},{"damage":1.0,"enemies":"Spheric Guardian","floor":18.0,"turns":19.0},{"damage":5.0,"enemies":"Chosen","floor":22.0,"turns":7.0},{"damage":14.0,"enemies":"3 Cultists","floor":29.0,"turns":5.0},{"damage":4.0,"enemies":"Snecko","floor":30.0,"turns":10.0},{"damage":0.0,"enemies":"Centurion and Healer","floor":31.0,"turns":8.0},{"damage":3.0,"enemies":"Collector","floor":33.0,"turns":16.0},{"damage":14.0,"enemies":"3 Darklings","floor":35.0,"turns":10.0},{"damage":27.0,"enemies":"3 Shapes","floor":41.0,"turns":9.0},{"damage":0.0,"enemies":"3 Darklings","floor":44.0,"turns":1.0},{"damage":61,"enemies":"4 Shapes","floor":46,"turns":9},{"damage":7,"enemies":"Sphere and 2 Shapes","floor":47,"turns":2}],"seed_played":"-7768993455396686592","potions_obtained":[{"floor":4.0,"key":"SpeedPotion"},{"floor":4.0,"key":"Strength Potion"},{"floor":7.0,"key":"EssenceOfSteel"},{"floor":11.0,"key":"SneckoOil"},{"floor":18.0,"key":"LiquidBronze"},{"floor":22.0,"key":"Energy Potion"},{"floor":27.0,"key":"Ancient Potion"},{"floor":27.0,"key":"Explosive Potion"},{"floor":29.0,"key":"Explosive Potion"},{"floor":30.0,"key":"SpeedPotion"},{"floor":33.0,"key":"Dexterity Potion"},{"floor":35.0,"key":"FearPotion"},{"floor":41.0,"key":"SmokeBomb"},{"floor":46,"key":"Poison Potion"}],"is_trial":false,"path_per_floor":["M","?","?","?","M","R","M","R","T","$","M","M","M","E","R","B",null,"M","?","$","?","M","R","?","R","T","?","R","M","M","M","R","B",null,"M","?","?","$","?","R","M","R","T","M","$","M","M"],"character_chosen":"DEFECT","items_purchased":["Defragment","Medical Kit","Stack","Capacitor","Coolheaded"],"campfire_rested":2,"item_purchase_floors":[10,10,20,38,45],"current_hp_per_floor":[57,57,46,46,39,39,39,39,39,39,39,35,35,29,29,11,67,66,66,66,66,61,61,36,63,63,63,63,49,45,45,45,42,78,64,64,64,64,64,64,37,64,64,64,64,3,0],"gold":60,"neow_bonus":"TWENTY_PERCENT_HP_BONUS","is_prod":false,"is_daily":false,"chose_seed":false,"campfire_upgraded":7,"win_rate":0,"timestamp":1550006953,"path_taken":["M","?","?","?","?","R","M","R","T","?","M","M","?","E","R","BOSS","M","?","$","?","?","R","?","R","T","?","R","M","M","?","R","BOSS","M","?","?","$","?","R","M","R","T","M","?","?","M"],"build_version":"2019-02-06","purchased_purges":2,"victory":false,"max_hp_per_floor":[85,85,85,85,85,85,85,85,85,85,85,85,85,85,85,85,85,85,85,85,85,85,85,90,90,90,90,90,90,90,90,90,90,90,90,90,90,90,90,90,90,90,90,90,90,90,90],"card_choices":[{"not_picked":["Force Field","Gash"],"picked":"Compile Driver","floor":1.0},{"not_picked":["Barrage","White Noise"],"picked":"Glacier","floor":5.0},{"not_picked":["Streamline","Beam Cell"],"picked":"Sweeping Beam","floor":7.0},{"not_picked":["Redo","Rebound"],"picked":"Stack","floor":11.0},{"not_picked":["Ball Lightning","Chill"],"picked":"Blizzard","floor":12.0},{"not_picked":["Hologram","Stack"],"picked":"Glacier","floor":13.0},{"not_picked":["Gash","Redo"],"picked":"Core Surge","floor":14.0},{"not_picked":["Multi-Cast","Thunder Strike"],"picked":"Machine Learning","floor":16.0},{"not_picked":["Steam","Streamline"],"picked":"Redo","floor":18.0},{"not_picked":["Streamline","Redo","Ball Lightning"],"picked":"SKIP","floor":22.0},{"not_picked":["Leap","Ball Lightning+1"],"picked":"Hologram+1","floor":29.0},{"not_picked":["Chaos","Redo"],"picked":"Hologram+1","floor":30.0},{"not_picked":["Beam Cell+1","Compile Driver+1"],"picked":"Buffer","floor":31.0},{"not_picked":["Multi-Cast","Hyperbeam+1"],"picked":"Machine Learning","floor":33.0},{"not_picked":["Force Field","Barrage+1","Redo"],"picked":"SKIP","floor":35.0},{"not_picked":["Discovery","Chrysalis"],"picked":"Thinking Ahead","floor":37.0},{"not_picked":["Steam","Sunder+1"],"picked":"Reinforced Body","floor":41.0},{"not_picked":["Turbo","Compile Driver+1"],"picked":"Glacier","floor":46}],"player_experience":935427,"relics_obtained":[{"floor":9.0,"key":"Calipers"},{"floor":14.0,"key":"Potion Belt"},{"floor":26.0,"key":"Molten Egg 2"},{"floor":43.0,"key":"Bronze Scales"}],"event_choices":[{"damage_healed":0.0,"max_hp_gain":0.0,"max_hp_loss":0.0,"gold_gain":150.0,"event_name":"Liars Game","player_choice":"AGREE","floor":2.0,"gold_loss":0.0,"damage_taken":0.0,"cards_obtained":["Doubt"]},{"damage_healed":0.0,"max_hp_gain":0.0,"max_hp_loss":0.0,"gold_gain":75.0,"event_name":"World of Goop","player_choice":"Gather Gold","floor":3.0,"gold_loss":0.0,"damage_taken":11.0},{"damage_healed":0.0,"max_hp_gain":0.0,"max_hp_loss":0.0,"gold_gain":0.0,"event_name":"The Woman in Blue","player_choice":"Bought 3 Potions","floor":4.0,"gold_loss":0.0,"damage_taken":0.0},{"damage_healed":0.0,"max_hp_gain":0.0,"max_hp_loss":0.0,"gold_gain":0.0,"event_name":"The Library","player_choice":"Read","floor":19.0,"gold_loss":0.0,"damage_taken":0.0,"cards_obtained":["Coolheaded"]},{"cards_removed":["Strike_B"],"damage_healed":0.0,"max_hp_gain":0.0,"max_hp_loss":0.0,"gold_gain":0.0,"event_name":"Purifier","player_choice":"Purged","floor":21.0,"gold_loss":0.0,"damage_taken":0.0},{"damage_healed":0.0,"max_hp_gain":5.0,"max_hp_loss":0.0,"gold_gain":0.0,"event_name":"Forgotten Altar","player_choice":"Shed Blood","floor":24.0,"gold_loss":0.0,"damage_taken":30.0},{"damage_healed":0.0,"max_hp_gain":0.0,"max_hp_loss":0.0,"gold_gain":0.0,"event_name":"Lab","player_choice":"Got Potions","floor":27.0,"gold_loss":0.0,"damage_taken":0.0},{"damage_healed":0.0,"max_hp_gain":0.0,"max_hp_loss":0.0,"gold_gain":0.0,"event_name":"Mysterious Sphere","player_choice":"Ignored","floor":36.0,"gold_loss":0.0,"damage_taken":0.0},{"damage_healed":0.0,"max_hp_gain":0.0,"max_hp_loss":0.0,"gold_gain":0.0,"event_name":"SensoryStone","player_choice":"Memory 1","floor":37.0,"gold_loss":0.0,"damage_taken":0.0},{"cards_removed":["Machine Learning"],"damage_healed":0.0,"max_hp_gain":0.0,"max_hp_loss":0.0,"gold_gain":0.0,"event_name":"Falling","player_choice":"Removed Power","floor":39.0,"gold_loss":0.0,"damage_taken":0.0}],"is_beta":true,"boss_relics":[{"not_picked":["Busted Crown","Cursed Key"],"picked":"White Beast Statue"},{"not_picked":["Empty Cage","Runic Dome"],"picked":"Pandora\u0027s Box"}],"items_purged_floors":[20,38],"is_endless":false,"potions_floor_spawned":[7,11,18,22,29,30,31,33,35,41,44,46],"killed_by":"Sphere and 2 Shapes","ascension_level":18}