{"gold_per_floor":[17,17,17,117,141,141,156,156,156,171,205,380,398,423,423,519,519,512,528,528,543,156,156,156,156,234,252,252,351,451,471,471,471],"floor_reached":33,"playtime":2093,"items_purged":[],"score":445,"play_id":"1483d261-59cf-4909-8081-548c8d78bdd9","local_time":"20190115024842","is_ascension_mode":true,"campfire_choices":[{"data":"Neutralize","floor":6.0,"key":"SMITH"},{"data":"Well Laid Plans","floor":8.0,"key":"SMITH"},{"data":"Noxious Fumes","floor":15.0,"key":"SMITH"},{"data":"Caltrops","floor":23,"key":"SMITH"},{"data":"Prepared","floor":25,"key":"SMITH"},{"data":"Dash","floor":28,"key":"SMITH"},{"data":"Storm of Steel","floor":32,"key":"SMITH"}],"neow_cost":"NO_GOLD","seed_source_timestamp":371009192299605,"circlet_count":0,"master_deck":["AscendersBane","Defend_G","Defend_G","Defend_G","Defend_G","Defend_G","Survivor","Neutralize+1","Underhanded Strike","Well Laid Plans+1","Storm of Steel+1","Bouncing Flask","PiercingWail","Noxious Fumes+1","PiercingWail","Die Die Die","Prepared+1","Bite","Bite","Bite","Bite","Bite","Backflip+1","Caltrops+1","Dash+1","Terror+1"],"special_seed":0,"relics":["Ring of the Serpent","Tough Bandages","Golden Idol","Centennial Puzzle","Omamori","StoneCalendar","Singing Bowl","Bottled Lightning"],"potions_floor_usage":[33],"damage_taken":[{"damage":0.0,"enemies":"Cultist","floor":1.0,"turns":5.0},{"damage":0.0,"enemies":"2 Louse","floor":5.0,"turns":4.0},{"damage":0.0,"enemies":"Small Slimes","floor":7.0,"turns":4.0},{"damage":5.0,"enemies":"2 Fungi Beasts","floor":10.0,"turns":4.0},{"damage":37.0,"enemies":"3 Sentries","floor":11.0,"turns":13.0},{"damage":0.0,"enemies":"3 Louse","floor":13.0,"turns":3.0},{"damage":1.0,"enemies":"Lots of Slimes","floor":14.0,"turns":5.0},{"damage":3.0,"enemies":"Hexaghost","floor":16.0,"turns":8.0},{"damage":13.0,"enemies":"2 Thieves","floor":18.0,"turns":4.0},{"damage":0,"enemies":"Chosen","floor":19,"turns":5},{"damage":0,"enemies":"Snake Plant","floor":21,"turns":5},{"damage":5,"enemies":"Cultist and Chosen","floor":27,"turns":6},{"damage":6,"enemies":"Snecko","floor":31,"turns":4},{"damage":53,"enemies":"Collector","floor":33,"turns":6}],"seed_played":"-960125361152687848","potions_obtained":[{"floor":10.0,"key":"PowerPotion"},{"floor":11.0,"key":"SpeedPotion"},{"floor":14.0,"key":"LiquidBronze"},{"floor":19,"key":"Explosive Potion"},{"floor":31,"key":"FearPotion"}],"is_trial":false,"path_per_floor":["M","?","?","?","M","R","M","R","T","M","E","?","M","M","R","B",null,"M","M","?","M","$","R","?","R","T","M","R","?","?","M","R","B"],"character_chosen":"THE_SILENT","items_purchased":["StoneCalendar","Caltrops"],"campfire_rested":0,"item_purchase_floors":[22,22],"current_hp_per_floor":[59,64,64,64,64,64,64,64,64,59,22,22,22,21,21,18,54,41,41,41,46,46,46,46,46,46,46,46,46,46,46,46,0],"gold":471,"neow_bonus":"ONE_RARE_RELIC","is_prod":false,"is_daily":false,"chose_seed":false,"campfire_upgraded":7,"win_rate":0,"timestamp":1547538522,"path_taken":["M","?","?","?","?","R","M","R","T","M","E","?","M","M","R","BOSS","M","M","?","M","$","R","?","R","T","M","R","?","?","M","R","BOSS"],"build_version":"2019-01-14","purchased_purges":0,"victory":false,"max_hp_per_floor":[66,71,66,66,66,66,66,66,66,66,66,66,66,66,66,66,66,66,66,46,46,46,46,46,46,46,46,46,46,46,46,46,46],"card_choices":[{"not_picked":["Underhanded Strike","Deflect"],"picked":"Underhanded Strike","floor":1.0},{"not_picked":["Cloak And Dagger","Accuracy"],"picked":"Well Laid Plans","floor":5.0},{"not_picked":["Flying Knee","Blade Dance"],"picked":"Storm of Steel","floor":7.0},{"not_picked":["Eviscerate","Underhanded Strike"],"picked":"Bouncing Flask","floor":10.0},{"not_picked":["Dagger Spray","Flechettes"],"picked":"PiercingWail","floor":11.0},{"not_picked":["Skewer","Flying Knee"],"picked":"Noxious Fumes","floor":13.0},{"not_picked":["Outmaneuver","Eviscerate"],"picked":"PiercingWail","floor":14.0},{"not_picked":["Phantasmal Killer","Wraith Form v2"],"picked":"Die Die Die","floor":16.0},{"not_picked":["Flying Knee","Deadly Poison"],"picked":"Prepared","floor":18.0},{"not_picked":["Masterful Stab","Underhanded Strike","Blade Dance"],"picked":"SKIP","floor":19},{"not_picked":["Dagger Spray","Concentrate"],"picked":"Backflip+1","floor":21},{"not_picked":["Masterful Stab","Flying Knee"],"picked":"Dash","floor":27},{"not_picked":["Underhanded Strike","Flying Knee"],"picked":"Terror+1","floor":31}],"player_experience":814154,"relics_obtained":[{"floor":9.0,"key":"Centennial Puzzle"},{"floor":11.0,"key":"Omamori"},{"floor":26,"key":"Bottled Lightning"}],"event_choices":[{"damage_healed":0.0,"max_hp_gain":5.0,"max_hp_loss":0.0,"gold_gain":0.0,"event_name":"Big Fish","player_choice":"Donut","floor":2.0,"gold_loss":0.0,"damage_taken":0.0},{"damage_healed":0.0,"max_hp_gain":0.0,"max_hp_loss":5.0,"gold_gain":0.0,"event_name":"Golden Idol","player_choice":"Lose Max HP","floor":3.0,"gold_loss":0.0,"damage_taken":0.0,"relics_obtained":["Golden Idol"]},{"damage_healed":0.0,"max_hp_gain":0.0,"max_hp_loss":0.0,"gold_gain":100.0,"event_name":"Wheel of Change","player_choice":"Gold","floor":4.0,"gold_loss":0.0,"damage_taken":0.0},{"damage_healed":0.0,"max_hp_gain":0.0,"max_hp_loss":0.0,"gold_gain":175.0,"event_name":"Liars Game","player_choice":"AGREE","floor":12.0,"gold_loss":0.0,"damage_taken":0.0,"cards_obtained":["Doubt"]},{"damage_healed":0,"gold_gain":0,"player_choice":"Became a vampire","damage_taken":0,"max_hp_gain":0,"max_hp_loss":20,"event_name":"Vampires","floor":20,"gold_loss":0,"cards_obtained":["Bite","Bite","Bite","Bite","Bite"]},{"damage_healed":0,"gold_gain":0,"player_choice":"Stole Relic","damage_taken":0,"relics_obtained":["Singing Bowl"],"max_hp_gain":0,"max_hp_loss":0,"event_name":"Addict","floor":24,"gold_loss":0,"cards_obtained":["Shame"]},{"damage_healed":0,"gold_gain":99,"player_choice":"Stole From Cult","damage_taken":0,"max_hp_gain":0,"max_hp_loss":0,"event_name":"Nest","floor":29,"gold_loss":0},{"damage_healed":0,"gold_gain":100,"player_choice":"Pray","damage_taken":0,"max_hp_gain":0,"max_hp_loss":0,"event_name":"Golden Shrine","floor":30,"gold_loss":0}],"is_beta":true,"boss_relics":[{"not_picked":["Runic Dome","Philosopher\u0027s Stone"],"picked":"Ring of the Serpent"}],"items_purged_floors":[],"is_endless":false,"potions_floor_spawned":[10,11,14,19,31],"killed_by":"Collector","ascension_level":14}