{"gold_per_floor":[361,374,74,85,97,131,131,148,194,194,207,242,255,270,270,270],"floor_reached":16,"playtime":785,"items_purged":[],"score":186,"play_id":"f4d3e504-5f06-4fa7-b589-33667a384bcd","local_time":"20190707224206","is_ascension_mode":true,"campfire_choices":[{"data":"Dropkick","floor":7,"key":"SMITH"},{"data":"Armaments","floor":15,"key":"SMITH"}],"neow_cost":"PERCENT_DAMAGE","seed_source_timestamp":1041724902283900,"circlet_count":0,"master_deck":["AscendersBane","Strike_R","Strike_R","Strike_R","Strike_R","Strike_R","Defend_R","Defend_R","Defend_R","Defend_R","Bash","Twin Strike","Twin Strike","Feel No Pain","Uppercut","Clothesline","Dropkick+1","Twin Strike","Inflame","Anger","Impervious","Anger","Armaments+1"],"relics":["Burning Blood","Bag of Preparation","Meat on the Bone","Potion Belt","Singing Bowl","Ancient Tea Set"],"potions_floor_usage":[6,8,13,14],"damage_taken":[{"damage":6,"enemies":"Cultist","floor":1,"turns":4},{"damage":14,"enemies":"Jaw Worm","floor":2,"turns":3},{"damage":8,"enemies":"2 Louse","floor":4,"turns":2},{"damage":10,"enemies":"Exordium Thugs","floor":5,"turns":5},{"damage":13,"enemies":"Gremlin Nob","floor":6,"turns":4},{"damage":12,"enemies":"Blue Slaver","floor":8,"turns":3},{"damage":6,"enemies":"Looter","floor":11,"turns":2},{"damage":30,"enemies":"Lagavulin","floor":12,"turns":5},{"damage":15,"enemies":"Gremlin Gang","floor":13,"turns":5},{"damage":4,"enemies":"Red Slaver","floor":14,"turns":3},{"damage":45,"enemies":"Slime Boss","floor":16,"turns":8}],"seed_played":"8493712942536464023","potions_obtained":[{"floor":1,"key":"SkillPotion"},{"floor":5,"key":"BloodPotion"},{"floor":8,"key":"Swift Potion"},{"floor":12,"key":"GamblersBrew"}],"is_trial":false,"path_per_floor":["M","M","$","M","M","E","R","M","T","?","M","E","M","M","R","B"],"character_chosen":"IRONCLAD","items_purchased":["Feel No Pain","Bag of Preparation","Uppercut","Clothesline"],"campfire_rested":0,"item_purchase_floors":[3,3,3,3],"current_hp_per_floor":[51,43,43,41,37,30,30,56,56,23,35,23,26,42,42,0],"gold":270,"neow_bonus":"TWO_FIFTY_GOLD","is_prod":false,"is_daily":false,"chose_seed":false,"campfire_upgraded":2,"win_rate":0,"timestamp":1562553726,"path_taken":["M","?","$","?","M","E","R","M","T","?","M","E","M","M","R","BOSS"],"build_version":"2019-07-05","purchased_purges":0,"victory":false,"max_hp_per_floor":[80,80,80,80,80,80,80,80,80,80,80,80,80,82,82,82],"card_choices":[{"not_picked":["Headbutt","Sever Soul"],"picked":"Twin Strike","floor":1},{"not_picked":["True Grit","Iron Wave"],"picked":"Twin Strike","floor":2},{"not_picked":["Cleave","Heavy Blade"],"picked":"Dropkick","floor":4},{"not_picked":["Flex","Body Slam"],"picked":"Twin Strike","floor":5},{"not_picked":["Perfected Strike","Rupture"],"picked":"Inflame","floor":6},{"not_picked":["Warcry","Seeing Red"],"picked":"Anger","floor":8},{"not_picked":["Heavy Blade","True Grit"],"picked":"Impervious","floor":11},{"not_picked":["Second Wind","Feel No Pain"],"picked":"Anger","floor":12},{"not_picked":["Warcry","Body Slam"],"picked":"Armaments","floor":13},{"not_picked":["Intimidate","Rampage","Rupture"],"picked":"Singing Bowl","floor":14}],"player_experience":588995,"relics_obtained":[{"floor":6,"key":"Meat on the Bone"},{"floor":9,"key":"Potion Belt"},{"floor":12,"key":"Ancient Tea Set"}],"event_choices":[{"damage_healed":0,"gold_gain":0,"player_choice":"Success","damage_taken":33,"relics_obtained":["Singing Bowl"],"max_hp_gain":0,"max_hp_loss":0,"event_name":"Scrap Ooze","floor":10,"gold_loss":0}],"is_beta":false,"boss_relics":[],"items_purged_floors":[],"is_endless":false,"potions_floor_spawned":[1,5,8,12],"killed_by":"Slime Boss","ascension_level":12}