{"path_per_floor":["M","M","M","?","M","R","?","?","T","$","M","M","?","M","R","B",null,"M","M","?","T","M","R","?","R","T","$","R","?","M","$","R","B",null,"M","?","T","?","T","E","?","M","T","M","?","?","$","M","R","B"],"character_chosen":"THE_SILENT","items_purchased":["Bag of Preparation","Catalyst","Bronze Scales","Ornamental Fan"],"gold_per_floor":[114,125,136,136,150,150,150,150,174,99,109,129,129,143,143,262,262,281,306,306,306,325,325,325,325,325,81,81,81,101,101,101,197,197,214,214,214,314,359,393,441,459,459,472,472,472,48,63,63,63],"floor_reached":51,"campfire_rested":3,"playtime":4099,"current_hp_per_floor":[63,63,61,61,58,58,58,58,58,58,55,49,49,49,70,58,70,61,48,48,48,53,53,53,53,53,53,53,53,56,56,70,31,70,70,61,75,80,84,53,42,45,45,27,27,27,27,27,60,10],"items_purged":["Normality","Injury"],"gold":63,"score":515,"play_id":"c70a9425-fb3b-41cf-8e66-0b36841ee92d","is_prod":false,"is_daily":false,"is_ascension_mode":false,"campfire_upgraded":4,"path_taken":["M","?","M","?","M","R","?","?","T","?","M","?","?","?","R","BOSS","M","M","?","?","M","R","?","R","T","$","R","?","M","$","R","BOSS","M","?","?","?","?","E","?","M","T","M","?","?","$","M","R","BOSS"],"build_version":"2018-02-08-PROD1","purchased_purges":3,"victory":true,"master_deck":["Defend_G","Defend_G","Defend_G","Defend_G","Defend_G","Survivor+1","Neutralize+1","Adrenaline+1","Outmaneuver","Noxious Fumes+1","Dramatic Entrance","Bouncing Flask+1","Venomology+1","Burst+1","A Thousand Cuts+1","Deflect+1","Calculated Gamble+1","Glass Knife","Doppelganger+1","Madness+1","Madness+1","Backflip+1","Bouncing Flask+1","Catalyst+1"],"max_hp_per_floor":[70,70,70,70,70,70,70,70,70,70,70,70,70,70,70,70,70,70,70,70,70,70,70,70,70,70,70,70,70,70,70,70,70,70,70,70,84,84,84,84,84,84,84,84,84,84,84,84,84,84],"relics":["Ring of the Snake","Toxic Egg 2","Ancient Tea Set","Bloody Idol","Astrolabe","Ice Cream","Juzu Bracelet","Bag of Preparation","Eternal Feather","Mango","Prayer Wheel","Pen Nib","Gambling Chip","Tingsha","Bronze Scales","Ornamental Fan"],"card_choices":[{"not_picked":["Crippling Poison","Prepared"],"picked":"Adrenaline"},{"not_picked":["Quick Slash","Bane"],"picked":"Outmaneuver"},{"not_picked":["Deadly Poison","Phantasmal Killer"],"picked":"Noxious Fumes"},{"not_picked":["PiercingWail","Choke"],"picked":"Bouncing Flask"},{"not_picked":["Bullet Time","Wraith Form"],"picked":"Venomology"},{"not_picked":["Flying Knee","Dagger Throw"],"picked":"Calculated Gamble"},{"not_picked":["Adrenaline","Unload"],"picked":"Doppelganger"},{"not_picked":["Infinite Blades","Well Laid Plans"],"picked":"Backflip"},{"not_picked":["Slice","Poisoned Stab"],"picked":"Bouncing Flask"}],"player_experience":68416,"potions_floor_usage":[16,16,18,22,22,22,33,33,33,33,35,40,41,41,42,44,44,44,48,50],"damage_taken":[{"damage":7,"enemies":"Blue Slaver","floor":1,"turns":6},{"damage":0,"enemies":"Jaw Worm","floor":2,"turns":5},{"damage":2,"enemies":"Small Slimes","floor":3,"turns":6},{"damage":3,"enemies":"3 Louse","floor":5,"turns":3},{"damage":3,"enemies":"Exordium Thugs","floor":11,"turns":5},{"damage":6,"enemies":"Exordium Wildlife","floor":12,"turns":4},{"damage":0,"enemies":"Large Slime","floor":14,"turns":6},{"damage":27,"enemies":"Hexaghost","floor":16,"turns":9},{"damage":9,"enemies":"3 Byrds","floor":18,"turns":4},{"damage":13,"enemies":"Chosen","floor":19,"turns":4},{"damage":0,"enemies":"Sentry and Sphere","floor":22,"turns":3},{"damage":2,"enemies":"Centurion and Healer","floor":30,"turns":3},{"damage":44,"enemies":"Champ","floor":33,"turns":10},{"damage":4,"enemies":"Orb Walker","floor":35,"turns":4},{"damage":36,"enemies":"Giant Head","floor":40,"turns":8},{"damage":16,"enemies":"Mysterious Sphere","floor":41,"turns":4},{"damage":17,"enemies":"3 Darklings","floor":42,"turns":5},{"damage":23,"enemies":"4 Shapes","floor":44,"turns":4},{"damage":5,"enemies":"Sphere and 2 Shapes","floor":48,"turns":4},{"damage":50,"enemies":"Time Eater","floor":50,"turns":4}],"event_choices":[{"event_name":"Purifier","player_choice":"One Purge","floor":4,"damage_taken":0},{"event_name":"Match and Keep!","player_choice":"1 cards matched","floor":7,"damage_taken":0},{"event_name":"Accursed Blacksmith","player_choice":"Rummage","floor":8,"damage_taken":0},{"event_name":"Golden Idol","player_choice":"Take Wound","floor":13,"damage_taken":0},{"event_name":"Forgotten Altar","player_choice":"Gave Idol","floor":20,"damage_taken":0},{"event_name":"Transmorgrifier","player_choice":"Transform","floor":24,"damage_taken":0},{"event_name":"Addict","player_choice":"Ignored","floor":29,"damage_taken":0},{"event_name":"Winding Halls","player_choice":"Embrace Madness","floor":36,"damage_taken":0},{"event_name":"Golden Shrine","player_choice":"Pray","floor":38,"damage_taken":0},{"event_name":"Mysterious Sphere","player_choice":"Fight","floor":41,"damage_taken":0},{"event_name":"The Moai Head","player_choice":"Ignored","floor":45,"damage_taken":0},{"event_name":"Tomb of Lord Red Mask","player_choice":"Ignored","floor":46,"damage_taken":0}],"boss_relics":[{"not_picked":["White Beast Statue","Orrery"],"picked":"Astrolabe"},{"not_picked":["Runic Dome","Sozu"],"picked":"Eternal Feather"}],"potions_floor_spawned":[1,5,11,19,30,40],"seed_played":"-9116683800886152081","ascension_level":0,"is_trial":false}