{"gold_per_floor":[363,363,25,25,40,40,68,68,68,17,17,44,44,79,79,181,181,200,115,131,131,131],"floor_reached":22,"playtime":1770,"items_purged":[],"score":207,"play_id":"e61412b6-fda7-4791-840f-2d40f179dafd","local_time":"20190725102055","is_ascension_mode":true,"campfire_choices":[{"floor":6,"key":"REST"},{"floor":11,"key":"REST"},{"floor":13,"key":"REST"},{"floor":15,"key":"REST"}],"neow_cost":"TEN_PERCENT_HP_LOSS","seed_source_timestamp":342369609753740,"circlet_count":0,"master_deck":["Strike_G","Strike_G","Strike_G","Strike_G","Defend_G+1","Defend_G","Defend_G","Defend_G+1","Defend_G+1","Survivor","Neutralize","Dagger Throw","Well Laid Plans","Skewer","Noxious Fumes","Caltrops","Adrenaline","Burst","PiercingWail+1","Dagger Spray","Acrobatics","Backstab","Decay"],"relics":["Ring of the Snake","Potion Belt","Pen Nib","Juzu Bracelet","Boot","Odd Mushroom","Bronze Scales","Orrery","War Paint"],"potions_floor_usage":[7,12,14,14,16,22],"damage_taken":[{"damage":12,"enemies":"Jaw Worm","floor":1,"turns":8},{"damage":0,"enemies":"2 Louse","floor":5,"turns":2},{"damage":21,"enemies":"3 Sentries","floor":7,"turns":9},{"damage":7,"enemies":"The Mushroom Lair","floor":12,"turns":5},{"damage":24,"enemies":"Gremlin Nob","floor":14,"turns":4},{"damage":29,"enemies":"The Guardian","floor":16,"turns":11},{"damage":37,"enemies":"Spheric Guardian","floor":18,"turns":6},{"damage":17,"enemies":"2 Thieves","floor":20,"turns":4},{"damage":10,"enemies":"Snake Plant","floor":22,"turns":3}],"seed_played":"-4319993624772357886","potions_obtained":[{"floor":5,"key":"Swift Potion"},{"floor":7,"key":"Strength Potion"},{"floor":20,"key":"Swift Potion"}],"is_trial":false,"path_per_floor":["M","?","$","?","M","R","E","?","T","$","R","?","R","E","R","B",null,"M","?","M","?","M"],"character_chosen":"THE_SILENT","items_purchased":["Well Laid Plans","Potion Belt","FearPotion","AttackPotion","SteroidPotion","Block Potion"],"campfire_rested":4,"item_purchase_floors":[3,3,3,3,3,10],"current_hp_per_floor":[51,38,38,38,38,56,35,35,35,35,53,46,63,39,57,28,63,26,26,9,9,0],"gold":131,"neow_bonus":"TWO_FIFTY_GOLD","is_prod":false,"is_daily":false,"chose_seed":false,"campfire_upgraded":0,"win_rate":0,"timestamp":1564068055,"path_taken":["M","?","$","?","M","R","E","?","T","?","R","?","R","E","R","BOSS","M","?","M","?","M"],"build_version":"2019-07-17","purchased_purges":0,"victory":false,"max_hp_per_floor":[63,63,63,63,63,63,63,63,63,63,63,63,63,63,63,63,63,63,63,63,63,63],"card_choices":[{"not_picked":["Deadly Poison","Blade Dance"],"picked":"Dagger Throw","floor":1},{"not_picked":["Terror","Cloak And Dagger","Blade Dance"],"picked":"SKIP","floor":5},{"not_picked":["Blade Dance","Setup"],"picked":"Skewer","floor":7},{"not_picked":["Terror","Dagger Throw"],"picked":"Noxious Fumes","floor":12},{"not_picked":["Deflect","Night Terror"],"picked":"Caltrops","floor":14},{"not_picked":["After Image","Night Terror"],"picked":"Adrenaline","floor":16},{"not_picked":["Poisoned Stab","Cloak And Dagger"],"picked":"Burst","floor":17},{"not_picked":["Dodge and Roll","Blade Dance"],"picked":"PiercingWail","floor":17},{"not_picked":["PiercingWail","Cloak And Dagger"],"picked":"Dagger Spray","floor":17},{"not_picked":["Blade Dance","Flying Knee"],"picked":"Acrobatics","floor":17},{"not_picked":["Cloak And Dagger","Well Laid Plans"],"picked":"Backstab","floor":17},{"not_picked":["Caltrops","Blade Dance","Sucker Punch"],"picked":"SKIP","floor":18},{"not_picked":["Flying Knee","Cloak And Dagger","Noxious Fumes"],"picked":"SKIP","floor":20}],"player_experience":242962,"relics_obtained":[{"floor":7,"key":"Juzu Bracelet"},{"floor":9,"key":"Boot"},{"floor":12,"key":"Odd Mushroom"},{"floor":14,"key":"Bronze Scales"}],"event_choices":[{"damage_healed":0,"gold_gain":0,"player_choice":"Entered Light","damage_taken":13,"max_hp_gain":0,"max_hp_loss":0,"event_name":"Shining Light","floor":2,"gold_loss":0,"cards_upgraded":["Defend_G","Defend_G"]},{"damage_healed":0,"gold_gain":0,"player_choice":"Gave Potion","damage_taken":0,"relics_obtained":["Pen Nib"],"max_hp_gain":0,"max_hp_loss":0,"event_name":"WeMeetAgain","floor":4,"gold_loss":0},{"cards_removed":["Strike_G"],"damage_healed":0,"gold_gain":0,"player_choice":"Purged","damage_taken":0,"max_hp_gain":0,"max_hp_loss":0,"event_name":"Purifier","floor":8,"gold_loss":0},{"damage_healed":0,"gold_gain":0,"player_choice":"Fought Mushrooms","damage_taken":0,"max_hp_gain":0,"max_hp_loss":0,"event_name":"Mushrooms","floor":12,"gold_loss":0},{"damage_healed":0,"gold_gain":0,"player_choice":"Obtained Relic","damage_taken":0,"relics_obtained":["War Paint"],"max_hp_gain":0,"max_hp_loss":0,"event_name":"Addict","floor":19,"gold_loss":85},{"damage_healed":0,"gold_gain":0,"player_choice":"Smashed Altar","damage_taken":0,"max_hp_gain":0,"max_hp_loss":0,"event_name":"Forgotten Altar","floor":21,"gold_loss":0,"cards_obtained":["Decay"]}],"is_beta":false,"boss_relics":[{"not_picked":["Fusion Hammer","HoveringKite"],"picked":"Orrery"}],"items_purged_floors":[],"is_endless":false,"potions_floor_spawned":[5,7,20],"killed_by":"Snake Plant","ascension_level":2}