{"gold_per_floor":[119,138,138,313,333,283,283,298,376,387,398,398,416,416,416,515,515,534,551,632,632,649,649,701,119,190,190,207,220,220,233,233,233],"floor_reached":33,"playtime":2559,"items_purged":["Strike_R"],"score":241,"play_id":"96fb27f0-bb30-4331-98c2-e2327ebc048d","local_time":"20181106042551","is_ascension_mode":false,"campfire_choices":[{"data":"Iron Wave","floor":7,"key":"SMITH"},{"floor":12,"key":"REST"},{"data":"Shockwave","floor":15,"key":"SMITH"},{"floor":23,"key":"REST"},{"floor":27,"key":"REST"},{"data":"Feel No Pain","floor":30,"key":"SMITH"},{"data":"Body Slam","floor":32,"key":"SMITH"}],"neow_cost":"NONE","seed_source_timestamp":1177881646362,"circlet_count":0,"master_deck":["Strike_R","Strike_R","Strike_R","Defend_R","Defend_R","Defend_R","Defend_R","Bash","Iron Wave+1","Disarm","Seeing Red","Iron Wave","Feel No Pain+1","Shockwave+1","Power Through","Body Slam+1","Reaper","True Grit+1","Armaments+1","Shrug It Off"],"relics":["Burning Blood","Dream Catcher","Darkstone Periapt","Runic Dome","Bottled Tornado","Bronze Scales","ClockworkSouvenir","WingedGreaves","Self Forming Clay"],"potions_floor_usage":[11,18,33,33],"damage_taken":[{"damage":0,"enemies":"Small Slimes","floor":1,"turns":3},{"damage":3,"enemies":"2 Louse","floor":2,"turns":3},{"damage":1,"enemies":"Jaw Worm","floor":5,"turns":5},{"damage":0,"enemies":"3 Louse","floor":8,"turns":4},{"damage":1,"enemies":"Red Slaver","floor":10,"turns":4},{"damage":21,"enemies":"Large Slime","floor":11,"turns":10},{"damage":0,"enemies":"Blue Slaver","floor":13,"turns":4},{"damage":65,"enemies":"The Guardian","floor":16,"turns":20},{"damage":42,"enemies":"Spheric Guardian","floor":18,"turns":9},{"damage":11,"enemies":"Shell Parasite","floor":19,"turns":10},{"damage":37,"enemies":"Cultist and Chosen","floor":22,"turns":13},{"damage":10,"enemies":"Centurion and Healer","floor":28,"turns":11},{"damage":13,"enemies":"3 Cultists","floor":29,"turns":7},{"damage":5,"enemies":"Cultist and Chosen","floor":31,"turns":8},{"damage":108,"enemies":"Collector","floor":33,"turns":18}],"seed_played":"1526059867479937184","potions_obtained":[{"floor":0,"key":"Strength Potion"},{"floor":0,"key":"Swift Potion"},{"floor":0,"key":"SkillPotion"},{"floor":13,"key":"EssenceOfSteel"},{"floor":19,"key":"FearPotion"}],"is_trial":false,"path_per_floor":["M","M","?","?","M","?","R","M","T","M","M","R","M","?","R","B",null,"M","M","T","?","M","R","T","$","T","R","M","M","R","M","R","B"],"character_chosen":"IRONCLAD","items_purchased":["ClockworkSouvenir","WingedGreaves"],"campfire_rested":3,"item_purchase_floors":[25,25],"current_hp_per_floor":[80,80,68,68,73,73,73,79,79,80,65,80,80,80,80,21,80,44,39,39,39,20,44,44,44,44,68,78,80,80,80,80,0],"gold":233,"neow_bonus":"THREE_SMALL_POTIONS","is_prod":false,"is_daily":false,"chose_seed":false,"campfire_upgraded":4,"win_rate":0.0,"timestamp":1541496351,"path_taken":["M","M","?","?","M","?","R","M","T","M","M","R","?","?","R","BOSS","M","M","?","?","M","R","?","?","T","R","M","M","R","M","R","BOSS"],"build_version":"2018-11-02","purchased_purges":1,"victory":false,"max_hp_per_floor":[80,80,80,80,80,80,80,80,80,80,80,80,80,80,80,80,80,80,80,80,80,80,80,80,80,80,80,80,80,80,80,80,80],"card_choices":[{"not_picked":["Body Slam","Inflame"],"picked":"Iron Wave","floor":1},{"not_picked":["Rage","Dropkick"],"picked":"Disarm","floor":2},{"not_picked":["Armaments","Rage"],"picked":"Seeing Red","floor":5},{"not_picked":["Armaments","Flex"],"picked":"Iron Wave","floor":8},{"not_picked":["Searing Blow","Thunderclap"],"picked":"Feel No Pain","floor":10},{"not_picked":["Headbutt","Brutality"],"picked":"Shockwave","floor":11},{"not_picked":["Iron Wave","Perfected Strike"],"picked":"Power Through","floor":12},{"not_picked":["Perfected Strike","Cleave"],"picked":"Body Slam","floor":13},{"not_picked":["Fiend Fire","Brutality"],"picked":"Reaper","floor":16},{"not_picked":["Entrench","Perfected Strike"],"picked":"True Grit+1","floor":18},{"not_picked":["Perfected Strike","Intimidate","Searing Blow+1"],"picked":"SKIP","floor":19},{"not_picked":["Hemokinesis","Feel No Pain"],"picked":"Armaments+1","floor":22},{"not_picked":["Perfected Strike+1","Brutality"],"picked":"Shrug It Off","floor":28},{"not_picked":["Heavy Blade+1","Armaments","Rage"],"picked":"SKIP","floor":29},{"not_picked":["Cleave","Iron Wave","Hemokinesis"],"picked":"SKIP","floor":31}],"player_experience":139692,"relics_obtained":[{"floor":9,"key":"Darkstone Periapt"},{"floor":20,"key":"Bottled Tornado"},{"floor":24,"key":"Bronze Scales"},{"floor":26,"key":"Self Forming Clay"}],"event_choices":[{"damage_healed":0,"gold_gain":0,"player_choice":"Success","damage_taken":12,"relics_obtained":["Dream Catcher"],"max_hp_gain":0,"max_hp_loss":0,"event_name":"Scrap Ooze","floor":3,"gold_loss":0},{"damage_healed":0,"gold_gain":175,"player_choice":"AGREE","damage_taken":0,"max_hp_gain":0,"max_hp_loss":0,"event_name":"Liars Game","floor":4,"gold_loss":0,"cards_obtained":["Doubt"]},{"cards_removed":["Doubt"],"damage_healed":0,"gold_gain":0,"player_choice":"Card Removal","damage_taken":0,"max_hp_gain":0,"max_hp_loss":0,"event_name":"The Cleric","floor":6,"gold_loss":50},{"cards_removed":["Strike_R"],"damage_healed":0,"gold_gain":0,"player_choice":"Offered Basic","damage_taken":0,"max_hp_gain":0,"max_hp_loss":0,"event_name":"Bonfire Elementals","floor":14,"gold_loss":0},{"damage_healed":0,"gold_gain":0,"player_choice":"Ignored","damage_taken":0,"max_hp_gain":0,"max_hp_loss":0,"event_name":"Vampires","floor":21,"gold_loss":0}],"is_beta":true,"boss_relics":[{"not_picked":["Snecko Eye","Velvet Choker"],"picked":"Runic Dome"}],"items_purged_floors":[25],"is_endless":false,"potions_floor_spawned":[5,8,13,19,22],"killed_by":"Collector","ascension_level":0}