{"gold_per_floor":[109,109,127,127,190,190,240,250,275,275,288,362,66,116,116,211,511,521,246,296,346,396,396,409,409,435,485,565,583,601,651,651,651],"floor_reached":33,"playtime":1468,"items_purged":["Normality"],"score":374,"play_id":"59657bce-44e7-4861-b67a-1d115dd8ad04","local_time":"20181203231920","is_ascension_mode":true,"campfire_choices":[{"data":"True Grit","floor":6,"key":"SMITH"},{"data":"Rampage","floor":10,"key":"SMITH"},{"data":"Cleave","floor":15,"key":"SMITH"},{"floor":23,"key":"REST"},{"data":"Limit Break","floor":25,"key":"SMITH"},{"floor":32,"key":"REST"}],"neow_cost":"CURSE","seed_source_timestamp":461661328071622,"circlet_count":0,"master_deck":["AscendersBane","Strike_R","Strike_R+1","Strike_R","Strike_R","Strike_R","Defend_R+1","Defend_R+1","Defend_R","Defend_R+1","Bash","True Grit+1","Cleave+1","Rampage+1","Headbutt","Shrug It Off","Limit Break+1","Injury","Injury","Inflame","Limit Break+1","Bandage Up","Self Repair"],"relics":["Burning Blood","Torii","Spirit Poop","SsserpentHead","FossilizedHelix","War Paint","Orichalcum","Juzu Bracelet","Centennial Puzzle","Calling Bell","Lantern","Shuriken","Old Coin","PrismaticShard","Omamori","Dream Catcher","Tiny Chest","Blue Candle"],"potions_floor_usage":[21],"damage_taken":[{"damage":8,"enemies":"2 Louse","floor":1,"turns":4},{"damage":0,"enemies":"Cultist","floor":3,"turns":3},{"damage":8,"enemies":"Jaw Worm","floor":5,"turns":5},{"damage":2,"enemies":"Gremlin Gang","floor":8,"turns":3},{"damage":13,"enemies":"Exordium Wildlife","floor":11,"turns":5},{"damage":19,"enemies":"Slime Boss","floor":16,"turns":12},{"damage":36,"enemies":"Spheric Guardian","floor":18,"turns":10},{"damage":3,"enemies":"Colosseum Slavers","floor":21,"turns":6},{"damage":1,"enemies":"Chosen","floor":24,"turns":6},{"damage":12,"enemies":"Centurion and Healer","floor":29,"turns":6},{"damage":30,"enemies":"Shelled Parasite and Fungi","floor":30,"turns":7},{"damage":85,"enemies":"Collector","floor":33,"turns":6}],"seed_played":"4080375586283314136","potions_obtained":[{"floor":16,"key":"Fire Potion"}],"is_trial":false,"path_per_floor":["M","?","M","?","M","R","T","M","T","R","M","T","$","?","R","B",null,"M","$","?","?","?","R","M","R","T","?","?","M","M","T","R","B"],"character_chosen":"IRONCLAD","items_purchased":["Juzu Bracelet","Centennial Puzzle","PrismaticShard"],"campfire_rested":2,"item_purchase_floors":[13,13,19],"current_hp_per_floor":[70,70,76,76,74,74,74,78,78,78,71,71,71,55,55,42,71,41,41,41,44,44,68,73,73,73,73,73,67,47,47,71,0],"gold":651,"neow_bonus":"ONE_RARE_RELIC","is_prod":false,"is_daily":false,"chose_seed":false,"campfire_upgraded":4,"win_rate":0,"timestamp":1543897160,"path_taken":["M","?","?","?","?","R","?","M","T","R","M","?","$","?","R","BOSS","M","$","?","?","?","R","M","R","T","?","?","M","M","?","R","BOSS"],"build_version":"2018-11-15","purchased_purges":1,"victory":false,"max_hp_per_floor":[80,80,80,80,80,80,80,80,80,80,80,80,80,80,80,80,80,80,80,80,80,80,80,80,80,80,80,80,80,80,80,80,80],"card_choices":[{"not_picked":["Pommel Strike","Shrug It Off"],"picked":"True Grit","floor":1},{"not_picked":["Blood for Blood","Headbutt"],"picked":"Cleave","floor":3},{"not_picked":["Second Wind","Iron Wave"],"picked":"Rampage","floor":5},{"not_picked":["Twin Strike","Warcry"],"picked":"Headbutt","floor":8},{"not_picked":["Feel No Pain","Body Slam"],"picked":"Shrug It Off","floor":11},{"not_picked":["Fiend Fire","Berserk"],"picked":"Limit Break","floor":16},{"not_picked":["Cleave","Headbutt","Heavy Blade"],"picked":"SKIP","floor":18},{"not_picked":["Barrage+1","Hello World+1"],"picked":"Inflame","floor":24},{"not_picked":["Dagger Spray","Ball Lightning"],"picked":"Bandage Up","floor":29},{"not_picked":["Steam","Coolheaded"],"picked":"Self Repair","floor":30}],"player_experience":576234,"relics_obtained":[{"floor":7,"key":"FossilizedHelix"},{"floor":9,"key":"War Paint"},{"floor":12,"key":"Orichalcum"},{"floor":17,"key":"Lantern"},{"floor":17,"key":"Shuriken"},{"floor":17,"key":"Old Coin"},{"floor":26,"key":"Dream Catcher"},{"floor":31,"key":"Blue Candle"}],"event_choices":[{"cards_removed":["Normality"],"damage_healed":0,"gold_gain":0,"player_choice":"Offered Curse","damage_taken":0,"relics_obtained":["Spirit Poop"],"max_hp_gain":0,"max_hp_loss":0,"event_name":"Bonfire Elementals","floor":2,"gold_loss":0},{"damage_healed":0,"gold_gain":0,"player_choice":"Trade","damage_taken":0,"relics_obtained":["SsserpentHead"],"max_hp_gain":0,"max_hp_loss":0,"event_name":"FaceTrader","floor":4,"gold_loss":0},{"damage_healed":0,"gold_gain":0,"player_choice":"Entered Light","damage_taken":16,"max_hp_gain":0,"max_hp_loss":0,"event_name":"Shining Light","floor":14,"gold_loss":0,"cards_upgraded":["Strike_R","Defend_R"]},{"damage_healed":0,"gold_gain":0,"player_choice":"Opened","damage_taken":0,"relics_obtained":["Omamori"],"max_hp_gain":0,"max_hp_loss":0,"event_name":"The Mausoleum","floor":20,"gold_loss":0,"cards_obtained":["Writhe"]},{"damage_healed":0,"gold_gain":0,"player_choice":"Fight","damage_taken":0,"max_hp_gain":0,"max_hp_loss":0,"event_name":"Colosseum","floor":21,"gold_loss":0},{"damage_healed":0,"gold_gain":0,"player_choice":"Fled From Nobs","damage_taken":0,"max_hp_gain":0,"max_hp_loss":0,"event_name":"Colosseum","floor":21,"gold_loss":0},{"cards_removed":["Writhe"],"damage_healed":0,"gold_gain":0,"player_choice":"Purged","damage_taken":0,"max_hp_gain":0,"max_hp_loss":0,"event_name":"Purifier","floor":22,"gold_loss":0},{"damage_healed":0,"gold_gain":0,"player_choice":"Copied","damage_taken":0,"max_hp_gain":0,"max_hp_loss":0,"event_name":"Duplicator","floor":27,"gold_loss":0,"cards_obtained":["Limit Break"]},{"damage_healed":0,"gold_gain":0,"player_choice":"Stole Relic","damage_taken":0,"relics_obtained":["Tiny Chest"],"max_hp_gain":0,"max_hp_loss":0,"event_name":"Addict","floor":28,"gold_loss":0,"cards_obtained":["Shame"]}],"is_beta":true,"boss_relics":[{"not_picked":["Busted Crown","Black Star"],"picked":"Calling Bell"}],"items_purged_floors":[19],"is_endless":false,"potions_floor_spawned":[16,21],"killed_by":"Collector","ascension_level":10}