{"gold_per_floor":[215,215,12,23,23,33,33,45,45,45,78,94,104,118,118,218,218,231,26,46,46,61,87,87,121,172,0,0,0,20,36,36,36],"floor_reached":33,"playtime":3024,"items_purged":[],"score":289,"play_id":"b6d5a3e7-f91d-4be4-beec-bcc82ef73a16","local_time":"20180707123749","is_ascension_mode":false,"campfire_choices":[{"floor":15.0,"key":"REST"},{"floor":28,"key":"REST"},{"floor":32,"key":"REST"}],"neow_cost":"NONE","seed_source_timestamp":0,"circlet_count":0,"master_deck":["Strike_R+1","Strike_R+1","Strike_R+1","Strike_R+1","Strike_R+1","Defend_R+1","Defend_R+1","Defend_R+1","Defend_R+1","Bash","Thunderclap+1","Bash","Havoc","Clash","Immolate","Heavy Blade","Cleave","Perfected Strike","Reckless Charge","Shockwave","Immolate","Wild Strike","Infernal Blade","Shrug It Off+1","Clash+1","Seeing Red","Heavy Blade","Rage+1","Clothesline+1","Headbutt"],"special_seed":0,"relics":["Burning Blood","ClockworkSouvenir","Pen Nib","Sozu","Toolbox","Boot","Champion Belt","Dream Catcher"],"potions_floor_usage":[],"damage_taken":[{"damage":4.0,"enemies":"Jaw Worm","floor":1.0,"turns":6.0},{"damage":1.0,"enemies":"Cultist","floor":4.0,"turns":4.0},{"damage":1.0,"enemies":"2 Louse","floor":6.0,"turns":3.0},{"damage":6.0,"enemies":"2 Fungi Beasts","floor":8.0,"turns":2.0},{"damage":37.0,"enemies":"Gremlin Nob","floor":11.0,"turns":5.0},{"damage":7.0,"enemies":"Exordium Thugs","floor":12.0,"turns":2.0},{"damage":15.0,"enemies":"Looter","floor":13.0,"turns":3.0},{"damage":0.0,"enemies":"Blue Slaver","floor":14.0,"turns":1.0},{"damage":21.0,"enemies":"Slime Boss","floor":16.0,"turns":10.0},{"damage":5.0,"enemies":"Spheric Guardian","floor":18.0,"turns":3.0},{"damage":0.0,"enemies":"3 Byrds","floor":20.0,"turns":3.0},{"damage":0.0,"enemies":"Centurion and Healer","floor":22.0,"turns":5.0},{"damage":44.0,"enemies":"Book of Stabbing","floor":23.0,"turns":5.0},{"damage":12,"enemies":"Slavers","floor":25,"turns":3},{"damage":11,"enemies":"Snecko","floor":30,"turns":4},{"damage":22,"enemies":"Slaver and Parasite","floor":31,"turns":3},{"damage":71,"enemies":"Collector","floor":33,"turns":8}],"seed_played":"5113452937761336051","potions_obtained":[{"floor":6.0,"key":"Energy Potion"},{"floor":8.0,"key":"Regen Potion"},{"floor":13.0,"key":"Explosive Potion"}],"is_trial":false,"path_per_floor":["M","?","$","M","$","M","?","M","T","$","E","M","M","M","R","B",null,"M","$","M","?","M","E","?","E","T","?","R","$","M","M","R"],"character_chosen":"IRONCLAD","items_purchased":["ClockworkSouvenir","Toolbox"],"campfire_rested":3,"item_purchase_floors":[3,19],"current_hp_per_floor":[80,80,80,80,80,80,80,80,80,80,49,48,39,45,69,69,80,80,80,80,80,80,42,42,36,36,36,60,60,55,47,71,0],"gold":36,"neow_bonus":"HUNDRED_GOLD","is_prod":false,"is_daily":false,"chose_seed":false,"campfire_upgraded":0,"win_rate":0.0,"timestamp":1530981469,"path_taken":["M","?","$","M","$","M","?","M","T","?","E","?","M","M","R","BOSS","M","$","M","?","M","E","?","E","T","?","R","?","?","?","R","BOSS"],"build_version":"2018-07-05","purchased_purges":0,"victory":false,"max_hp_per_floor":[80,80,80,80,80,80,80,80,80,80,80,80,80,80,80,80,80,80,80,80,80,80,80,80,80,80,80,80,80,80,80,80,80],"card_choices":[{"not_picked":["Spot Weakness","Warcry"],"picked":"Thunderclap","floor":1.0},{"not_picked":["Iron Wave","Perfected Strike"],"picked":"Clash","floor":4.0},{"not_picked":["Reckless Charge","Twin Strike"],"picked":"Immolate","floor":6.0},{"not_picked":["Flame Barrier","Pommel Strike"],"picked":"Heavy Blade","floor":8.0},{"not_picked":["Uppercut","Armaments"],"picked":"Cleave","floor":11.0},{"not_picked":["Sword Boomerang","True Grit"],"picked":"Perfected Strike","floor":12.0},{"not_picked":["Entrench","Sever Soul"],"picked":"Reckless Charge","floor":13.0},{"not_picked":["Pommel Strike","Cleave"],"picked":"Shockwave","floor":14.0},{"not_picked":["Dark Embrace","Berserk"],"picked":"Immolate","floor":16.0},{"not_picked":["Metallicize","Entrench"],"picked":"Wild Strike","floor":18.0},{"not_picked":["Metallicize","Uppercut"],"picked":"Infernal Blade","floor":20.0},{"not_picked":["Havoc+1","Pummel"],"picked":"Shrug It Off+1","floor":22.0},{"not_picked":["True Grit","Warcry"],"picked":"Clash+1","floor":23.0},{"not_picked":["Armaments","Pommel Strike"],"picked":"Seeing Red","floor":25},{"not_picked":["Wild Strike","Headbutt"],"picked":"Heavy Blade","floor":28},{"not_picked":["Anger","Cleave"],"picked":"Rage+1","floor":30},{"not_picked":["Shrug It Off+1","Thunderclap"],"picked":"Clothesline+1","floor":31},{"not_picked":["Reckless Charge","Anger+1"],"picked":"Headbutt","floor":32}],"player_experience":104600,"relics_obtained":[{"floor":11.0,"key":"Pen Nib"},{"floor":23.0,"key":"Boot"},{"floor":25,"key":"Champion Belt"},{"floor":26,"key":"Dream Catcher"}],"event_choices":[{"event_name":"Match and Keep!","player_choice":"2 cards matched","floor":2.0,"damage_taken":0.0},{"event_name":"Living Wall","player_choice":"Grow","floor":7.0,"damage_taken":0.0},{"event_name":"Beggar","player_choice":"Ignored","floor":21.0,"damage_taken":0.0},{"event_name":"Back to Basics","player_choice":"Simplicity","floor":24,"damage_taken":0},{"event_name":"Masked Bandits","player_choice":"Paid Bandits 172 gold","floor":27,"damage_taken":0}],"boss_relics":[{"not_picked":["Runic Dome","Empty Cage"],"picked":"Sozu"}],"items_purged_floors":[],"is_endless":false,"potions_floor_spawned":[6,8,13,14,18,23,25,31],"killed_by":"Collector","ascension_level":0}