{"gold_per_floor":[111,123,133,39,53,53,84,98,98,111,142,142,142,170,170,266,266,280,300,316,37,50,50,50,50],"floor_reached":25,"playtime":1762,"items_purged":[],"score":225,"play_id":"98f53f74-ecde-4ba8-a4cd-4b024b85d345","local_time":"20180704153605","is_ascension_mode":false,"campfire_choices":[{"data":"Jack Of All Trades","floor":6.0,"key":"SMITH"},{"data":"Whirlwind","floor":15.0,"key":"SMITH"}],"neow_cost":"","seed_source_timestamp":0,"circlet_count":0,"master_deck":["Strike_R","Strike_R","Strike_R","Strike_R","Strike_R","Defend_R","Defend_R","Defend_R","Defend_R","Bash","Inflame","Twin Strike","Intimidate","Jack Of All Trades+1","Metallicize","Sever Soul","Pommel Strike","Bludgeon","Whirlwind+1","Normality","Heavy Blade","Double Tap","Anger","Heavy Blade","Spot Weakness","Whirlwind","Headbutt","Limit Break","Clothesline","Pommel Strike","Flash of Steel","Evolve","Perfected Strike"],"special_seed":0,"relics":["Burning Blood","Blood Vial","Ice Cream","Dead Branch","Gremlin Horn","Lantern","Orrery"],"potions_floor_usage":[22,25,25,25],"damage_taken":[{"damage":6.0,"enemies":"2 Louse","floor":1.0,"turns":3.0},{"damage":1.0,"enemies":"Cultist","floor":2.0,"turns":3.0},{"damage":17.0,"enemies":"Small Slimes","floor":3.0,"turns":3.0},{"damage":8.0,"enemies":"2 Fungi Beasts","floor":5.0,"turns":4.0},{"damage":21.0,"enemies":"3 Sentries","floor":7.0,"turns":8.0},{"damage":15.0,"enemies":"Exordium Wildlife","floor":8.0,"turns":6.0},{"damage":0.0,"enemies":"Large Slime","floor":10.0,"turns":5.0},{"damage":6.0,"enemies":"Gremlin Nob","floor":11.0,"turns":3.0},{"damage":11.0,"enemies":"3 Sentries","floor":14.0,"turns":3.0},{"damage":47.0,"enemies":"The Guardian","floor":16.0,"turns":10.0},{"damage":22.0,"enemies":"Shell Parasite","floor":18.0,"turns":4.0},{"damage":10.0,"enemies":"Spheric Guardian","floor":19.0,"turns":3.0},{"damage":42.0,"enemies":"Slaver and Parasite","floor":20.0,"turns":8.0},{"damage":28,"enemies":"Snecko","floor":22,"turns":5},{"damage":24,"enemies":"Snake Plant","floor":25,"turns":2}],"seed_played":"3730022185326727810","potions_obtained":[{"floor":3.0,"key":"Poison Potion"},{"floor":7.0,"key":"Weak Potion"},{"floor":8.0,"key":"Poison Potion"},{"floor":10.0,"key":"SpeedPotion"},{"floor":11.0,"key":"LiquidBronze"},{"floor":16.0,"key":"SpeedPotion"},{"floor":18.0,"key":"Swift Potion"},{"floor":22,"key":"PowerPotion"}],"is_trial":false,"path_per_floor":["M","M","M","$","M","R","E","M","T","M","E","$","?","E","R","B",null,"M","M","M","$","M","?","?"],"character_chosen":"IRONCLAD","items_purchased":["Jack Of All Trades","Flash of Steel","Evolve","Explosive Potion","FearPotion"],"campfire_rested":0,"item_purchase_floors":[],"current_hp_per_floor":[88,88,77,77,75,75,64,61,61,73,75,75,75,72,72,33,88,72,70,36,36,16,16,16,0],"gold":50,"neow_bonus":"","is_prod":false,"is_daily":false,"chose_seed":false,"campfire_upgraded":2,"win_rate":0.0,"timestamp":1530732965,"path_taken":["M","M","M","$","M","R","E","M","T","M","E","$","?","E","R","BOSS","M","M","M","$","M","?","?","M"],"build_version":"2018-06-28","purchased_purges":0,"victory":false,"max_hp_per_floor":[88,88,88,88,88,88,88,88,88,88,88,88,88,88,88,88,88,88,88,88,88,88,88,88,88],"card_choices":[{"not_picked":["Clothesline","Sentinel"],"picked":"Inflame","floor":1.0},{"not_picked":["Armaments","Warcry"],"picked":"Twin Strike","floor":2.0},{"not_picked":["Iron Wave","Sentinel"],"picked":"Intimidate","floor":3.0},{"not_picked":["Evolve","Anger"],"picked":"Metallicize","floor":5.0},{"not_picked":["Pommel Strike","Barricade"],"picked":"Sever Soul","floor":7.0},{"not_picked":["Clash","Twin Strike"],"picked":"Pommel Strike","floor":8.0},{"not_picked":["Body Slam","Anger"],"picked":"Bludgeon","floor":10.0},{"not_picked":["Pommel Strike","Perfected Strike"],"picked":"Whirlwind","floor":11.0},{"not_picked":["Sword Boomerang","Pummel"],"picked":"Heavy Blade","floor":14.0},{"not_picked":["Bludgeon","Brutality"],"picked":"Double Tap","floor":16.0},{"not_picked":["Thunderclap","Wild Strike"],"picked":"Anger","floor":17.0},{"not_picked":["Shrug It Off","Second Wind"],"picked":"Heavy Blade","floor":17.0},{"not_picked":["Blood for Blood","Clothesline"],"picked":"Spot Weakness","floor":17.0},{"not_picked":["Shrug It Off","Warcry"],"picked":"Whirlwind","floor":17.0},{"not_picked":["Dark Embrace","Body Slam"],"picked":"Headbutt","floor":17.0},{"not_picked":["Infernal Blade","Rage"],"picked":"Limit Break","floor":18.0},{"not_picked":["Searing Blow","Headbutt"],"picked":"Clothesline","floor":19.0},{"not_picked":["Body Slam","Corruption"],"picked":"Pommel Strike","floor":20.0},{"not_picked":["Ghostly Armor","Infernal Blade"],"picked":"Perfected Strike","floor":22}],"player_experience":93569,"relics_obtained":[{"floor":7.0,"key":"Blood Vial"},{"floor":9.0,"key":"Ice Cream"},{"floor":11.0,"key":"Dead Branch"},{"floor":14.0,"key":"Lantern"}],"event_choices":[{"event_name":"Accursed Blacksmith","player_choice":"Rummage","floor":13.0,"damage_taken":0.0},{"event_name":"Addict","player_choice":"Ignored","floor":23,"damage_taken":0},{"event_name":"Drug Dealer","player_choice":"Ignored","floor":24,"damage_taken":0}],"boss_relics":[{"not_picked":["Coffee Dripper","Busted Crown"],"picked":"Orrery"}],"items_purged_floors":[],"is_endless":false,"potions_floor_spawned":[3,7,8,10,11,16,18,22],"killed_by":"Snake Plant","ascension_level":0}