{"gold_per_floor":[117,131,141,151,151,180,180,200,250,250,260,329,329,479,479,553,553,568,594,519,519,531,531,37,37,64,64,79,95,125,46,46,125,125,142,142,142,155,26,54,54,276,276,9,27,38,38,55,55,55],"floor_reached":51,"playtime":2357,"items_purged":["Strike_B","Decay","Strike_B"],"score":1236,"play_id":"04951d4a-0943-42d4-842b-1ef3ad58b3b4","local_time":"20190126161125","is_ascension_mode":true,"campfire_choices":[{"floor":7.0,"key":"REST"},{"floor":10.0,"key":"REST"},{"data":"Defragment","floor":13.0,"key":"SMITH"},{"floor":15.0,"key":"REST"},{"floor":23.0,"key":"REST"},{"data":"Defragment","floor":25.0,"key":"SMITH"},{"data":"Capacitor","floor":27.0,"key":"SMITH"},{"floor":32.0,"key":"REST"},{"floor":41.0,"key":"REST"},{"floor":47.0,"key":"REST"},{"floor":49.0,"key":"REST"}],"neow_cost":"NONE","seed_source_timestamp":190425972440637,"circlet_count":0,"master_deck":["AscendersBane","Defend_B","Defend_B","Defend_B","Defend_B","Zap","Dualcast","Meteor Strike","Capacitor+1","Chill","Sweeping Beam","Ball Lightning","Defragment+1","Compile Driver","Hyperbeam","Ball Lightning","Echo Form","Electrodynamics","Melter","Storm+1","Go for the Eyes","Defragment+1","FTL","Echo Form","Amplify","White Noise","Buffer","Loop"],"special_seed":0,"relics":["Cracked Core","Gambling Chip","Centennial Puzzle","Empty Cage","Red Mask","Membership Card","Bag of Preparation","PreservedInsect","Oddly Smooth Stone","Singing Bowl","Happy Flower","Nuclear Battery","DataDisk","Bag of Marbles","Vajra","Dream Catcher","Ancient Tea Set"],"potions_floor_usage":[50,50],"damage_taken":[{"damage":8.0,"enemies":"Small Slimes","floor":1.0,"turns":4.0},{"damage":10.0,"enemies":"Cultist","floor":2.0,"turns":5.0},{"damage":9.0,"enemies":"2 Louse","floor":3.0,"turns":4.0},{"damage":2.0,"enemies":"2 Fungi Beasts","floor":4.0,"turns":4.0},{"damage":32.0,"enemies":"Gremlin Nob","floor":6.0,"turns":4.0},{"damage":17.0,"enemies":"Looter","floor":8.0,"turns":3.0},{"damage":13.0,"enemies":"Blue Slaver","floor":11.0,"turns":4.0},{"damage":26.0,"enemies":"The Guardian","floor":16.0,"turns":10.0},{"damage":16.0,"enemies":"2 Thieves","floor":18.0,"turns":3.0},{"damage":13.0,"enemies":"Masked Bandits","floor":19.0,"turns":3.0},{"damage":2.0,"enemies":"Chosen","floor":22.0,"turns":4.0},{"damage":1.0,"enemies":"Snecko","floor":28.0,"turns":3.0},{"damage":6.0,"enemies":"Centurion and Healer","floor":29.0,"turns":6.0},{"damage":22.0,"enemies":"Book of Stabbing","floor":30.0,"turns":4.0},{"damage":32.0,"enemies":"Automaton","floor":33.0,"turns":7.0},{"damage":8.0,"enemies":"3 Darklings","floor":35.0,"turns":2.0},{"damage":8.0,"enemies":"Orb Walker","floor":38.0,"turns":3.0},{"damage":18.0,"enemies":"Reptomancer","floor":40.0,"turns":4.0},{"damage":34.0,"enemies":"Spire Growth","floor":45.0,"turns":4.0},{"damage":15.0,"enemies":"Writhing Mass","floor":46.0,"turns":4.0},{"damage":0.0,"enemies":"Transient","floor":48.0,"turns":5.0},{"damage":42,"enemies":"Time Eater","floor":50,"turns":7}],"seed_played":"5224275876919471705","potions_obtained":[{"floor":3.0,"key":"Strength Potion"},{"floor":8.0,"key":"Weak Potion"},{"floor":16.0,"key":"SkillPotion"},{"floor":21.0,"key":"Weak Potion"},{"floor":21.0,"key":"AttackPotion"},{"floor":22.0,"key":"SneckoOil"},{"floor":33.0,"key":"PowerPotion"},{"floor":35.0,"key":"FearPotion"},{"floor":46.0,"key":"Strength Potion"}],"is_trial":false,"path_per_floor":["M","M","M","M","?","E","R","M","T","R","M","?","R","?","R","B",null,"M","?","?","?","M","R","$","R","T","R","M","M","E","$","R","B",null,"M","?","?","M","$","E","R","?","T","$","M","M","R","M","R","B",null],"character_chosen":"DEFECT","items_purchased":["Membership Card","Defragment","Bag of Preparation","PreservedInsect","FTL","Happy Flower","DataDisk","Dream Catcher","Ancient Tea Set","FocusPotion"],"campfire_rested":8,"item_purchase_floors":[24,24,24,24,24,31,39,44,44,44],"current_hp_per_floor":[56,46,37,35,35,3,24,7,7,28,15,15,15,15,36,10,56,40,27,27,27,25,46,46,46,46,46,45,39,19,19,40,8,57,49,49,49,43,43,27,50,50,50,50,18,3,28,30,54,12],"gold":55,"neow_bonus":"ONE_RANDOM_RARE_CARD","is_prod":false,"is_daily":false,"chose_seed":false,"campfire_upgraded":3,"win_rate":0,"timestamp":1548537085,"path_taken":["M","M","M","M","?","E","R","M","T","R","?","?","R","?","R","BOSS","M","?","?","?","M","R","$","R","T","R","M","?","E","$","R","BOSS","M","?","?","?","$","E","R","?","T","$","M","M","R","M","R","BOSS"],"build_version":"2019-01-23","purchased_purges":3,"victory":true,"max_hp_per_floor":[71,71,71,71,71,71,71,71,71,71,71,71,71,71,71,71,71,71,71,71,71,71,71,71,71,71,71,71,71,73,73,73,73,73,73,73,73,75,75,77,77,77,77,77,79,79,81,83,83,83],"card_choices":[{"not_picked":["Sweeping Beam","Melter"],"picked":"Capacitor","floor":1.0},{"not_picked":["Steam","Hologram"],"picked":"Chill","floor":2.0},{"not_picked":["Hologram","Compile Driver"],"picked":"Sweeping Beam","floor":3.0},{"not_picked":["Double Energy","Consume"],"picked":"Ball Lightning","floor":4.0},{"not_picked":["Coolheaded","Compile Driver"],"picked":"Ball Lightning","floor":6.0},{"not_picked":["Lockon","Gash","Hello World"],"picked":"SKIP","floor":8.0},{"not_picked":["Turbo","Gash"],"picked":"Echo Form","floor":11.0},{"not_picked":["Core Surge","Buffer"],"picked":"Electrodynamics","floor":16.0},{"not_picked":["Redo","Barrage"],"picked":"Melter","floor":18.0},{"not_picked":["Compile Driver","FTL"],"picked":"Storm+1","floor":19.0},{"not_picked":["Beam Cell","Aggregate+1"],"picked":"Go for the Eyes","floor":22.0},{"not_picked":["Consume","Reprogram+1"],"picked":"Echo Form","floor":28.0},{"not_picked":["Redo","Barrage","Undo"],"picked":"SKIP","floor":29.0},{"not_picked":["Melter","Cold Snap","Steam"],"picked":"Singing Bowl","floor":30.0},{"not_picked":["Biased Cognition","All For One"],"picked":"Amplify","floor":33.0},{"not_picked":["Gash+1","Leap"],"picked":"White Noise","floor":35.0},{"not_picked":["Leap","Barrage","Reinforced Body"],"picked":"Singing Bowl","floor":38.0},{"not_picked":["Sunder","Cold Snap+1","Tempest"],"picked":"Singing Bowl","floor":40.0},{"not_picked":["Compile Driver+1","Reinforced Body","Beam Cell+1"],"picked":"Singing Bowl","floor":45.0},{"not_picked":["Self Repair","Tempest"],"picked":"Buffer","floor":46.0},{"not_picked":["Go for the Eyes+1","Gash","Turbo"],"picked":"Singing Bowl","floor":47.0},{"not_picked":["Skim","Cold Snap+1","Genetic Algorithm"],"picked":"Singing Bowl","floor":48.0},{"not_picked":["Reinforced Body","Hologram+1"],"picked":"Loop","floor":49.0}],"player_experience":875475,"relics_obtained":[{"floor":6.0,"key":"Gambling Chip"},{"floor":9.0,"key":"Centennial Puzzle"},{"floor":19.0,"key":"Red Mask"},{"floor":26.0,"key":"Oddly Smooth Stone"},{"floor":30.0,"key":"Singing Bowl"},{"floor":40.0,"key":"Bag of Marbles"},{"floor":43.0,"key":"Vajra"}],"event_choices":[{"damage_healed":0.0,"max_hp_gain":0.0,"max_hp_loss":0.0,"gold_gain":0.0,"event_name":"Match and Keep!","player_choice":"3 cards matched","floor":5.0,"gold_loss":0.0,"damage_taken":0.0,"cards_obtained":["Defragment","Compile Driver","Hyperbeam"]},{"damage_healed":0.0,"max_hp_gain":0.0,"max_hp_loss":0.0,"gold_gain":69.0,"event_name":"Golden Wing","player_choice":"Gained Gold","floor":12.0,"gold_loss":0.0,"damage_taken":0.0},{"damage_healed":0.0,"max_hp_gain":0.0,"max_hp_loss":0.0,"gold_gain":150.0,"event_name":"Liars Game","player_choice":"AGREE","floor":14.0,"gold_loss":0.0,"damage_taken":0.0,"cards_obtained":["Doubt"]},{"damage_healed":0.0,"max_hp_gain":0.0,"max_hp_loss":0.0,"gold_gain":0.0,"event_name":"Masked Bandits","player_choice":"Fought Bandits","floor":19.0,"gold_loss":0.0,"damage_taken":0.0},{"cards_removed":["Strike_B"],"damage_healed":0.0,"max_hp_gain":0.0,"max_hp_loss":0.0,"gold_gain":0.0,"event_name":"Beggar","player_choice":"Gave Gold","floor":20.0,"gold_loss":75.0,"damage_taken":0.0},{"damage_healed":0.0,"max_hp_gain":0.0,"max_hp_loss":0.0,"gold_gain":0.0,"event_name":"Lab","player_choice":"Got Potions","floor":21.0,"gold_loss":0.0,"damage_taken":0.0},{"damage_healed":0.0,"max_hp_gain":0.0,"max_hp_loss":0.0,"gold_gain":0.0,"event_name":"Mysterious Sphere","player_choice":"Ignored","floor":36.0,"gold_loss":0.0,"damage_taken":0.0},{"damage_healed":0.0,"max_hp_gain":0.0,"max_hp_loss":0.0,"gold_gain":0.0,"event_name":"Wheel of Change","player_choice":"Cursed","floor":37.0,"gold_loss":0.0,"damage_taken":0.0,"cards_obtained":["Decay"]},{"damage_healed":0.0,"max_hp_gain":0.0,"max_hp_loss":0.0,"gold_gain":222.0,"event_name":"Tomb of Lord Red Mask","player_choice":"Wore Mask","floor":42.0,"gold_loss":0.0,"damage_taken":0.0}],"is_beta":true,"boss_relics":[{"not_picked":["Ectoplasm","Astrolabe"],"picked":"Empty Cage"},{"not_picked":["White Beast Statue","Fusion Hammer"],"picked":"Nuclear Battery"}],"items_purged_floors":[24,39,44],"is_endless":false,"potions_floor_spawned":[3,8,11,16,22,28,33,35,46,48],"ascension_level":16}