{"path_per_floor":["M","M","?","M","?","R","$","M","T","E","M","M","?","M","R","B",null,"M","?","?","$","M","R"],"character_chosen":"THE_SILENT","items_purchased":["Shuriken","Cloak And Dagger"],"gold_per_floor":[115,128,128,144,144,144,69,89,89,116,136,150,115,133,133,228,228,242,242,492,124,137,137,137],"floor_reached":24,"campfire_rested":0,"playtime":3846,"current_hp_per_floor":[68,67,64,64,69,69,69,49,49,43,36,36,54,54,54,33,75,54,37,37,37,32,32,0],"items_purged":["Normality","Regret"],"gold":137,"score":233,"play_id":"d886c38c-ee09-40c8-aa4b-8d1c3cf4cb50","local_time":"20180505155441","is_prod":false,"is_daily":false,"chose_seed":false,"is_ascension_mode":true,"campfire_upgraded":3,"timestamp":1525550081,"path_taken":["M","?","?","?","?","R","$","?","T","E","?","M","?","?","R","BOSS","M","?","?","?","M","R","E"],"build_version":"2018-05-03","seed_source_timestamp":153563873070259,"purchased_purges":3,"victory":false,"master_deck":["Defend_G","Defend_G","Defend_G","Defend_G","Defend_G","Strike_G","Strike_G","Strike_G","Strike_G","Strike_G","Survivor","Neutralize+1","Infinite Blades","Cloak And Dagger+1","Backflip","Poisoned Stab","Catalyst","Venomology","Deadly Poison","Backstab","Bullet Time","Riddle With Holes","Backflip","Prepared","Caltrops","Underhanded Strike","Bouncing Flask","Ghostly","Ghostly","Ghostly","Ghostly","Ghostly","Cloak And Dagger+1","Envenom"],"max_hp_per_floor":[70,70,70,70,75,75,75,75,75,75,75,75,75,75,75,75,75,75,37,37,37,37,37,37],"relics":["Ring of the Snake","The Specimen","Pantograph","Prayer Wheel","Bronze Scales","Orrery","Shuriken"],"card_choices":[{"not_picked":["Dodge and Roll","Calculated Gamble"],"picked":"Infinite Blades","floor":1},{"not_picked":["Poisoned Stab","Bane"],"picked":"Cloak And Dagger","floor":2},{"not_picked":["Quick Slash","Setup"],"picked":"Backflip","floor":4},{"not_picked":["PiercingWail","Dagger Throw"],"picked":"Poisoned Stab","floor":8},{"not_picked":["Calculated Gamble","Deflect"],"picked":"Catalyst","floor":10},{"not_picked":["Flying Knee","Backflip"],"picked":"Venomology","floor":11},{"not_picked":["Slice","Sucker Punch"],"picked":"Deadly Poison","floor":12},{"not_picked":["Flying Knee","Prepared"],"picked":"Backstab","floor":14},{"not_picked":["Tools of the Trade","Phantasmal Killer"],"picked":"Bullet Time","floor":16},{"not_picked":["Setup","Dodge and Roll"],"picked":"Riddle With Holes","floor":17},{"not_picked":["Dagger Spray","Reflex"],"picked":"Backflip","floor":17},{"not_picked":["Deflect","Deadly Poison"],"picked":"Prepared","floor":17},{"not_picked":["Poisoned Stab","Blur"],"picked":"Caltrops","floor":17},{"not_picked":["Dagger Throw","Dodge and Roll"],"picked":"Underhanded Strike","floor":17},{"not_picked":["Poisoned Stab","Dodge and Roll"],"picked":"Bouncing Flask","floor":18},{"not_picked":["Dagger Spray","Underhanded Strike"],"picked":"Envenom","floor":22}],"player_experience":166088,"potions_floor_usage":[12,14,16,16,18,22,22,24,24,24],"damage_taken":[{"damage":2,"enemies":"Cultist","floor":1,"turns":5},{"damage":1,"enemies":"Jaw Worm","floor":2,"turns":5},{"damage":0,"enemies":"2 Louse","floor":4,"turns":2},{"damage":20,"enemies":"Exordium Thugs","floor":8,"turns":5},{"damage":6,"enemies":"3 Sentries","floor":10,"turns":10},{"damage":7,"enemies":"Lots of Slimes","floor":11,"turns":3},{"damage":0,"enemies":"2 Fungi Beasts","floor":12,"turns":2},{"damage":0,"enemies":"Looter","floor":14,"turns":4},{"damage":42,"enemies":"Slime Boss","floor":16,"turns":13},{"damage":21,"enemies":"Shell Parasite","floor":18,"turns":6},{"damage":5,"enemies":"Chosen","floor":22,"turns":3},{"damage":35,"enemies":"Gremlin Leader","floor":24,"turns":4}],"event_choices":[{"event_name":"Scrap Ooze","player_choice":"success","floor":3,"damage_taken":3},{"event_name":"Big Fish","player_choice":"Donut","floor":5,"damage_taken":0},{"event_name":"The Cleric","player_choice":"Healed","floor":13,"damage_taken":0},{"event_name":"Ghosts","player_choice":"Became a Ghost","floor":19,"damage_taken":0},{"event_name":"Golden Shrine","player_choice":"Desecrate","floor":20,"damage_taken":0}],"boss_relics":[{"not_picked":["Lizard Tail","White Beast Statue"],"picked":"Orrery"}],"potions_floor_spawned":[8,11,14,16,22],"seed_played":"-5055429140035948526","killed_by":"Gremlin Leader","ascension_level":1,"is_trial":false}