{"gold_per_floor":[112,125,141,152,152,152,179,198,198,198,198,223,223,241,241,339,339,349,366,93,112,112],"floor_reached":22,"playtime":1487,"items_purged":[],"score":218,"play_id":"638bb825-625e-4e77-8096-b8125bf22351","local_time":"20190608135041","is_ascension_mode":true,"campfire_choices":[{"floor":6.0,"key":"REST"},{"floor":10.0,"key":"REST"},{"floor":13.0,"key":"REST"},{"floor":15.0,"key":"REST"}],"neow_cost":"NONE","seed_source_timestamp":0,"circlet_count":0,"master_deck":["Defend_G","Defend_G","Defend_G","Defend_G","Defend_G","Strike_G","Strike_G+1","Strike_G","Strike_G","Strike_G","Survivor","Neutralize","Outmaneuver+1","Dash","Deadly Poison","Dash","Backstab+1","Deadly Poison","Deadly Poison","Backstab","Bullet Time","PiercingWail","Noxious Fumes"],"special_seed":0,"relics":["Ring of the Snake","NeowsBlessing","StoneCalendar","Regal Pillow","Runic Pyramid","Kunai"],"potions_floor_usage":[21,21,21,22],"damage_taken":[{"damage":0.0,"enemies":"Cultist","floor":1.0,"turns":1.0},{"damage":0.0,"enemies":"Jaw Worm","floor":2.0,"turns":1.0},{"damage":0.0,"enemies":"2 Louse","floor":3.0,"turns":1.0},{"damage":33.0,"enemies":"Gremlin Gang","floor":4.0,"turns":6.0},{"damage":42.0,"enemies":"3 Sentries","floor":7.0,"turns":12.0},{"damage":0.0,"enemies":"Red Slaver","floor":8.0,"turns":3.0},{"damage":15.0,"enemies":"Lagavulin","floor":12.0,"turns":7.0},{"damage":3.0,"enemies":"Exordium Thugs","floor":14.0,"turns":4.0},{"damage":27.0,"enemies":"Hexaghost","floor":16.0,"turns":8.0},{"damage":10.0,"enemies":"Shell Parasite","floor":18.0,"turns":5.0},{"damage":11.0,"enemies":"Spheric Guardian","floor":19.0,"turns":5.0},{"damage":36,"enemies":"Chosen and Byrds","floor":21,"turns":6},{"damage":13,"enemies":"Centurion and Healer","floor":22,"turns":5}],"seed_played":"-631972127727029423","potions_obtained":[{"floor":2.0,"key":"LiquidBronze"},{"floor":4.0,"key":"SneckoOil"},{"floor":14.0,"key":"Energy Potion"},{"floor":16.0,"key":"SpeedPotion"},{"floor":21,"key":"SneckoOil"}],"is_trial":false,"path_per_floor":["M","M","M","M","?","R","E","M","T","R","?","E","R","M","R","B",null,"M","M","$","M","M"],"character_chosen":"THE_SILENT","items_purchased":["Kunai","Noxious Fumes"],"campfire_rested":4,"item_purchase_floors":[20,20],"current_hp_per_floor":[70,70,70,37,23,44,2,2,2,23,23,8,44,41,70,43,70,60,49,49,13,0],"gold":112,"neow_bonus":"THREE_ENEMY_KILL","is_prod":false,"is_daily":false,"chose_seed":false,"campfire_upgraded":0,"win_rate":0,"timestamp":1560016241,"path_taken":["M","M","M","?","?","R","E","M","T","R","?","E","R","?","R","BOSS","M","M","$","M","M"],"build_version":"2019-01-23","purchased_purges":0,"victory":false,"max_hp_per_floor":[70,70,70,70,70,70,70,70,70,70,70,70,70,70,70,70,70,70,70,70,70,70],"card_choices":[{"not_picked":["Underhanded Strike","Bane"],"picked":"Outmaneuver","floor":1.0},{"not_picked":["All Out Attack","Backflip"],"picked":"Dash","floor":2.0},{"not_picked":["Caltrops","Poisoned Stab"],"picked":"Deadly Poison","floor":3.0},{"not_picked":["Flying Knee","Dagger Throw"],"picked":"Dash","floor":4.0},{"not_picked":["Phantasmal Killer","Sucker Punch"],"picked":"Backstab","floor":7.0},{"not_picked":["Cloak And Dagger","Outmaneuver"],"picked":"Deadly Poison","floor":8.0},{"not_picked":["Sucker Punch","Dagger Spray"],"picked":"Deadly Poison","floor":12.0},{"not_picked":["Dagger Throw","Slice"],"picked":"Backstab","floor":14.0},{"not_picked":["After Image","Storm of Steel"],"picked":"Bullet Time","floor":16.0},{"not_picked":["Dodge and Roll+1","Acrobatics","Dagger Spray+1"],"picked":"SKIP","floor":18.0},{"not_picked":["Sucker Punch+1","All Out Attack+1"],"picked":"PiercingWail","floor":19.0},{"not_picked":["Eviscerate","Dagger Throw","Predator+1"],"picked":"SKIP","floor":21}],"player_experience":436333,"relics_obtained":[{"floor":7.0,"key":"StoneCalendar"},{"floor":12.0,"key":"Regal Pillow"}],"event_choices":[{"damage_healed":0.0,"max_hp_gain":0.0,"max_hp_loss":0.0,"gold_gain":0.0,"event_name":"Shining Light","player_choice":"Entered Light","floor":5.0,"gold_loss":0.0,"damage_taken":14.0,"cards_upgraded":["Outmaneuver","Strike_G"]},{"damage_healed":0.0,"max_hp_gain":0.0,"max_hp_loss":0.0,"gold_gain":0.0,"event_name":"Accursed Blacksmith","player_choice":"Forge","floor":11.0,"gold_loss":0.0,"damage_taken":0.0,"cards_upgraded":["Backstab"]}],"is_beta":false,"boss_relics":[{"not_picked":["Astrolabe","Sozu"],"picked":"Runic Pyramid"}],"items_purged_floors":[],"is_endless":false,"potions_floor_spawned":[2,4,14,16,21],"killed_by":"Centurion and Healer","ascension_level":2}