{"path_per_floor":["M","T","M","?","M","R","$","?","T","E","?","?","M","M","R","B",null,"M","?","M"],"character_chosen":"DEFECT","items_purchased":["Juzu Bracelet"],"gold_per_floor":[117,142,158,158,172,172,24,24,24,50,50,79,89,105,105,210,210,220,220,231,771],"floor_reached":21,"campfire_rested":0,"playtime":1791,"current_hp_per_floor":[75,75,75,68,68,68,68,68,68,67,52,39,35,32,32,29,75,73,57,50,0],"items_purged":[],"gold":771,"score":179,"play_id":"e60fcd98-fd55-41e3-8b37-2965a1cd5752","local_time":"20180509171357","is_prod":false,"is_daily":false,"chose_seed":false,"is_ascension_mode":false,"campfire_upgraded":2,"timestamp":1525900437,"path_taken":["M","?","M","?","?","R","$","?","T","E","?","?","M","M","R","BOSS","M","?","M","?"],"build_version":"2018-05-08","seed_source_timestamp":2282257906376,"purchased_purges":0,"victory":false,"master_deck":["Strike_B+1","Defend_B","Defend_B","Defend_B+1","Defend_B+1","Zap+1","Dualcast","Leap","Glacier+1","Darkness+1","Hello World","BootSequence","Skim","Buffer","Stack","Machine Learning","Storm","Skim","Leap","Coolheaded","Aggregate","Conserve Battery","Reprogram"],"max_hp_per_floor":[75,75,75,75,75,75,75,75,75,75,75,75,75,75,75,75,75,75,75,75,75],"relics":["Cracked Core","Pen Nib","Juzu Bracelet","War Paint","Bag of Marbles","Odd Mushroom","Orrery","Enchiridion"],"card_choices":[{"not_picked":["Coolheaded","Capacitor"],"picked":"Glacier","floor":1},{"not_picked":["Turbo","Reprogram"],"picked":"Darkness","floor":3},{"not_picked":["Beam Cell","Streamline"],"picked":"Hello World","floor":5},{"not_picked":["Hologram","Rip and Tear"],"picked":"Skim","floor":10},{"not_picked":["Cold Snap","Steam Power"],"picked":"Buffer","floor":12},{"not_picked":["Tempest","Steam"],"picked":"Stack","floor":13},{"not_picked":["Biased Cognition","Reboot"],"picked":"Machine Learning","floor":16},{"not_picked":["Steam","Go for the Eyes"],"picked":"Storm","floor":17},{"not_picked":["Scrape","Rebound"],"picked":"Skim","floor":17},{"not_picked":["Axe Kick","Cold Snap"],"picked":"Leap","floor":17},{"not_picked":["Axe Kick","Streamline"],"picked":"Coolheaded","floor":17},{"not_picked":["Skim","Beam Cell"],"picked":"Aggregate","floor":17},{"not_picked":["Beam Cell","Go for the Eyes"],"picked":"Conserve Battery","floor":18},{"not_picked":["Stack","Leap"],"picked":"Reprogram","floor":20}],"player_experience":14110,"potions_floor_usage":[16],"damage_taken":[{"damage":0,"enemies":"Cultist","floor":1,"turns":3},{"damage":0,"enemies":"Small Slimes","floor":3,"turns":3},{"damage":0,"enemies":"2 Louse","floor":5,"turns":4},{"damage":1,"enemies":"3 Sentries","floor":10,"turns":6},{"damage":13,"enemies":"The Mushroom Lair","floor":12,"turns":3},{"damage":4,"enemies":"Gremlin Gang","floor":13,"turns":4},{"damage":3,"enemies":"Lots of Slimes","floor":14,"turns":6},{"damage":3,"enemies":"Slime Boss","floor":16,"turns":13},{"damage":2,"enemies":"Chosen","floor":18,"turns":7},{"damage":7,"enemies":"2 Thieves","floor":20,"turns":5}],"event_choices":[{"event_name":"Golden Wing","player_choice":"Card Removal","floor":4,"damage_taken":0},{"event_name":"Living Wall","player_choice":"Change","floor":8,"damage_taken":0},{"event_name":"Shining Light","player_choice":"Entered Light","floor":11,"damage_taken":0},{"event_name":"Mushrooms","player_choice":"Fought Mushrooms","floor":12,"damage_taken":0},{"event_name":"Cursed Tome","player_choice":"Obtained Book","floor":19,"damage_taken":0}],"boss_relics":[{"not_picked":["Runic Dome","Ectoplasm"],"picked":"Orrery"}],"potions_floor_spawned":[1,3,20],"seed_played":"6456765068288837079","ascension_level":0,"is_trial":false}