{"gold_per_floor":[114,128,142,155,155,182,199,209,209,209,226,255,255,183,183,286,286,306,221,17,32,47,47,76,76,101,101,101,101],"floor_reached":29,"playtime":1281,"items_purged":[],"score":255,"play_id":"ae24082d-07f3-46ae-b54d-99e0345f06c7","local_time":"20190509231042","is_ascension_mode":false,"campfire_choices":[{"floor":10,"key":"RECALL"},{"floor":13,"key":"REST"},{"data":"Gash","floor":15,"key":"SMITH"},{"data":"Defragment","floor":23,"key":"SMITH"},{"floor":25,"key":"REST"},{"data":"All For One","floor":27,"key":"SMITH"}],"neow_cost":"NONE","seed_source_timestamp":272557719074587,"circlet_count":0,"master_deck":["Strike_B","Strike_B","Strike_B","Defend_B","Defend_B","Defend_B","Defend_B","Zap","Dualcast","Gash+1","Chill","Cold Snap","Go for the Eyes","Auto Shields","Recycle","Rebound","Melter","Gash","Defragment+1","All For One+1","Self Repair+1","Barrage","Redo","Stack"],"relics":["Cracked Core","NeowsBlessing","Orichalcum","Ginger","Inserter","The Courier","Symbiotic Virus","Frozen Egg 2","Omamori"],"potions_floor_usage":[7,12,12,16,18,22],"damage_taken":[{"damage":0,"enemies":"Jaw Worm","floor":1,"turns":1},{"damage":0,"enemies":"Cultist","floor":2,"turns":1},{"damage":0,"enemies":"Small Slimes","floor":3,"turns":1},{"damage":6,"enemies":"Looter","floor":4,"turns":3},{"damage":27,"enemies":"Lagavulin","floor":6,"turns":7},{"damage":0,"enemies":"Exordium Wildlife","floor":7,"turns":3},{"damage":1,"enemies":"2 Fungi Beasts","floor":8,"turns":4},{"damage":2,"enemies":"Looter","floor":11,"turns":3},{"damage":6,"enemies":"Gremlin Nob","floor":12,"turns":5},{"damage":46,"enemies":"The Guardian","floor":16,"turns":13},{"damage":3,"enemies":"Spheric Guardian","floor":18,"turns":3},{"damage":4,"enemies":"Chosen","floor":21,"turns":5},{"damage":35,"enemies":"3 Cultists","floor":22,"turns":6},{"damage":37,"enemies":"Slavers","floor":24,"turns":8},{"damage":45,"enemies":"Book of Stabbing","floor":29,"turns":7}],"seed_played":"-3145715591160132173","potions_obtained":[{"floor":4,"key":"Explosive Potion"},{"floor":6,"key":"EssenceOfSteel"},{"floor":7,"key":"Dexterity Potion"},{"floor":11,"key":"SteroidPotion"},{"floor":16,"key":"Energy Potion"},{"floor":18,"key":"PowerPotion"}],"is_trial":false,"path_per_floor":["M","M","M","M","?","E","M","M","T","R","M","E","R","$","R","B",null,"M","?","$","M","M","R","E","R","T","R","?","E"],"character_chosen":"DEFECT","items_purchased":["Defragment","Symbiotic Virus"],"campfire_rested":2,"item_purchase_floors":[14,20],"current_hp_per_floor":[75,75,75,69,69,42,42,41,41,41,39,33,55,55,55,9,75,72,72,72,75,50,50,23,45,45,45,45,0],"gold":101,"neow_bonus":"THREE_ENEMY_KILL","is_prod":false,"is_daily":false,"chose_seed":false,"campfire_upgraded":3,"win_rate":0,"timestamp":1557457842,"path_taken":["M","M","M","M","?","E","M","M","T","R","?","E","R","$","R","BOSS","M","?","$","M","M","R","E","R","T","R","?","E"],"build_version":"2019-01-23","purchased_purges":0,"victory":false,"max_hp_per_floor":[75,75,75,75,75,75,75,75,75,75,75,75,75,75,75,75,75,75,75,75,75,75,75,75,75,75,75,75,75],"card_choices":[{"not_picked":["Go for the Eyes","Melter"],"picked":"Gash","floor":1},{"not_picked":["Streamline","Redo"],"picked":"Chill","floor":2},{"not_picked":["Skim","Ball Lightning"],"picked":"Cold Snap","floor":3},{"not_picked":["Chill","Darkness"],"picked":"Go for the Eyes","floor":4},{"not_picked":["Chaos","Redo"],"picked":"Auto Shields","floor":6},{"not_picked":["Rainbow","Conserve Battery"],"picked":"Recycle","floor":7},{"not_picked":["Steam Power","Barrage"],"picked":"Rebound","floor":8},{"not_picked":["Leap","Cold Snap"],"picked":"Melter","floor":11},{"not_picked":["Barrage","Glacier"],"picked":"Gash","floor":12},{"not_picked":["Hyperbeam","Amplify"],"picked":"All For One","floor":16},{"not_picked":["Streamline+1","Compile Driver+1"],"picked":"Self Repair+1","floor":18},{"not_picked":["Loop","Chaos"],"picked":"Barrage","floor":21},{"not_picked":["Beam Cell","FTL"],"picked":"Redo","floor":22},{"not_picked":["Sweeping Beam","Reinforced Body"],"picked":"Stack","floor":24}],"player_experience":327562,"relics_obtained":[{"floor":6,"key":"Orichalcum"},{"floor":12,"key":"Ginger"},{"floor":24,"key":"Frozen Egg 2"},{"floor":26,"key":"Omamori"}],"event_choices":[{"cards_removed":["Strike_B"],"damage_healed":0,"gold_gain":0,"player_choice":"Offered Basic","damage_taken":0,"max_hp_gain":0,"max_hp_loss":0,"event_name":"Bonfire Elementals","floor":5,"gold_loss":0},{"damage_healed":0,"gold_gain":0,"player_choice":"Obtained Relic","damage_taken":0,"relics_obtained":["The Courier"],"max_hp_gain":0,"max_hp_loss":0,"event_name":"Addict","floor":19,"gold_loss":85},{"damage_healed":0,"gold_gain":0,"player_choice":"Ignored","damage_taken":0,"max_hp_gain":0,"max_hp_loss":0,"event_name":"Vampires","floor":28,"gold_loss":0}],"is_beta":false,"boss_relics":[{"not_picked":["Empty Cage","White Beast Statue"],"picked":"Inserter"}],"items_purged_floors":[],"is_endless":false,"potions_floor_spawned":[4,6,7,11,16,18],"killed_by":"Book of Stabbing","ascension_level":0}