{"gold_per_floor":[110,127,127,142,155,155,167,167,167,167,182,182,197,217,217,292,292,311,329,346,346,356,356,631,641,718,718],"floor_reached":27,"playtime":1035,"items_purged":[],"score":380,"play_id":"49aa7b2d-a73b-459c-a9df-55083b6ec0f0","local_time":"20190126094310","is_ascension_mode":true,"campfire_choices":[{"data":"Armaments","floor":6.0,"key":"SMITH"},{"data":"Juggernaut","floor":10.0,"key":"SMITH"},{"data":"Shockwave","floor":15.0,"key":"SMITH"},{"floor":23,"key":"REST"}],"neow_cost":"NONE","seed_source_timestamp":169006890071179,"circlet_count":0,"master_deck":["AscendersBane","Strike_R","Strike_R","Strike_R","Strike_R","Defend_R","Defend_R","Defend_R","Defend_R","Bash","Shockwave+1","Dropkick","Pommel Strike","Armaments+1","Juggernaut+1","Shrug It Off","Intimidate","Headbutt","Reaper","Perfected Strike+1","Regret","Battle Trance+1"],"special_seed":0,"relics":["Burning Blood","Mercury Hourglass","Turnip","Runic Cube","Tiny Chest"],"potions_floor_usage":[19,20,22],"damage_taken":[{"damage":9.0,"enemies":"2 Louse","floor":1.0,"turns":5.0},{"damage":4.0,"enemies":"Small Slimes","floor":2.0,"turns":3.0},{"damage":1.0,"enemies":"Cultist","floor":4.0,"turns":3.0},{"damage":6.0,"enemies":"Looter","floor":5.0,"turns":3.0},{"damage":7.0,"enemies":"Red Slaver","floor":7.0,"turns":4.0},{"damage":14.0,"enemies":"Lots of Slimes","floor":11.0,"turns":3.0},{"damage":0.0,"enemies":"3 Louse","floor":13.0,"turns":2.0},{"damage":0.0,"enemies":"Large Slime","floor":14.0,"turns":6.0},{"damage":15,"enemies":"The Guardian","floor":16,"turns":10},{"damage":21,"enemies":"Spheric Guardian","floor":18,"turns":7},{"damage":29,"enemies":"3 Byrds","floor":19,"turns":6},{"damage":24,"enemies":"Snecko","floor":20,"turns":6},{"damage":26,"enemies":"Snake Plant","floor":22,"turns":4},{"damage":24,"enemies":"Centurion and Healer","floor":25,"turns":8},{"damage":0,"enemies":"Book of Stabbing","floor":27,"turns":1}],"seed_played":"-96473400506232674","potions_obtained":[{"floor":4.0,"key":"Ancient Potion"},{"floor":5.0,"key":"GamblersBrew"},{"floor":19,"key":"SteroidPotion"},{"floor":20,"key":"Energy Potion"}],"is_trial":false,"path_per_floor":["M","M","?","M","M","R","M","?","T","R","M","?","M","M","R","B",null,"M","M","M","?","M","R","?","M","T","E"],"character_chosen":"IRONCLAD","items_purchased":[],"campfire_rested":1,"item_purchase_floors":[],"current_hp_per_floor":[72,74,63,68,68,68,67,72,72,72,64,64,70,76,76,67,82,67,50,32,32,12,38,38,25,25,25],"gold":718,"neow_bonus":"TEN_PERCENT_HP_BONUS","is_prod":false,"is_daily":false,"chose_seed":false,"campfire_upgraded":3,"win_rate":0,"timestamp":1548513790,"path_taken":["M","M","?","M","M","R","M","?","T","R","M","?","M","M","R","BOSS","M","M","M","?","M","R","?","?","T","E"],"build_version":"2019-01-23","purchased_purges":0,"victory":false,"max_hp_per_floor":[82,82,82,82,82,82,82,87,87,87,87,87,87,87,87,87,87,87,87,87,87,87,87,87,87,87,87],"card_choices":[{"not_picked":["Clash","Anger"],"picked":"Shockwave","floor":1.0},{"not_picked":["Warcry","Pommel Strike"],"picked":"Dropkick","floor":2.0},{"not_picked":["Infernal Blade","Thunderclap"],"picked":"Pommel Strike","floor":4.0},{"not_picked":["Entrench","Uppercut"],"picked":"Armaments","floor":5.0},{"not_picked":["Flex","Rampage"],"picked":"Juggernaut","floor":7.0},{"not_picked":["Armaments","Whirlwind"],"picked":"Shrug It Off","floor":11.0},{"not_picked":["Inflame","Sentinel"],"picked":"Intimidate","floor":13.0},{"not_picked":["Rupture","Burning Pact"],"picked":"Headbutt","floor":14.0},{"not_picked":["Dark Embrace","Brutality"],"picked":"Reaper","floor":16},{"not_picked":["Cleave","Havoc","Clothesline"],"picked":"SKIP","floor":18},{"not_picked":["Warcry","Burning Pact","Havoc"],"picked":"SKIP","floor":19},{"not_picked":["Heavy Blade","Second Wind"],"picked":"Perfected Strike+1","floor":20},{"not_picked":["Thunderclap+1","Anger","Rampage"],"picked":"SKIP","floor":22},{"not_picked":["Intimidate","Clash"],"picked":"Battle Trance+1","floor":25}],"player_experience":864990,"relics_obtained":[{"floor":9.0,"key":"Turnip"},{"floor":26,"key":"Tiny Chest"}],"event_choices":[{"damage_healed":0.0,"max_hp_gain":0.0,"max_hp_loss":0.0,"gold_gain":0.0,"event_name":"Scrap Ooze","player_choice":"Success","floor":3.0,"gold_loss":0.0,"damage_taken":11.0,"relics_obtained":["Mercury Hourglass"]},{"damage_healed":0.0,"max_hp_gain":5.0,"max_hp_loss":0.0,"gold_gain":0.0,"event_name":"Big Fish","player_choice":"Donut","floor":8.0,"gold_loss":0.0,"damage_taken":0.0},{"cards_removed":["Strike_R"],"damage_healed":0.0,"max_hp_gain":0.0,"max_hp_loss":0.0,"gold_gain":0.0,"event_name":"Wheel of Change","player_choice":"Card Removal","floor":12.0,"gold_loss":0.0,"damage_taken":0.0},{"damage_healed":0,"gold_gain":0,"player_choice":"Ignored","damage_taken":0,"max_hp_gain":0,"max_hp_loss":0,"event_name":"Ghosts","floor":21,"gold_loss":0},{"damage_healed":0,"gold_gain":275,"player_choice":"Desecrate","damage_taken":0,"max_hp_gain":0,"max_hp_loss":0,"event_name":"Golden Shrine","floor":24,"gold_loss":0,"cards_obtained":["Regret"]}],"is_beta":true,"boss_relics":[{"not_picked":["Philosopher\u0027s Stone","Tiny House"],"picked":"Runic Cube"}],"items_purged_floors":[],"is_endless":false,"potions_floor_spawned":[4,5,7,11,16,19,20],"killed_by":"Book of Stabbing","ascension_level":16}