{"gold_per_floor":[110,121,133,152,152,187,187,201,227,227,244,262,337,372,372,467,467,477,477],"floor_reached":19,"playtime":1337,"items_purged":[],"score":181,"play_id":"43528418-2002-4629-99a5-a3ed28289edf","local_time":"20190209123203","is_ascension_mode":false,"campfire_choices":[{"floor":7,"key":"REST"},{"data":"Anger","floor":15,"key":"SMITH"}],"neow_cost":"NONE","seed_source_timestamp":145098595076316,"circlet_count":0,"master_deck":["Strike_R","Strike_R","Strike_R","Strike_R","Strike_R+1","Defend_R","Defend_R","Defend_R","Defend_R","Bash+1","Evolve","Body Slam","Anger+1","Intimidate","Double Tap","Inflame","Fire Breathing","Intimidate","Sever Soul","Berserk","Body Slam+1"],"relics":["Burning Blood","NeowsBlessing","Dead Branch","Omamori","Bag of Preparation","Fusion Hammer"],"potions_floor_usage":[4,14,16,16,16,19],"damage_taken":[{"damage":0,"enemies":"Cultist","floor":1,"turns":1},{"damage":0,"enemies":"Small Slimes","floor":2,"turns":1},{"damage":0,"enemies":"Jaw Worm","floor":3,"turns":1},{"damage":10,"enemies":"Large Slime","floor":4,"turns":7},{"damage":31,"enemies":"Lagavulin","floor":6,"turns":6},{"damage":6,"enemies":"Exordium Thugs","floor":8,"turns":4},{"damage":4,"enemies":"3 Louse","floor":11,"turns":4},{"damage":7,"enemies":"Looter","floor":12,"turns":3},{"damage":14,"enemies":"Gremlin Nob","floor":14,"turns":3},{"damage":52,"enemies":"Slime Boss","floor":16,"turns":12},{"damage":24,"enemies":"Shell Parasite","floor":18,"turns":4},{"damage":34,"enemies":"Colosseum Slavers","floor":19,"turns":4},{"damage":46,"enemies":"Colosseum Nobs","floor":19,"turns":4}],"seed_played":"6501609351412737036","potions_obtained":[{"floor":2,"key":"Swift Potion"},{"floor":6,"key":"Explosive Potion"},{"floor":8,"key":"AttackPotion"},{"floor":12,"key":"FearPotion"},{"floor":14,"key":"FearPotion"},{"floor":16,"key":"BloodPotion"}],"is_trial":false,"path_per_floor":["M","M","M","M","?","E","R","M","T","?","M","M","?","E","R","B",null,"M","?"],"character_chosen":"IRONCLAD","items_purchased":[],"campfire_rested":1,"item_purchase_floors":[],"current_hp_per_floor":[80,80,80,76,60,35,59,59,59,79,80,79,68,60,60,14,80,62,0],"gold":477,"neow_bonus":"THREE_ENEMY_KILL","is_prod":false,"is_daily":false,"chose_seed":false,"campfire_upgraded":1,"win_rate":0,"timestamp":1549733523,"path_taken":["M","M","?","M","?","E","R","M","T","?","M","M","?","E","R","BOSS","M","?"],"build_version":"2019-01-23","purchased_purges":0,"victory":false,"max_hp_per_floor":[80,80,80,80,80,80,80,80,80,80,80,80,80,80,80,80,80,80,80],"card_choices":[{"not_picked":["Warcry","Armaments"],"picked":"Evolve","floor":1},{"not_picked":["Combust","Power Through"],"picked":"Body Slam","floor":2},{"not_picked":["Thunderclap","Body Slam"],"picked":"Anger","floor":3},{"not_picked":["Pommel Strike","Thunderclap"],"picked":"Intimidate","floor":4},{"not_picked":["Rampage","Carnage"],"picked":"Double Tap","floor":6},{"not_picked":["Sever Soul","Uppercut"],"picked":"Inflame","floor":8},{"not_picked":["Wild Strike","Warcry"],"picked":"Fire Breathing","floor":11},{"not_picked":["Wild Strike","Clothesline"],"picked":"Intimidate","floor":12},{"not_picked":["Heavy Blade","Reckless Charge"],"picked":"Sever Soul","floor":14},{"not_picked":["Brutality","Exhume"],"picked":"Berserk","floor":16},{"not_picked":["Entrench","Pommel Strike"],"picked":"Body Slam+1","floor":18}],"player_experience":199177,"relics_obtained":[{"floor":6,"key":"Dead Branch"},{"floor":9,"key":"Omamori"},{"floor":14,"key":"Bag of Preparation"}],"event_choices":[{"damage_healed":0,"gold_gain":0,"player_choice":"Entered Light","damage_taken":16,"max_hp_gain":0,"max_hp_loss":0,"event_name":"Shining Light","floor":5,"gold_loss":0,"cards_upgraded":["Strike_R","Bash"]},{"damage_healed":20,"gold_gain":0,"player_choice":"Healed and dodged fight","damage_taken":0,"max_hp_gain":0,"max_hp_loss":0,"event_name":"Mushrooms","floor":10,"gold_loss":0,"cards_obtained":["Parasite"]},{"damage_healed":0,"gold_gain":75,"player_choice":"Gather Gold","damage_taken":11,"max_hp_gain":0,"max_hp_loss":0,"event_name":"World of Goop","floor":13,"gold_loss":0},{"damage_healed":0,"gold_gain":0,"player_choice":"Fight","damage_taken":0,"max_hp_gain":0,"max_hp_loss":0,"event_name":"Colosseum","floor":19,"gold_loss":0},{"damage_healed":0,"gold_gain":0,"player_choice":"Fought Nobs","damage_taken":0,"max_hp_gain":0,"max_hp_loss":0,"event_name":"Colosseum","floor":19,"gold_loss":0}],"is_beta":false,"boss_relics":[{"not_picked":["Black Blood","Mark of Pain"],"picked":"Fusion Hammer"}],"items_purged_floors":[],"is_endless":false,"potions_floor_spawned":[2,6,8,12,14,16],"killed_by":"Colosseum Nobs","ascension_level":0}