{"gold_per_floor":[119,131,149,162,181,181,210,223,223,223,223,398,413,15,15,15],"floor_reached":16,"playtime":1017,"items_purged":["Doubt"],"score":104,"play_id":"b2384e5d-a520-4184-800f-7001556616e8","local_time":"20190223182708","is_ascension_mode":false,"campfire_choices":[{"data":"Phantasmal Killer","floor":6,"key":"SMITH"},{"floor":10,"key":"REST"},{"data":"Panache","floor":15,"key":"SMITH"}],"neow_cost":"NONE","seed_source_timestamp":690150701971726,"circlet_count":0,"master_deck":["Defend_G","Defend_G","Defend_G","Defend_G","Defend_G","Strike_G","Strike_G","Strike_G","Strike_G","Strike_G","Survivor","Neutralize","Underhanded Strike","Underhanded Strike","PiercingWail","Blade Dance","Phantasmal Killer+1","Riddle With Holes","Quick Slash","Injury","PiercingWail","Panache+1"],"relics":["Ring of the Snake","Lantern","Blood Vial","Tough Bandages","Golden Idol","Oddly Smooth Stone"],"potions_floor_usage":[5,7,7],"damage_taken":[{"damage":1,"enemies":"Cultist","floor":1,"turns":4},{"damage":0,"enemies":"Small Slimes","floor":2,"turns":4},{"damage":0,"enemies":"2 Louse","floor":3,"turns":4},{"damage":0,"enemies":"2 Fungi Beasts","floor":4,"turns":4},{"damage":14,"enemies":"Exordium Thugs","floor":5,"turns":7},{"damage":39,"enemies":"Lagavulin","floor":7,"turns":8},{"damage":2,"enemies":"Looter","floor":8,"turns":4},{"damage":3,"enemies":"Red Slaver","floor":13,"turns":5},{"damage":54,"enemies":"Hexaghost","floor":16,"turns":15}],"seed_played":"3712347198903878988","potions_obtained":[{"floor":2,"key":"Block Potion"},{"floor":4,"key":"Regen Potion"},{"floor":5,"key":"SkillPotion"}],"is_trial":false,"path_per_floor":["M","M","M","M","M","R","E","M","T","R","?","?","M","$","R","B"],"character_chosen":"THE_SILENT","items_purchased":["Oddly Smooth Stone","Panache"],"campfire_rested":1,"item_purchase_floors":[14,14],"current_hp_per_floor":[69,69,69,69,55,55,31,31,31,52,52,52,51,51,51,0],"gold":15,"neow_bonus":"RANDOM_COMMON_RELIC","is_prod":false,"is_daily":false,"chose_seed":false,"campfire_upgraded":2,"win_rate":0,"timestamp":1550964428,"path_taken":["M","M","M","M","?","R","E","M","T","R","?","?","M","$","R","BOSS"],"build_version":"2019-01-23","purchased_purges":1,"victory":false,"max_hp_per_floor":[70,70,70,70,70,70,70,70,70,70,70,70,70,70,70,70],"card_choices":[{"not_picked":["Blade Dance","Concentrate"],"picked":"Underhanded Strike","floor":1},{"not_picked":["Catalyst","Slice"],"picked":"Underhanded Strike","floor":2},{"not_picked":["Bane","Tactician"],"picked":"PiercingWail","floor":3},{"not_picked":["Dagger Spray","Blur"],"picked":"Blade Dance","floor":4},{"not_picked":["Deadly Poison","Acrobatics"],"picked":"Phantasmal Killer","floor":5},{"not_picked":["Well Laid Plans","Bane"],"picked":"Riddle With Holes","floor":7},{"not_picked":["Deadly Poison","PiercingWail"],"picked":"Quick Slash","floor":8},{"not_picked":["Quick Slash","Heel Hook"],"picked":"PiercingWail","floor":13}],"player_experience":255929,"relics_obtained":[{"floor":7,"key":"Blood Vial"},{"floor":9,"key":"Tough Bandages"}],"event_choices":[{"damage_healed":0,"gold_gain":0,"player_choice":"Take Wound","damage_taken":0,"relics_obtained":["Golden Idol"],"max_hp_gain":0,"max_hp_loss":0,"event_name":"Golden Idol","floor":11,"gold_loss":0,"cards_obtained":["Injury"]},{"damage_healed":0,"gold_gain":175,"player_choice":"AGREE","damage_taken":0,"max_hp_gain":0,"max_hp_loss":0,"event_name":"Liars Game","floor":12,"gold_loss":0,"cards_obtained":["Doubt"]}],"is_beta":false,"boss_relics":[],"items_purged_floors":[14],"is_endless":false,"potions_floor_spawned":[2,4,5],"killed_by":"Hexaghost","ascension_level":0}