{"gold_per_floor":[113,188,288,234,244,271,24,42,65,100,119,119,20,45,57,69],"floor_reached":16,"playtime":824,"items_purged":[],"score":118,"play_id":"5ebf8630-690d-46b5-b41e-edfd06a7de64","local_time":"20180918221626","is_ascension_mode":false,"campfire_choices":[{"floor":12,"key":"REST"},{"data":"Flex","floor":15,"key":"SMITH"}],"neow_cost":"","seed_source_timestamp":651607446546375,"circlet_count":0,"master_deck":["Strike_R","Strike_R","Strike_R","Strike_R","Strike_R","Defend_R","Defend_R","Defend_R","Defend_R","Bash","Inflame","Perfected Strike","Pommel Strike","Inflame","Perfected Strike","Flex+1","Pommel Strike","Metallicize","Wild Strike"],"relics":["Burning Blood","Bag of Preparation","Pantograph","Happy Flower","Bottled Tornado","MawBank"],"potions_floor_usage":[14],"damage_taken":[{"damage":9,"enemies":"Small Slimes","floor":1,"turns":5},{"damage":1,"enemies":"Cultist","floor":5,"turns":3},{"damage":39,"enemies":"Lagavulin","floor":6,"turns":6},{"damage":1,"enemies":"Jaw Worm","floor":8,"turns":3},{"damage":22,"enemies":"Gremlin Nob","floor":10,"turns":4},{"damage":13,"enemies":"Gremlin Gang","floor":11,"turns":3},{"damage":23,"enemies":"Lagavulin","floor":14,"turns":4},{"damage":52,"enemies":"The Guardian","floor":16,"turns":7}],"seed_played":"4300923530966387017","potions_obtained":[{"floor":8,"key":"Explosive Potion"},{"floor":10,"key":"Weak Potion"},{"floor":14,"key":"Ancient Potion"}],"is_trial":false,"path_per_floor":["M","?","?","$","M","E","$","M","T","E","M","R","$","E","R"],"character_chosen":"IRONCLAD","items_purchased":["Perfected Strike","Pantograph","Metallicize","Wild Strike"],"campfire_rested":1,"item_purchase_floors":[4,7,13,13],"current_hp_per_floor":[77,66,66,66,71,38,38,43,43,27,20,44,44,27,27,0],"gold":69,"neow_bonus":"","is_prod":false,"is_daily":false,"chose_seed":false,"campfire_upgraded":1,"win_rate":0.0,"timestamp":1537326986,"path_taken":["M","?","?","$","M","E","$","M","T","E","?","R","?","E","R","BOSS"],"build_version":"2018-09-06","purchased_purges":0,"victory":false,"max_hp_per_floor":[80,80,80,80,80,80,80,80,80,80,80,80,80,80,80,80],"card_choices":[{"not_picked":["Shrug It Off","Ghostly Armor"],"picked":"Inflame","floor":1},{"not_picked":["Iron Wave","Combust"],"picked":"Pommel Strike","floor":5},{"not_picked":["Dark Embrace","Spot Weakness"],"picked":"Inflame","floor":6},{"not_picked":["Armaments","Shrug It Off"],"picked":"Perfected Strike","floor":8},{"not_picked":["Flame Barrier","Juggernaut"],"picked":"Flex","floor":10},{"not_picked":["Corruption","Cleave"],"picked":"Pommel Strike","floor":11},{"not_picked":["Spot Weakness","Hemokinesis","Body Slam"],"picked":"SKIP","floor":14}],"player_experience":36355,"relics_obtained":[{"floor":6,"key":"Bag of Preparation"},{"floor":9,"key":"Happy Flower"},{"floor":10,"key":"Bottled Tornado"},{"floor":14,"key":"MawBank"}],"event_choices":[{"event_name":"World of Goop","player_choice":"Gather Gold","floor":2,"damage_taken":0},{"event_name":"Golden Shrine","player_choice":"Pray","floor":3,"damage_taken":0}],"is_beta":false,"boss_relics":[],"items_purged_floors":[],"is_endless":false,"potions_floor_spawned":[8,10,14],"killed_by":"The Guardian","ascension_level":0}