{"gold_per_floor":[111,111,261,261,336,336,375,375,375,375,123,148,59,82,82,177,177,196,221,221,237,237,287,123,123,123,123,144,144],"floor_reached":29,"playtime":720,"items_purged":[],"score":476,"play_id":"a0658703-0a17-4e70-935a-4dfdcbc5f709","local_time":"20190301143819","is_ascension_mode":true,"campfire_choices":[{"data":"Bash","floor":6.0,"key":"SMITH"},{"data":"Battle Trance","floor":8.0,"key":"SMITH"},{"floor":10.0,"key":"REST"},{"data":"Spot Weakness","floor":15.0,"key":"SMITH"},{"floor":25.0,"key":"REST"}],"neow_cost":"NONE","seed_source_timestamp":1360437331430621,"circlet_count":0,"master_deck":["AscendersBane","Strike_R+1","Strike_R+1","Defend_R","Defend_R","Defend_R","Defend_R","Bash+1","Feel No Pain","Battle Trance+1","Fire Breathing","Flex","Bludgeon","Spot Weakness+1","Barricade+1","Uppercut+1","Hemokinesis+1","Sword Boomerang+1","Iron Wave+1","Pummel","Armaments","Armaments"],"special_seed":0,"relics":["Burning Blood","NeowsBlessing","Golden Idol","Whetstone","Dodecahedron","Vajra","Astrolabe","Juzu Bracelet","Dream Catcher","Incense Burner"],"potions_floor_usage":[28,29],"damage_taken":[{"damage":0.0,"enemies":"Jaw Worm","floor":1.0,"turns":1.0},{"damage":0.0,"enemies":"3 Sentries","floor":7.0,"turns":1.0},{"damage":0.0,"enemies":"2 Louse","floor":12.0,"turns":1.0},{"damage":6.0,"enemies":"Small Slimes","floor":14.0,"turns":3.0},{"damage":59.0,"enemies":"Hexaghost","floor":16.0,"turns":6.0},{"damage":6.0,"enemies":"Chosen","floor":18.0,"turns":2.0},{"damage":36.0,"enemies":"2 Thieves","floor":19.0,"turns":3.0},{"damage":22.0,"enemies":"Centurion and Healer","floor":21.0,"turns":6.0},{"damage":37,"enemies":"Snake Plant","floor":28,"turns":4},{"damage":24,"enemies":"Slavers","floor":29,"turns":1}],"seed_played":"3605031427807186483","potions_obtained":[{"floor":1.0,"key":"Strength Potion"},{"floor":14.0,"key":"Poison Potion"},{"floor":18.0,"key":"Energy Potion"},{"floor":21.0,"key":"Regen Potion"}],"is_trial":false,"path_per_floor":["M","?","?","?","?","R","E","R","T","R","$","M","$","M","R","B",null,"M","M","?","M","?","?","$","R","T","?","M","E"],"character_chosen":"IRONCLAD","items_purchased":["Vajra","Fire Breathing","Bludgeon","Dream Catcher"],"campfire_rested":2,"item_purchase_floors":[11,11,13,24],"current_hp_per_floor":[74,48,48,48,37,37,43,43,43,65,65,71,71,71,71,18,61,61,31,31,15,15,15,15,37,37,37,18,0],"gold":144,"neow_bonus":"THREE_ENEMY_KILL","is_prod":false,"is_daily":false,"chose_seed":false,"campfire_upgraded":3,"win_rate":0,"timestamp":1551469099,"path_taken":["M","?","?","?","?","R","E","R","T","R","?","?","$","M","R","BOSS","M","M","?","M","?","?","$","R","T","?","M","E"],"build_version":"2019-02-06","purchased_purges":0,"victory":false,"max_hp_per_floor":[75,75,75,75,75,75,75,75,75,75,75,75,75,75,75,75,75,75,75,75,75,75,75,75,75,75,75,75,75],"card_choices":[{"not_picked":["Hemokinesis","Twin Strike"],"picked":"Feel No Pain","floor":1.0},{"not_picked":["Thunderclap","Iron Wave"],"picked":"Battle Trance","floor":7.0},{"not_picked":["Wild Strike","Twin Strike"],"picked":"Flex","floor":12.0},{"not_picked":["Rupture","Sentinel"],"picked":"Spot Weakness","floor":14.0},{"not_picked":["Double Tap","Immolate"],"picked":"Offering","floor":16.0},{"not_picked":["Twin Strike","Second Wind"],"picked":"Sword Boomerang+1","floor":18.0},{"not_picked":["Heavy Blade","Perfected Strike"],"picked":"Iron Wave+1","floor":19.0},{"not_picked":["Second Wind","Corruption"],"picked":"Pummel","floor":21.0},{"not_picked":["Flex","Clash"],"picked":"Armaments","floor":25.0},{"not_picked":["Sword Boomerang","Havoc"],"picked":"Armaments","floor":28}],"player_experience":1015474,"relics_obtained":[{"floor":7.0,"key":"Whetstone"},{"floor":9.0,"key":"Dodecahedron"},{"floor":26.0,"key":"Incense Burner"}],"event_choices":[{"damage_healed":0.0,"max_hp_gain":0.0,"max_hp_loss":0.0,"gold_gain":0.0,"event_name":"Golden Idol","player_choice":"Take Damage","floor":2.0,"gold_loss":0.0,"damage_taken":26.0,"relics_obtained":["Golden Idol"]},{"damage_healed":0.0,"max_hp_gain":0.0,"max_hp_loss":0.0,"gold_gain":150.0,"event_name":"Liars Game","player_choice":"AGREE","floor":3.0,"gold_loss":0.0,"damage_taken":0.0,"cards_obtained":["Doubt"]},{"cards_removed":["Doubt"],"damage_healed":0.0,"max_hp_gain":0.0,"max_hp_loss":0.0,"gold_gain":0.0,"event_name":"Living Wall","player_choice":"Forget","floor":4.0,"gold_loss":0.0,"damage_taken":0.0},{"damage_healed":0.0,"max_hp_gain":0.0,"max_hp_loss":0.0,"gold_gain":75.0,"event_name":"World of Goop","player_choice":"Gather Gold","floor":5.0,"gold_loss":0.0,"damage_taken":11.0},{"damage_healed":0.0,"max_hp_gain":0.0,"max_hp_loss":0.0,"gold_gain":0.0,"event_name":"Vampires","player_choice":"Ignored","floor":20.0,"gold_loss":0.0,"damage_taken":0.0},{"cards_removed":["Offering"],"damage_healed":0.0,"max_hp_gain":0.0,"max_hp_loss":0.0,"gold_gain":0.0,"event_name":"WeMeetAgain","player_choice":"Gave Card","floor":22.0,"gold_loss":0.0,"damage_taken":0.0,"relics_obtained":["Juzu Bracelet"]},{"damage_healed":0.0,"max_hp_gain":0.0,"max_hp_loss":0.0,"gold_gain":50.0,"event_name":"Nest","player_choice":"Stole From Cult","floor":23.0,"gold_loss":0.0,"damage_taken":0.0},{"damage_healed":0.0,"max_hp_gain":0.0,"max_hp_loss":0.0,"gold_gain":0.0,"event_name":"Ghosts","player_choice":"Ignored","floor":27.0,"gold_loss":0.0,"damage_taken":0.0}],"is_beta":true,"boss_relics":[{"not_picked":["Black Blood","Snecko Eye"],"picked":"Astrolabe"}],"items_purged_floors":[],"is_endless":false,"potions_floor_spawned":[1,14,18,21],"killed_by":"Slavers","ascension_level":19}