{"gold_per_floor":[16,191,207,230,230,230,250,261,261,277,305,230,249,249,249,347,397,417,427,427,437,437,437,452,24,24,50,50,78,91,101,101,202,202,215,315,315,315,6,6,6,23,23,43,53,53,64,64,64,64],"floor_reached":50,"playtime":4514,"items_purged":["Doubt","Strike_B"],"score":484,"play_id":"3a10528d-c932-4e80-bd0a-53a658dcd810","local_time":"20181110111730","is_ascension_mode":false,"campfire_choices":[{"data":"Loop","floor":6,"key":"SMITH"},{"data":"Conserve Battery","floor":15,"key":"SMITH"},{"data":"Leap","floor":23,"key":"SMITH"},{"floor":28,"key":"REST"},{"floor":32,"key":"REST"},{"data":"Amplify","floor":40,"key":"SMITH"},{"data":"Defragment","floor":41,"key":"SMITH"},{"floor":46,"key":"REST"},{"floor":49,"key":"RECALL"}],"neow_cost":"NO_GOLD","seed_source_timestamp":235409660982886,"circlet_count":0,"master_deck":["Strike_B","Strike_B","Strike_B","Defend_B","Defend_B","Defend_B+1","Defend_B+1","Zap","Dualcast","Loop+1","Cold Snap+1","Conserve Battery+1","Leap+1","Recycle","Coolheaded","Echo Form+1","White Noise","Amplify+1","White Noise","Defragment+1","Storm","Conserve Battery+1","Machine Learning","Madness","Madness","Buffer","White Noise+1","Capacitor","Panacea"],"relics":["Cracked Core","Pocketwatch","Potion Belt","Centennial Puzzle","Dodecahedron","War Paint","Tiny House","Bottled Lightning","Mummified Hand","Happy Flower","Letter Opener","Runic Pyramid","WingedGreaves","TheAbacus"],"potions_floor_usage":[16,27,29,29,29,30,42,50,50],"damage_taken":[{"damage":1,"enemies":"2 Louse","floor":1,"turns":2},{"damage":1,"enemies":"Jaw Worm","floor":3,"turns":5},{"damage":0,"enemies":"Cultist","floor":7,"turns":3},{"damage":21,"enemies":"Gremlin Gang","floor":8,"turns":5},{"damage":2,"enemies":"Blue Slaver","floor":10,"turns":4},{"damage":8,"enemies":"3 Sentries","floor":11,"turns":9},{"damage":9,"enemies":"Lots of Slimes","floor":13,"turns":4},{"damage":15,"enemies":"Hexaghost","floor":16,"turns":10},{"damage":0,"enemies":"Shell Parasite","floor":18,"turns":7},{"damage":0,"enemies":"Chosen","floor":19,"turns":6},{"damage":19,"enemies":"Centurion and Healer","floor":21,"turns":9},{"damage":9,"enemies":"Cultist and Chosen","floor":24,"turns":9},{"damage":32,"enemies":"Gremlin Leader","floor":27,"turns":7},{"damage":24,"enemies":"Slavers","floor":29,"turns":14},{"damage":13,"enemies":"Snecko","floor":30,"turns":5},{"damage":0,"enemies":"3 Cultists","floor":31,"turns":3},{"damage":8,"enemies":"Collector","floor":33,"turns":9},{"damage":9,"enemies":"3 Darklings","floor":35,"turns":5},{"damage":4,"enemies":"Mind Bloom Boss Battle","floor":36,"turns":7},{"damage":5,"enemies":"Orb Walker","floor":42,"turns":4},{"damage":20,"enemies":"Writhing Mass","floor":44,"turns":6},{"damage":18,"enemies":"4 Shapes","floor":45,"turns":3},{"damage":2,"enemies":"Maw","floor":47,"turns":7},{"damage":37,"enemies":"Awakened One","floor":50,"turns":3}],"seed_played":"639186659112969688","potions_obtained":[{"floor":3,"key":"PowerPotion"},{"floor":7,"key":"FearPotion"},{"floor":13,"key":"SteroidPotion"},{"floor":17,"key":"Fire Potion"},{"floor":27,"key":"PowerPotion"},{"floor":29,"key":"Poison Potion"},{"floor":30,"key":"FearPotion"},{"floor":31,"key":"Weak Potion"},{"floor":36,"key":"SpeedPotion"},{"floor":44,"key":"SpeedPotion"}],"is_trial":false,"path_per_floor":["M","?","M","T","?","R","M","M","T","M","E","$","M","?","R","B",null,"M","M","?","M","?","R","M","$","T","E","R","E","M","M","R","B",null,"M","?","?","?","$","R","R","M","T","M","M","R","M","?","R","B"],"character_chosen":"DEFECT","items_purchased":["White Noise","Bottled Lightning","SkillPotion","Dexterity Potion","TheAbacus"],"campfire_rested":3,"item_purchase_floors":[25,25,25,25,39],"current_hp_per_floor":[74,74,73,73,66,66,66,45,45,43,35,35,26,26,26,11,80,80,80,80,61,61,61,52,52,52,20,44,20,7,7,31,23,80,71,67,67,57,57,57,57,52,52,32,14,38,36,36,36,0],"gold":64,"neow_bonus":"ONE_RARE_RELIC","is_prod":false,"is_daily":false,"chose_seed":false,"campfire_upgraded":5,"win_rate":0,"timestamp":1541866650,"path_taken":["M","?","M","?","?","R","M","?","T","M","E","?","?","?","R","BOSS","M","?","?","M","?","R","M","$","T","E","R","E","M","M","R","BOSS","M","?","?","?","$","R","R","M","T","M","M","R","M","?","R","BOSS"],"build_version":"2018-11-08","purchased_purges":2,"victory":false,"max_hp_per_floor":[75,75,75,75,75,75,75,75,75,75,75,75,75,75,75,75,80,80,80,80,80,80,80,80,80,80,80,80,80,80,80,80,80,80,80,80,80,80,80,80,80,80,80,80,80,80,80,80,80,80],"card_choices":[{"not_picked":["Sweeping Beam","Chill"],"picked":"Loop","floor":1},{"not_picked":["FTL","Consume"],"picked":"Cold Snap","floor":3},{"not_picked":["Self Repair","Barrage"],"picked":"Conserve Battery","floor":7},{"not_picked":["Steam","Cold Snap"],"picked":"Leap","floor":8},{"not_picked":["Reprogram","Hologram","Leap"],"picked":"SKIP","floor":10},{"not_picked":["Consume","Stack"],"picked":"Recycle","floor":11},{"not_picked":["Capacitor","Barrage"],"picked":"Coolheaded","floor":13},{"not_picked":["Thunder Strike","Biased Cognition"],"picked":"Echo Form","floor":16},{"not_picked":["Leap","Hologram","Steam"],"picked":"SKIP","floor":18},{"not_picked":["Stack","Heatsinks","Ball Lightning"],"picked":"SKIP","floor":19},{"not_picked":["Steam+1","Barrage","Recycle"],"picked":"SKIP","floor":21},{"not_picked":["Redo","Cold Snap"],"picked":"Amplify","floor":24},{"not_picked":["Cold Snap","Turbo","Rebound"],"picked":"SKIP","floor":27},{"not_picked":["Compile Driver","Seek"],"picked":"Defragment","floor":29},{"not_picked":["Coolheaded","Ball Lightning"],"picked":"Storm","floor":30},{"not_picked":["Gash","Cold Snap+1"],"picked":"Conserve Battery+1","floor":31},{"not_picked":["Electrodynamics","Seek"],"picked":"Machine Learning","floor":33},{"not_picked":["Blizzard+1","Go for the Eyes","Double Energy"],"picked":"SKIP","floor":35},{"not_picked":["Go for the Eyes","Barrage+1"],"picked":"Buffer","floor":42},{"not_picked":["Barrage+1","Rebound+1","Hologram+1"],"picked":"SKIP","floor":44},{"not_picked":["Rip and Tear+1","Beam Cell+1"],"picked":"White Noise+1","floor":45},{"not_picked":["Skim","Go for the Eyes"],"picked":"Capacitor","floor":47},{"not_picked":["Trip","Swift Strike"],"picked":"Panacea","floor":48}],"player_experience":310809,"relics_obtained":[{"floor":4,"key":"Potion Belt"},{"floor":9,"key":"Dodecahedron"},{"floor":11,"key":"War Paint"},{"floor":26,"key":"Mummified Hand"},{"floor":27,"key":"Happy Flower"},{"floor":29,"key":"Letter Opener"},{"floor":36,"key":"WingedGreaves"}],"event_choices":[{"damage_healed":0,"gold_gain":175,"player_choice":"AGREE","damage_taken":0,"max_hp_gain":0,"max_hp_loss":0,"event_name":"Liars Game","floor":2,"gold_loss":0,"cards_obtained":["Doubt"]},{"damage_healed":0,"gold_gain":0,"player_choice":"Success","damage_taken":7,"relics_obtained":["Centennial Puzzle"],"max_hp_gain":0,"max_hp_loss":0,"event_name":"Scrap Ooze","floor":5,"gold_loss":0},{"damage_healed":0,"gold_gain":0,"player_choice":"Ignored","damage_taken":0,"max_hp_gain":0,"max_hp_loss":0,"event_name":"NoteForYourself","floor":14,"gold_loss":0},{"damage_healed":0,"gold_gain":0,"player_choice":"Read","damage_taken":0,"max_hp_gain":0,"max_hp_loss":0,"event_name":"The Library","floor":20,"gold_loss":0,"cards_obtained":["White Noise"]},{"damage_healed":0,"gold_gain":0,"player_choice":"Upgraded","damage_taken":0,"max_hp_gain":0,"max_hp_loss":0,"event_name":"Upgrade Shrine","floor":22,"gold_loss":0,"cards_upgraded":["Echo Form"]},{"damage_healed":0,"gold_gain":0,"player_choice":"Fight","damage_taken":0,"max_hp_gain":0,"max_hp_loss":0,"event_name":"MindBloom","floor":36,"gold_loss":0},{"damage_healed":0,"gold_gain":0,"player_choice":"Ignored","damage_taken":0,"max_hp_gain":0,"max_hp_loss":0,"event_name":"Mysterious Sphere","floor":37,"gold_loss":0},{"damage_healed":0,"gold_gain":0,"player_choice":"Embrace Madness","damage_taken":10,"max_hp_gain":0,"max_hp_loss":0,"event_name":"Winding Halls","floor":38,"gold_loss":0,"cards_obtained":["Madness","Madness"]},{"damage_healed":0,"gold_gain":0,"player_choice":"Memory 1","damage_taken":0,"max_hp_gain":0,"max_hp_loss":0,"event_name":"SensoryStone","floor":48,"gold_loss":0}],"is_beta":true,"boss_relics":[{"not_picked":["Astrolabe","Runic Dome"],"picked":"Tiny House"},{"not_picked":["Sozu","Cursed Key"],"picked":"Runic Pyramid"}],"items_purged_floors":[12,39],"is_endless":false,"potions_floor_spawned":[3,7,13,27,29,30,31,36,44],"killed_by":"Awakened One","ascension_level":0}