{"gold_per_floor":[115,135,63,63,82,117,135,155,155,186,198,227,249,291,303,412,424,456,479,14,29,29,45,72,72],"floor_reached":25,"playtime":2138,"items_purged":[],"score":272,"play_id":"3d11e647-6b22-403a-8adc-fc30f18b9c23","local_time":"20180917185816","is_ascension_mode":false,"campfire_choices":[{"data":"Clash","floor":11,"key":"SMITH"},{"data":"Metallicize","floor":15,"key":"SMITH"}],"neow_cost":"NONE","seed_source_timestamp":551998459752004,"circlet_count":0,"master_deck":["Strike_R+1","Strike_R","Strike_R","Strike_R","Strike_R","Defend_R","Defend_R","Defend_R","Defend_R","Bash","Shrug It Off","Clash+1","Blood for Blood","Metallicize+1","Heavy Blade","Pommel Strike","Metallicize+1","Pommel Strike","Rage","Barricade+1","Pommel Strike","Iron Wave","Shrug It Off","Thunderclap","Pommel Strike","Twin Strike","Fire Breathing+1","Inflame+1","Searing Blow","Iron Wave","Pummel+1"],"relics":["Burning Blood","Pantograph","Frozen Egg 2","MawBank","StoneCalendar","Orrery","Anchor","Pear","Darkstone Periapt"],"potions_floor_usage":[10,14,16,16,23,24,24,24],"damage_taken":[{"damage":6,"enemies":"Cultist","floor":1,"turns":3},{"damage":7,"enemies":"Small Slimes","floor":2,"turns":4},{"damage":3,"enemies":"Jaw Worm","floor":5,"turns":4},{"damage":18,"enemies":"Gremlin Nob","floor":6,"turns":4},{"damage":13,"enemies":"2 Fungi Beasts","floor":7,"turns":4},{"damage":17,"enemies":"Exordium Wildlife","floor":8,"turns":6},{"damage":7,"enemies":"Lagavulin","floor":10,"turns":5},{"damage":15,"enemies":"Gremlin Gang","floor":12,"turns":5},{"damage":4,"enemies":"2 Fungi Beasts","floor":13,"turns":3},{"damage":5,"enemies":"Gremlin Nob","floor":14,"turns":4},{"damage":8,"enemies":"Slime Boss","floor":16,"turns":8},{"damage":29,"enemies":"3 Byrds","floor":18,"turns":7},{"damage":12,"enemies":"Spheric Guardian","floor":19,"turns":6},{"damage":20,"enemies":"Centurion and Healer","floor":21,"turns":7},{"damage":22,"enemies":"Shelled Parasite and Fungi","floor":23,"turns":7},{"damage":44,"enemies":"Book of Stabbing","floor":24,"turns":7},{"damage":13,"enemies":"3 Cultists","floor":25,"turns":2}],"seed_played":"-714246070178932905","potions_obtained":[{"floor":2,"key":"AttackPotion"},{"floor":6,"key":"Block Potion"},{"floor":7,"key":"Poison Potion"},{"floor":13,"key":"SkillPotion"},{"floor":16,"key":"Block Potion"},{"floor":22,"key":"AttackPotion"},{"floor":22,"key":"Regen Potion"},{"floor":23,"key":"Poison Potion"}],"is_trial":false,"path_per_floor":["M","M","$","?","M","E","M","M","T","E","R","M","M","E","R","B",null,"M","M","$","M","?","M","E"],"character_chosen":"IRONCLAD","items_purchased":["Rage","Anchor","Pear","Inflame+1"],"campfire_rested":0,"item_purchase_floors":[3,20,20,20],"current_hp_per_floor":[80,79,79,79,80,68,61,50,50,49,49,40,42,43,43,66,80,57,51,61,47,47,31,8,0],"gold":72,"neow_bonus":"UPGRADE_CARD","is_prod":false,"is_daily":false,"chose_seed":false,"campfire_upgraded":2,"win_rate":0.0,"timestamp":1537228696,"path_taken":["M","?","$","?","M","E","M","M","T","E","R","M","M","E","R","BOSS","M","M","$","M","?","M","E","M"],"build_version":"2018-09-06","purchased_purges":0,"victory":false,"max_hp_per_floor":[80,80,80,80,80,80,80,80,80,80,80,80,80,80,80,80,80,80,80,90,90,90,90,90,90],"card_choices":[{"not_picked":["Burning Pact","Headbutt"],"picked":"Shrug It Off","floor":1},{"not_picked":["Wild Strike","Infernal Blade"],"picked":"Clash","floor":2},{"not_picked":["Flex","Headbutt"],"picked":"Metallicize","floor":5},{"not_picked":["Uppercut","Rupture"],"picked":"Heavy Blade","floor":6},{"not_picked":["Dropkick","Shrug It Off"],"picked":"Pommel Strike","floor":7},{"not_picked":["Anger","Clothesline","Uppercut"],"picked":"SKIP","floor":8},{"not_picked":["Dual Wield","Rampage"],"picked":"Metallicize+1","floor":10},{"not_picked":["Bloodletting","Armaments"],"picked":"Pommel Strike","floor":12},{"not_picked":["Pommel Strike","Body Slam"],"picked":"Rage","floor":13},{"not_picked":["Warcry","Headbutt","Dropkick"],"picked":"SKIP","floor":14},{"not_picked":["Impervious","Limit Break"],"picked":"Barricade+1","floor":16},{"not_picked":["Evolve+1","Clothesline"],"picked":"Pommel Strike","floor":17},{"not_picked":["Warcry","Dual Wield"],"picked":"Iron Wave","floor":17},{"not_picked":["Iron Wave","Body Slam"],"picked":"Shrug It Off","floor":17},{"not_picked":["Body Slam","Shrug It Off"],"picked":"Thunderclap","floor":17},{"not_picked":["Entrench","Burning Pact"],"picked":"Pommel Strike","floor":17},{"not_picked":["Corruption+1","Evolve+1"],"picked":"Twin Strike","floor":18},{"not_picked":["Feel No Pain+1","Dropkick"],"picked":"Fire Breathing+1","floor":19},{"not_picked":["Uppercut","Warcry"],"picked":"Searing Blow","floor":21},{"not_picked":["True Grit","Body Slam"],"picked":"Iron Wave","floor":23},{"not_picked":["Anger","Armaments"],"picked":"Pummel+1","floor":24}],"player_experience":31080,"relics_obtained":[{"floor":6,"key":"Pantograph"},{"floor":9,"key":"Frozen Egg 2"},{"floor":10,"key":"MawBank"},{"floor":14,"key":"StoneCalendar"},{"floor":24,"key":"Darkstone Periapt"}],"event_choices":[{"event_name":"Living Wall","player_choice":"Change","floor":4,"damage_taken":0},{"event_name":"The Lab","player_choice":"Got Potions","floor":22,"damage_taken":0}],"is_beta":false,"boss_relics":[{"not_picked":["Runic Cube","Coffee Dripper"],"picked":"Orrery"}],"items_purged_floors":[],"is_endless":false,"potions_floor_spawned":[2,6,7,12,13,16,23],"killed_by":"3 Cultists","ascension_level":0}