{"gold_per_floor":[115,125,125,138,156,156,126,126,126,159,170,170,185,214,214,214],"floor_reached":16,"playtime":1010,"items_purged":[],"score":168,"play_id":"d05a9dc5-444c-4dc2-8648-861470fdbf59","local_time":"20190725184137","is_ascension_mode":true,"campfire_choices":[{"data":"Neutralize","floor":6,"key":"SMITH"},{"floor":12,"key":"REST"},{"floor":15,"key":"REST"}],"neow_cost":"NONE","seed_source_timestamp":136879678704660,"circlet_count":0,"master_deck":["AscendersBane","Strike_G","Strike_G","Strike_G","Strike_G","Defend_G","Defend_G","Defend_G","Defend_G","Defend_G","Survivor","Neutralize+1","A Thousand Cuts","Blade Dance","Cloak And Dagger","PiercingWail","Sucker Punch","Venomology","PiercingWail","Adrenaline"],"relics":["Ring of the Snake","CultistMask","Gremlin Horn","Bottled Tornado","Potion Belt"],"potions_floor_usage":[5,11,11,14,14,16,16],"damage_taken":[{"damage":1,"enemies":"Small Slimes","floor":1,"turns":4},{"damage":2,"enemies":"Cultist","floor":2,"turns":4},{"damage":1,"enemies":"Jaw Worm","floor":4,"turns":5},{"damage":12,"enemies":"Exordium Thugs","floor":5,"turns":6},{"damage":0,"enemies":"Looter","floor":7,"turns":4},{"damage":30,"enemies":"3 Sentries","floor":10,"turns":7},{"damage":1,"enemies":"Gremlin Gang","floor":11,"turns":3},{"damage":4,"enemies":"3 Louse","floor":13,"turns":4},{"damage":23,"enemies":"Lagavulin","floor":14,"turns":10},{"damage":39,"enemies":"The Guardian","floor":16,"turns":13}],"seed_played":"-8905177245455502166","potions_obtained":[{"floor":1,"key":"Explosive Potion"},{"floor":5,"key":"FearPotion"},{"floor":10,"key":"SneckoOil"},{"floor":11,"key":"Energy Potion"}],"is_trial":false,"path_per_floor":["M","M","?","M","M","R","M","?","T","E","M","R","M","E","R","B"],"character_chosen":"THE_SILENT","items_purchased":[],"campfire_rested":2,"item_purchase_floors":[],"current_hp_per_floor":[62,60,53,52,40,40,40,40,40,10,9,30,26,18,39,0],"gold":214,"neow_bonus":"ONE_RANDOM_RARE_CARD","is_prod":false,"is_daily":false,"chose_seed":false,"campfire_upgraded":1,"win_rate":0,"timestamp":1564098097,"path_taken":["M","M","?","M","M","R","M","?","T","E","M","R","?","E","R","BOSS"],"build_version":"2019-07-17","purchased_purges":0,"victory":false,"max_hp_per_floor":[70,70,70,70,70,70,70,70,70,70,70,70,70,70,70,70],"card_choices":[{"not_picked":["Deflect","Setup","Underhanded Strike"],"picked":"SKIP","floor":1},{"not_picked":["Poisoned Stab","Escape Plan"],"picked":"Blade Dance","floor":2},{"not_picked":["Underhanded Strike","All Out Attack"],"picked":"Cloak And Dagger","floor":4},{"not_picked":["Outmaneuver","Catalyst"],"picked":"PiercingWail","floor":5},{"not_picked":["Prepared","Deflect"],"picked":"Sucker Punch","floor":7},{"not_picked":["Dagger Spray","Deflect"],"picked":"Venomology","floor":10},{"not_picked":["Dagger Throw","Outmaneuver"],"picked":"PiercingWail","floor":11},{"not_picked":["Sucker Punch","Dagger Spray","Slice"],"picked":"SKIP","floor":13},{"not_picked":["Grand Finale","Tactician"],"picked":"Adrenaline","floor":14}],"player_experience":229183,"relics_obtained":[{"floor":9,"key":"Gremlin Horn"},{"floor":10,"key":"Bottled Tornado"},{"floor":14,"key":"Potion Belt"}],"event_choices":[{"cards_removed":["Strike_G"],"damage_healed":0,"gold_gain":0,"player_choice":"Card Removal","damage_taken":7,"max_hp_gain":0,"max_hp_loss":0,"event_name":"Golden Wing","floor":3,"gold_loss":0},{"damage_healed":0,"gold_gain":0,"player_choice":"Trade","damage_taken":0,"relics_obtained":["CultistMask"],"max_hp_gain":0,"max_hp_loss":0,"event_name":"FaceTrader","floor":8,"gold_loss":0}],"is_beta":false,"boss_relics":[],"items_purged_floors":[],"is_endless":false,"potions_floor_spawned":[1,5,10,11],"killed_by":"The Guardian","ascension_level":10}