{"gold_per_floor":[116,116,116,131,131,131,406,425,506,520,537,570,580,580,580,580],"floor_reached":16,"playtime":362,"items_purged":[],"score":133,"play_id":"4432b3f5-df22-4157-ba53-62e9bb647e71","local_time":"20190714220122","is_ascension_mode":true,"campfire_choices":[{"data":"Terror","floor":6,"key":"SMITH"},{"data":"Footwork","floor":15,"key":"SMITH"}],"neow_cost":"NONE","seed_source_timestamp":1644506711479400,"circlet_count":0,"master_deck":["Strike_G","Strike_G","Strike_G","Strike_G","Strike_G","Defend_G+1","Defend_G","Defend_G","Defend_G","Defend_G","Survivor","Neutralize+1","Poisoned Stab","Terror+1","Regret","Riddle With Holes","Footwork+1","Sucker Punch","Crippling Poison","Leg Sweep"],"relics":["Ring of the Snake","NeowsBlessing","Mercury Hourglass","Singing Bowl","Question Card"],"potions_floor_usage":[12,12,12],"damage_taken":[{"damage":0,"enemies":"Jaw Worm","floor":1,"turns":1},{"damage":0,"enemies":"Small Slimes","floor":4,"turns":1},{"damage":0,"enemies":"2 Louse","floor":8,"turns":1},{"damage":4,"enemies":"Gremlin Gang","floor":10,"turns":4},{"damage":4,"enemies":"2 Fungi Beasts","floor":11,"turns":3},{"damage":17,"enemies":"Lagavulin","floor":12,"turns":3},{"damage":14,"enemies":"Red Slaver","floor":13,"turns":4},{"damage":8,"enemies":"The Guardian","floor":16,"turns":4}],"seed_played":"-4647519781636753684","potions_obtained":[{"floor":8,"key":"Ancient Potion"},{"floor":10,"key":"SteroidPotion"},{"floor":12,"key":"Fruit Juice"}],"is_trial":false,"path_per_floor":["M","?","?","M","?","R","?","M","T","M","M","E","M","?","R","B"],"character_chosen":"THE_SILENT","items_purchased":[],"campfire_rested":0,"item_purchase_floors":[],"current_hp_per_floor":[63,38,24,24,47,47,47,47,47,43,39,27,13,6,6,0],"gold":580,"neow_bonus":"THREE_ENEMY_KILL","is_prod":false,"is_daily":false,"chose_seed":false,"campfire_upgraded":2,"win_rate":0,"timestamp":1563156082,"path_taken":["M","?","?","M","?","R","?","?","T","M","M","E","M","?","R","BOSS"],"build_version":"2019-07-05","purchased_purges":0,"victory":false,"max_hp_per_floor":[70,70,70,70,70,70,70,70,70,70,70,75,75,75,75,75],"card_choices":[{"not_picked":["Reflex","Concentrate"],"picked":"Poisoned Stab","floor":1},{"not_picked":["Footwork","Flying Knee"],"picked":"Terror","floor":4},{"not_picked":["Cloak And Dagger","Deflect"],"picked":"Riddle With Holes","floor":8},{"not_picked":["Well Laid Plans","Setup"],"picked":"Footwork","floor":10},{"not_picked":["Cloak And Dagger","Dagger Throw"],"picked":"Sucker Punch","floor":11},{"not_picked":["Riddle With Holes","Terror"],"picked":"Crippling Poison","floor":12},{"not_picked":["Backflip","Acrobatics","Cloak And Dagger"],"picked":"Leg Sweep","floor":13}],"player_experience":639398,"relics_obtained":[{"floor":9,"key":"Singing Bowl"},{"floor":12,"key":"Question Card"}],"event_choices":[{"damage_healed":0,"gold_gain":0,"player_choice":"Success","damage_taken":25,"relics_obtained":["Mercury Hourglass"],"max_hp_gain":0,"max_hp_loss":0,"event_name":"Scrap Ooze","floor":2,"gold_loss":0},{"damage_healed":0,"gold_gain":0,"player_choice":"Entered Light","damage_taken":14,"max_hp_gain":0,"max_hp_loss":0,"event_name":"Shining Light","floor":3,"gold_loss":0,"cards_upgraded":["Defend_G","Neutralize"]},{"damage_healed":23,"gold_gain":0,"player_choice":"Banana","damage_taken":0,"max_hp_gain":0,"max_hp_loss":0,"event_name":"Big Fish","floor":5,"gold_loss":0},{"damage_healed":0,"gold_gain":275,"player_choice":"Desecrate","damage_taken":0,"max_hp_gain":0,"max_hp_loss":0,"event_name":"Golden Shrine","floor":7,"gold_loss":0,"cards_obtained":["Regret"]},{"damage_healed":0,"gold_gain":0,"player_choice":"Damaged","damage_taken":7,"max_hp_gain":0,"max_hp_loss":0,"event_name":"Wheel of Change","floor":14,"gold_loss":0}],"is_beta":false,"boss_relics":[],"items_purged_floors":[],"is_endless":false,"potions_floor_spawned":[8,10,12],"killed_by":"The Guardian","ascension_level":6}