{"gold_per_floor":[369,519,519,529,547,579,579,679,729,11,26,26,36,47,47,118,118,133,58,0,0],"floor_reached":21,"playtime":1018,"items_purged":[],"score":530,"play_id":"66bb7160-dc18-460e-a35c-b091c10ef86b","local_time":"20190214165812","is_ascension_mode":true,"campfire_choices":[{"data":"Dual Wield","floor":7.0,"key":"SMITH"},{"data":"Metallicize","floor":12.0,"key":"SMITH"},{"data":"Flame Barrier","floor":15.0,"key":"SMITH"}],"neow_cost":"PERCENT_DAMAGE","seed_source_timestamp":0,"circlet_count":0,"master_deck":["AscendersBane","Strike_R","Strike_R","Strike_R","Strike_R","Defend_R","Defend_R","Defend_R","Defend_R","Bash","Heavy Blade","Dual Wield+1","Metallicize+1","Burning Pact","Shrug It Off","Berserk","Flame Barrier+1","True Grit","Barricade","Entrench"],"special_seed":0,"relics":["Burning Blood","PreservedInsect","Blood Vial","Lee\u0027s Waffle","Ancient Tea Set","Letter Opener","Eternal Feather"],"potions_floor_usage":[21],"damage_taken":[{"damage":1.0,"enemies":"Cultist","floor":1.0,"turns":3.0},{"damage":0.0,"enemies":"2 Louse","floor":4.0,"turns":3.0},{"damage":7.0,"enemies":"Jaw Worm","floor":5.0,"turns":3.0},{"damage":47.0,"enemies":"Gremlin Nob","floor":6.0,"turns":5.0},{"damage":27.0,"enemies":"Exordium Thugs","floor":11.0,"turns":12.0},{"damage":12.0,"enemies":"Exordium Wildlife","floor":13.0,"turns":6.0},{"damage":6.0,"enemies":"Blue Slaver","floor":14.0,"turns":7.0},{"damage":46.0,"enemies":"The Guardian","floor":16.0,"turns":21.0},{"damage":46.0,"enemies":"3 Byrds","floor":18.0,"turns":7.0},{"damage":14,"enemies":"2 Thieves","floor":20,"turns":4},{"damage":28,"enemies":"Shelled Parasite and Fungi","floor":21,"turns":3}],"seed_played":"-1942446458147575329","potions_obtained":[{"floor":1.0,"key":"SkillPotion"},{"floor":6.0,"key":"EssenceOfSteel"},{"floor":13.0,"key":"BloodPotion"}],"is_trial":false,"path_per_floor":["M","?","?","M","M","E","R","?","T","$","M","R","M","M","R","B",null,"M","?","M","M"],"character_chosen":"IRONCLAD","items_purchased":["Lee\u0027s Waffle","Ancient Tea Set","Letter Opener","Shrug It Off"],"campfire_rested":0,"item_purchase_floors":[10,10,10,10],"current_hp_per_floor":[55,55,55,61,60,19,19,19,19,82,61,61,57,67,67,29,69,31,31,25,0],"gold":0,"neow_bonus":"TWO_FIFTY_GOLD","is_prod":false,"is_daily":false,"chose_seed":false,"campfire_upgraded":3,"win_rate":0,"timestamp":1550181492,"path_taken":["M","?","?","M","M","E","R","?","T","$","M","R","?","M","R","BOSS","M","?","M","M"],"build_version":"2019-02-06","purchased_purges":0,"victory":false,"max_hp_per_floor":[75,75,75,75,75,75,75,75,75,82,82,82,82,82,82,82,82,82,82,82,82],"card_choices":[{"not_picked":["Blood for Blood","Twin Strike"],"picked":"Heavy Blade","floor":1.0},{"not_picked":["Wild Strike","Sentinel"],"picked":"Dual Wield","floor":4.0},{"not_picked":["Clash","Seeing Red"],"picked":"Metallicize","floor":5.0},{"not_picked":["Flex","Heavy Blade"],"picked":"Burning Pact","floor":6.0},{"not_picked":["Clothesline","Heavy Blade"],"picked":"Berserk","floor":11.0},{"not_picked":["Sentinel","Clash"],"picked":"Flame Barrier","floor":13.0},{"not_picked":["Searing Blow","Twin Strike"],"picked":"True Grit","floor":14.0},{"not_picked":["Impervious","Limit Break"],"picked":"Barricade","floor":16.0},{"not_picked":["Heavy Blade","Pummel","True Grit"],"picked":"SKIP","floor":18.0},{"not_picked":["Spot Weakness","Heavy Blade"],"picked":"Entrench","floor":20}],"player_experience":970005,"relics_obtained":[{"floor":6.0,"key":"PreservedInsect"},{"floor":9.0,"key":"Blood Vial"}],"event_choices":[{"damage_healed":0.0,"max_hp_gain":0.0,"max_hp_loss":0.0,"gold_gain":150.0,"event_name":"Liars Game","player_choice":"AGREE","floor":2.0,"gold_loss":0.0,"damage_taken":0.0,"cards_obtained":["Doubt"]},{"cards_removed":["Doubt"],"damage_healed":0.0,"max_hp_gain":0.0,"max_hp_loss":0.0,"gold_gain":0.0,"event_name":"Living Wall","player_choice":"Forget","floor":3.0,"gold_loss":0.0,"damage_taken":0.0},{"damage_healed":0.0,"max_hp_gain":0.0,"max_hp_loss":0.0,"gold_gain":100.0,"event_name":"Wheel of Change","player_choice":"Gold","floor":8.0,"gold_loss":0.0,"damage_taken":0.0},{"cards_removed":["Strike_R"],"damage_healed":0.0,"max_hp_gain":0.0,"max_hp_loss":0.0,"gold_gain":0.0,"event_name":"Beggar","player_choice":"Gave Gold","floor":19.0,"gold_loss":75.0,"damage_taken":0.0}],"is_beta":true,"boss_relics":[{"not_picked":["Coffee Dripper","Fusion Hammer"],"picked":"Eternal Feather"}],"items_purged_floors":[],"is_endless":false,"potions_floor_spawned":[1,6,13],"killed_by":"Shelled Parasite and Fungi","ascension_level":18}