{"gold_per_floor":[110,75,90,108,33,65,76,91,91,91,91,91],"floor_reached":12,"playtime":583,"items_purged":[],"score":80,"play_id":"121f4e67-206e-4bdf-b751-abb1df199ec2","local_time":"20190216183349","is_ascension_mode":false,"campfire_choices":[{"data":"Double Energy","floor":11,"key":"SMITH"}],"neow_cost":"NONE","seed_source_timestamp":86199445213014,"circlet_count":0,"master_deck":["Strike_B","Strike_B","Strike_B","Defend_B","Defend_B","Defend_B","Defend_B","Zap","Dualcast","Beam Cell","Loop","Ball Lightning","Double Energy+1","Doom and Gloom","Melter","Beam Cell","Tempest","Hologram"],"relics":["Runic Dome","Vajra","Meat on the Bone"],"potions_floor_usage":[6],"damage_taken":[{"damage":1,"enemies":"Cultist","floor":1,"turns":3},{"damage":21,"enemies":"Jaw Worm","floor":3,"turns":4},{"damage":9,"enemies":"2 Louse","floor":4,"turns":2},{"damage":3,"enemies":"Lagavulin","floor":6,"turns":4},{"damage":6,"enemies":"Exordium Thugs","floor":7,"turns":4},{"damage":20,"enemies":"Exordium Wildlife","floor":8,"turns":4},{"damage":15,"enemies":"2 Fungi Beasts","floor":12,"turns":2}],"seed_played":"5828215226991516017","potions_obtained":[{"floor":3,"key":"PowerPotion"}],"is_trial":false,"path_per_floor":["M","$","M","M","$","E","M","M","T","?","R","M"],"character_chosen":"DEFECT","items_purchased":["Loop","Doom and Gloom"],"campfire_rested":0,"item_purchase_floors":[2,5],"current_hp_per_floor":[74,74,53,44,44,41,35,15,15,15,15,0],"gold":91,"neow_bonus":"BOSS_RELIC","is_prod":false,"is_daily":false,"chose_seed":false,"campfire_upgraded":1,"win_rate":0,"timestamp":1550360029,"path_taken":["M","?","M","M","$","E","M","M","T","?","R","M"],"build_version":"2019-01-23","purchased_purges":0,"victory":false,"max_hp_per_floor":[75,75,75,75,75,75,75,75,75,75,75,75],"card_choices":[{"not_picked":["Coolheaded","Leap"],"picked":"Beam Cell","floor":1},{"not_picked":["Gash","Compile Driver"],"picked":"Ball Lightning","floor":3},{"not_picked":["Steam","Blizzard"],"picked":"Double Energy","floor":4},{"not_picked":["Fusion","Multi-Cast"],"picked":"Melter","floor":6},{"not_picked":["Compile Driver","Turbo"],"picked":"Beam Cell","floor":7},{"not_picked":["Hello World","Barrage"],"picked":"Tempest","floor":8}],"player_experience":227668,"relics_obtained":[{"floor":6,"key":"Vajra"},{"floor":9,"key":"Meat on the Bone"}],"event_choices":[{"damage_healed":0,"gold_gain":0,"cards_transformed":["Strike_B"],"player_choice":"Change","damage_taken":0,"max_hp_gain":0,"max_hp_loss":0,"event_name":"Living Wall","floor":10,"gold_loss":0,"cards_obtained":["Hologram"]}],"is_beta":false,"boss_relics":[],"items_purged_floors":[],"is_endless":false,"potions_floor_spawned":[3],"killed_by":"2 Fungi Beasts","ascension_level":0}