{"gold_per_floor":[209,209,225,102,123,166,166,166,215,241,278,313,345,380,392,524,536,569,620,655,683,720,732,759,771,783,815,845,307,307,328,328,448,448,469,492,492,492,515,515,529,553,603,395,520,541,874,894,894,894,894,894,168,201,201],"floor_reached":56,"playtime":5427,"items_purged":["Strike_G","Strike_G","Parasite","Strike_G"],"score":1136,"play_id":"7e2a6f32-f1a8-46ca-84c8-d2b8c049571d","local_time":"20190726143306","is_ascension_mode":false,"campfire_choices":[{"data":"Footwork","floor":7,"key":"SMITH"},{"floor":15,"key":"REST"},{"floor":23,"key":"REST"},{"data":"After Image","floor":25,"key":"SMITH"},{"floor":32,"key":"REST"},{"floor":40,"key":"RECALL"},{"data":"After Image","floor":49,"key":"SMITH"},{"data":"Cloak And Dagger","floor":52,"key":"SMITH"}],"neow_cost":"NONE","seed_source_timestamp":1365961929250668,"circlet_count":0,"master_deck":["Defend_G","Defend_G","Defend_G","Defend_G","Survivor","Neutralize","Backflip+1","Cloak And Dagger+1","Blade Dance","Predator","Footwork+1","Noxious Fumes","Cloak And Dagger","Outmaneuver","Underhanded Strike","After Image+1","Escape Plan+1","Cloak And Dagger+1","Noxious Fumes+1","Noxious Fumes","Setup+1","Acrobatics+1","Escape Plan+1","Adrenaline+1","Accuracy+1","Madness+1","Madness+1","Setup+1","Finesse+1","After Image+1","Terror+1","Deflect+1","After Image+1","Footwork","Prepared+1"],"relics":["Ring of the Serpent","Oddly Smooth Stone","MawBank","Empty Cage","Red Mask","Matryoshka","Toxic Egg 2","Omamori","Nunchaku","Thread and Needle","DollysMirror","Mummified Hand"],"potions_floor_usage":[6,16,19,24,55,55],"damage_taken":[{"damage":0,"enemies":"2 Louse","floor":1,"turns":3},{"damage":3,"enemies":"Small Slimes","floor":3,"turns":4},{"damage":0,"enemies":"Cultist","floor":5,"turns":3},{"damage":24,"enemies":"Gremlin Nob","floor":6,"turns":5},{"damage":0,"enemies":"Exordium Wildlife","floor":10,"turns":5},{"damage":0,"enemies":"3 Louse","floor":11,"turns":5},{"damage":0,"enemies":"2 Fungi Beasts","floor":12,"turns":3},{"damage":0,"enemies":"Blue Slaver","floor":13,"turns":5},{"damage":0,"enemies":"Red Slaver","floor":14,"turns":4},{"damage":18,"enemies":"Hexaghost","floor":16,"turns":13},{"damage":5,"enemies":"Chosen","floor":18,"turns":9},{"damage":26,"enemies":"Masked Bandits","floor":19,"turns":10},{"damage":0,"enemies":"Spheric Guardian","floor":20,"turns":10},{"damage":4,"enemies":"Cultist and Chosen","floor":21,"turns":9},{"damage":0,"enemies":"Centurion and Healer","floor":22,"turns":9},{"damage":3,"enemies":"Snake Plant","floor":24,"turns":6},{"damage":2,"enemies":"Snecko","floor":27,"turns":6},{"damage":13,"enemies":"Shelled Parasite and Fungi","floor":28,"turns":8},{"damage":3,"enemies":"3 Cultists","floor":31,"turns":6},{"damage":17,"enemies":"Automaton","floor":33,"turns":10},{"damage":0,"enemies":"3 Shapes","floor":35,"turns":7},{"damage":0,"enemies":"Orb Walker","floor":36,"turns":4},{"damage":0,"enemies":"3 Darklings","floor":39,"turns":6},{"damage":0,"enemies":"Jaw Worm Horde","floor":41,"turns":5},{"damage":0,"enemies":"Writhing Mass","floor":42,"turns":7},{"damage":0,"enemies":"Mind Bloom Boss Battle","floor":45,"turns":9},{"damage":0,"enemies":"Maw","floor":46,"turns":9},{"damage":3,"enemies":"Jaw Worm Horde","floor":48,"turns":5},{"damage":13,"enemies":"Donu and Deca","floor":50,"turns":12},{"damage":18,"enemies":"Shield and Spear","floor":54,"turns":9},{"damage":66,"enemies":"The Heart","floor":55,"turns":14}],"seed_played":"-1381721960559611060","potions_obtained":[{"floor":1,"key":"Poison Potion"},{"floor":10,"key":"Regen Potion"},{"floor":12,"key":"Weak Potion"},{"floor":13,"key":"AttackPotion"},{"floor":18,"key":"Swift Potion"},{"floor":20,"key":"Fire Potion"},{"floor":24,"key":"Dexterity Potion"},{"floor":28,"key":"Energy Potion"},{"floor":31,"key":"Regen Potion"}],"is_trial":false,"path_per_floor":["M","?","M","$","M","E","R","?","T","M","M","M","M","M","R","B",null,"M","?","M","M","M","R","M","R","T","M","M","$","?","M","R","B",null,"M","M","?","?","M","R","M","M","T","$","?","M","?","M","R","B",null,"R","$","E","B",null],"character_chosen":"THE_SILENT","items_purchased":["Blade Dance","Noxious Fumes","Toxic Egg 2","Setup+1","Acrobatics+1","Finesse+1","Thread and Needle","DollysMirror","Footwork","Prepared+1"],"campfire_rested":3,"item_purchase_floors":[4,29,29,29,29,44,53,53,53,53],"current_hp_per_floor":[70,53,50,50,50,26,26,26,26,26,26,26,26,26,47,29,70,65,39,39,35,35,56,53,53,53,51,38,38,38,35,56,39,70,70,70,61,61,61,61,61,61,61,61,61,61,61,58,58,45,67,67,67,49,38],"gold":201,"neow_bonus":"HUNDRED_GOLD","is_prod":false,"is_daily":false,"chose_seed":false,"campfire_upgraded":4,"win_rate":0,"timestamp":1564176786,"path_taken":["M","?","M","$","M","E","R","?","T","M","M","M","?","M","R","BOSS","M","?","M","M","M","R","M","R","T","M","M","$","?","M","R","BOSS","M","M","?","?","M","R","?","M","T","$","?","M","?","M","R","BOSS","R","$","E","BOSS"],"build_version":"2019-07-17","purchased_purges":4,"victory":true,"max_hp_per_floor":[70,70,70,70,70,70,70,70,70,70,70,70,70,70,70,70,70,70,70,70,70,70,70,70,70,70,70,70,70,70,70,70,70,70,70,70,70,70,70,70,70,70,70,67,67,67,67,67,67,67,67,67,67,67,67],"card_choices":[{"not_picked":["Finisher","Endless Agony"],"picked":"Backflip","floor":1},{"not_picked":["Dagger Throw","Deadly Poison"],"picked":"Cloak And Dagger","floor":3},{"not_picked":["Setup","Deadly Poison"],"picked":"Predator","floor":5},{"not_picked":["Dagger Throw","Accuracy"],"picked":"Footwork","floor":6},{"not_picked":["PiercingWail","Poisoned Stab"],"picked":"Noxious Fumes","floor":10},{"not_picked":["Sucker Punch","Bane"],"picked":"Cloak And Dagger","floor":11},{"not_picked":["Skewer","Deadly Poison"],"picked":"Outmaneuver","floor":12},{"not_picked":["Cloak And Dagger","Flying Knee","Dagger Spray"],"picked":"SKIP","floor":13},{"not_picked":["Bane","Poisoned Stab"],"picked":"Underhanded Strike","floor":14},{"not_picked":["Malaise","Venomology"],"picked":"After Image","floor":16},{"not_picked":["Quick Slash+1","Dagger Spray"],"picked":"Escape Plan+1","floor":18},{"not_picked":["Backstab+1","Dagger Spray"],"picked":"Cloak And Dagger+1","floor":19},{"not_picked":["Acrobatics+1","Finisher+1"],"picked":"Noxious Fumes+1","floor":20},{"not_picked":["Acrobatics+1","Underhanded Strike","Dagger Spray"],"picked":"SKIP","floor":21},{"not_picked":["Unload","Riddle With Holes+1","Acrobatics"],"picked":"SKIP","floor":22},{"not_picked":["Bane","PiercingWail","Sucker Punch"],"picked":"SKIP","floor":24},{"not_picked":["Grand Finale","Outmaneuver","Underhanded Strike"],"picked":"SKIP","floor":27},{"not_picked":["Quick Slash","Underhanded Strike+1","Dagger Spray"],"picked":"SKIP","floor":28},{"not_picked":["Acrobatics+1","Blade Dance+1"],"picked":"Escape Plan+1","floor":31},{"not_picked":["Storm of Steel+1","Night Terror+1"],"picked":"Adrenaline+1","floor":33},{"not_picked":["Masterful Stab+1","Acrobatics+1"],"picked":"Accuracy+1","floor":35},{"not_picked":["Cloak And Dagger+1","Outmaneuver+1","Flechettes"],"picked":"SKIP","floor":36},{"not_picked":["Underhanded Strike","Sucker Punch+1"],"picked":"Setup+1","floor":39},{"not_picked":["PiercingWail+1","Flying Knee","Blade Dance+1"],"picked":"SKIP","floor":41},{"not_picked":["Dagger Spray","Quick Slash+1","Endless Agony"],"picked":"SKIP","floor":42},{"not_picked":["Deadly Poison+1","Setup+1"],"picked":"After Image","floor":45},{"not_picked":["Deadly Poison+1","Quick Slash+1"],"picked":"Terror+1","floor":46},{"not_picked":["Underhanded Strike","Acrobatics+1"],"picked":"Deflect+1","floor":48},{"not_picked":["Crippling Poison+1","Heel Hook+1","Tactician+1"],"picked":"SKIP","floor":54}],"player_experience":207334,"relics_obtained":[{"floor":6,"key":"Oddly Smooth Stone"},{"floor":9,"key":"MawBank"},{"floor":19,"key":"Red Mask"},{"floor":26,"key":"Matryoshka"},{"floor":43,"key":"Omamori"},{"floor":45,"key":"Nunchaku"},{"floor":54,"key":"Mummified Hand"}],"event_choices":[{"damage_healed":0,"gold_gain":0,"player_choice":"Take Damage","damage_taken":17,"relics_obtained":["Golden Idol"],"max_hp_gain":0,"max_hp_loss":0,"event_name":"Golden Idol","floor":2,"gold_loss":0},{"damage_healed":0,"gold_gain":0,"player_choice":"Forge","damage_taken":0,"max_hp_gain":0,"max_hp_loss":0,"event_name":"Accursed Blacksmith","floor":8,"gold_loss":0,"cards_upgraded":["Backflip"]},{"damage_healed":0,"gold_gain":0,"player_choice":"Fought Bandits","damage_taken":0,"max_hp_gain":0,"max_hp_loss":0,"event_name":"Masked Bandits","floor":19,"gold_loss":0},{"damage_healed":0,"gold_gain":0,"player_choice":"Ignored","damage_taken":0,"max_hp_gain":0,"max_hp_loss":0,"event_name":"The Mausoleum","floor":30,"gold_loss":0},{"damage_healed":0,"gold_gain":0,"player_choice":"Embrace Madness","damage_taken":9,"max_hp_gain":0,"max_hp_loss":0,"event_name":"Winding Halls","floor":37,"gold_loss":0,"cards_obtained":["Madness","Madness"]},{"cards_removed":["Strike_G"],"damage_healed":0,"gold_gain":0,"player_choice":"Card Removal","damage_taken":0,"max_hp_gain":0,"max_hp_loss":0,"event_name":"Wheel of Change","floor":38,"gold_loss":0},{"damage_healed":0,"gold_gain":0,"player_choice":"Fight","damage_taken":0,"max_hp_gain":0,"max_hp_loss":0,"event_name":"MindBloom","floor":45,"gold_loss":0},{"damage_healed":0,"gold_gain":333,"player_choice":"Gave Idol","damage_taken":0,"max_hp_gain":0,"max_hp_loss":0,"event_name":"The Moai Head","floor":47,"relics_lost":["Golden Idol"],"gold_loss":0}],"is_beta":false,"boss_relics":[{"not_picked":["Tiny House","Coffee Dripper"],"picked":"Empty Cage"},{"not_picked":["Fusion Hammer","Runic Pyramid"],"picked":"Ring of the Serpent"}],"items_purged_floors":[4,29,44,53],"is_endless":false,"potions_floor_spawned":[1,10,12,13,18,20,24,27,28,31,39,42,45],"ascension_level":0}