{"gold_per_floor":[117,117,117,133,133,158,158,172,222,236,251,251,251,263,263,363,363,375,386,386,485,20,49,49,49,76,95,95,120,195,215,215,314,314,333,349,151,165,10,45,45,58,83,83,95,95,48,66,66,66],"floor_reached":51,"playtime":2289,"items_purged":[],"score":971,"play_id":"edf84f26-12d5-465e-91c6-779c67b79bfe","local_time":"20181129145140","is_ascension_mode":true,"campfire_choices":[{"data":"Armaments","floor":7,"key":"SMITH"},{"data":"Disarm","floor":12,"key":"SMITH"},{"data":"Perfected Strike","floor":15,"key":"SMITH"},{"data":"Perfected Strike","floor":24,"key":"SMITH"},{"data":"Flame Barrier","floor":28,"key":"SMITH"},{"data":"Metallicize","floor":32,"key":"SMITH"},{"data":"Perfected Strike","floor":46,"key":"SMITH"},{"data":"Perfected Strike","floor":49,"key":"SMITH"}],"neow_cost":"NONE","seed_source_timestamp":84762718778926,"circlet_count":0,"master_deck":["Strike_R","Strike_R","Strike_R","Strike_R","Strike_R","Defend_R","Defend_R","Defend_R","Defend_R","Bash","Armaments+1","Perfected Strike+1","Disarm+1","Perfected Strike+1","Iron Wave","Seeing Red","Offering","Perfected Strike+1","Iron Wave","Shrug It Off+1","Flame Barrier+1","Metallicize+1","Offering","Entrench","Armaments+1","Shrug It Off+1","Flame Barrier+1","Wild Strike","Perfected Strike+1"],"relics":["Burning Blood","Potion Belt","PreservedInsect","Centennial Puzzle","Omamori","Coffee Dripper","MutagenicStrength","Kunai","HandDrill","Oddly Smooth Stone","Bronze Scales","Shuriken","Matryoshka","Busted Crown","Cauldron","Bag of Marbles","Lantern","Vajra","Bag of Preparation"],"potions_floor_usage":[14,16,16,16,16,16,27,31,31,33,33,33,33,33,38,45,48,50,50,50,50,50],"damage_taken":[{"damage":10,"enemies":"Jaw Worm","floor":1,"turns":5},{"damage":3,"enemies":"2 Louse","floor":4,"turns":4},{"damage":35,"enemies":"Lagavulin","floor":6,"turns":9},{"damage":7,"enemies":"Small Slimes","floor":8,"turns":3},{"damage":4,"enemies":"Red Slaver","floor":10,"turns":3},{"damage":0,"enemies":"Large Slime","floor":11,"turns":4},{"damage":6,"enemies":"Looter","floor":14,"turns":2},{"damage":2,"enemies":"Hexaghost","floor":16,"turns":9},{"damage":12,"enemies":"Spheric Guardian","floor":18,"turns":3},{"damage":28,"enemies":"2 Thieves","floor":19,"turns":4},{"damage":17,"enemies":"Gremlin Leader","floor":23,"turns":4},{"damage":9,"enemies":"Centurion and Healer","floor":27,"turns":3},{"damage":0,"enemies":"Book of Stabbing","floor":29,"turns":4},{"damage":6,"enemies":"3 Cultists","floor":31,"turns":3},{"damage":37,"enemies":"Collector","floor":33,"turns":9},{"damage":6,"enemies":"Orb Walker","floor":35,"turns":2},{"damage":0,"enemies":"3 Shapes","floor":36,"turns":8},{"damage":2,"enemies":"Sphere and 2 Shapes","floor":38,"turns":5},{"damage":12,"enemies":"Nemesis","floor":40,"turns":3},{"damage":26,"enemies":"Maw","floor":42,"turns":6},{"damage":12,"enemies":"Spire Growth","floor":45,"turns":3},{"damage":0,"enemies":"Writhing Mass","floor":48,"turns":1},{"damage":26,"enemies":"Awakened One","floor":50,"turns":12}],"seed_played":"-5616718660650985107","potions_obtained":[{"floor":1,"key":"Energy Potion"},{"floor":8,"key":"Dexterity Potion"},{"floor":13,"key":"Fruit Juice"},{"floor":13,"key":"SteroidPotion"},{"floor":13,"key":"EssenceOfSteel"},{"floor":14,"key":"Poison Potion"},{"floor":19,"key":"Fire Potion"},{"floor":27,"key":"Swift Potion"},{"floor":29,"key":"EntropicBrew"},{"floor":33,"key":"Ancient Potion"},{"floor":37,"key":"Poison Potion"},{"floor":37,"key":"Block Potion"},{"floor":37,"key":"Dexterity Potion"},{"floor":37,"key":"PowerPotion"},{"floor":42,"key":"Swift Potion"},{"floor":45,"key":"PowerPotion"},{"floor":48,"key":"LiquidBronze"}],"is_trial":false,"path_per_floor":["M","$","?","M","?","E","R","M","T","M","M","R","?","M","R","B",null,"M","M","?","?","$","E","R","?","T","M","R","E","T","M","R","B",null,"M","M","$","M","$","E","?","M","T","?","M","R","$","M","R","B",null],"character_chosen":"IRONCLAD","items_purchased":["Kunai","HandDrill","Cauldron","Bag of Marbles","Perfected Strike"],"campfire_rested":0,"item_purchase_floors":[22,22,37,39,47],"current_hp_per_floor":[76,76,64,67,67,38,38,37,37,39,45,45,45,50,50,54,77,71,49,49,49,49,38,38,38,38,35,35,41,41,41,41,10,66,66,72,72,76,76,70,85,65,65,65,59,59,59,65,65,45],"gold":66,"neow_bonus":"RANDOM_COMMON_RELIC","is_prod":false,"is_daily":false,"chose_seed":false,"campfire_upgraded":8,"win_rate":0,"timestamp":1543521100,"path_taken":["M","$","?","M","?","E","R","M","T","M","M","R","?","M","R","BOSS","M","M","?","?","$","E","R","?","T","M","R","E","?","M","R","BOSS","M","M","$","M","$","E","?","M","T","?","?","R","?","M","R","BOSS"],"build_version":"2018-11-15","purchased_purges":0,"victory":true,"max_hp_per_floor":[80,80,80,80,80,80,80,80,80,80,80,80,80,85,85,85,85,85,85,85,85,85,85,85,85,85,85,85,85,85,85,85,85,85,85,85,85,85,85,85,85,85,85,85,85,85,85,85,85,85],"card_choices":[{"not_picked":["Entrench","Twin Strike"],"picked":"Armaments","floor":1},{"not_picked":["Iron Wave","Havoc"],"picked":"Perfected Strike","floor":4},{"not_picked":["Searing Blow","Warcry"],"picked":"Disarm","floor":6},{"not_picked":["Clash","Reckless Charge"],"picked":"Perfected Strike","floor":8},{"not_picked":["Cleave","Thunderclap"],"picked":"Iron Wave","floor":10},{"not_picked":["Flex","Rupture"],"picked":"Seeing Red","floor":11},{"not_picked":["Anger","Headbutt","Sever Soul"],"picked":"SKIP","floor":14},{"not_picked":["Fiend Fire","Limit Break"],"picked":"Offering","floor":16},{"not_picked":["Seeing Red","Reckless Charge"],"picked":"Perfected Strike","floor":18},{"not_picked":["Cleave","Clash+1"],"picked":"Iron Wave","floor":19},{"not_picked":["Clash","Sever Soul"],"picked":"Shrug It Off+1","floor":23},{"not_picked":["Rage","Spot Weakness+1"],"picked":"Flame Barrier","floor":27},{"not_picked":["Juggernaut","Thunderclap","Clash"],"picked":"SKIP","floor":29},{"not_picked":["Carnage","Warcry"],"picked":"Metallicize","floor":31},{"not_picked":["Fiend Fire","Berserk"],"picked":"Offering","floor":33},{"not_picked":[],"picked":"Entrench","floor":35},{"not_picked":[],"picked":"Armaments+1","floor":36},{"not_picked":["Clash+1"],"picked":"SKIP","floor":38},{"not_picked":["Sword Boomerang"],"picked":"SKIP","floor":40},{"not_picked":[],"picked":"Shrug It Off+1","floor":42},{"not_picked":[],"picked":"Wild Strike","floor":45},{"not_picked":["Armaments+1"],"picked":"SKIP","floor":48}],"player_experience":532326,"relics_obtained":[{"floor":6,"key":"Centennial Puzzle"},{"floor":9,"key":"Omamori"},{"floor":23,"key":"Oddly Smooth Stone"},{"floor":26,"key":"Bronze Scales"},{"floor":29,"key":"Shuriken"},{"floor":30,"key":"Matryoshka"},{"floor":40,"key":"Lantern"},{"floor":43,"key":"Vajra"},{"floor":43,"key":"Bag of Preparation"}],"event_choices":[{"damage_healed":0,"gold_gain":0,"player_choice":"Success","damage_taken":12,"relics_obtained":["PreservedInsect"],"max_hp_gain":0,"max_hp_loss":0,"event_name":"Scrap Ooze","floor":3,"gold_loss":0},{"damage_healed":0,"gold_gain":0,"player_choice":"Leave","damage_taken":0,"max_hp_gain":0,"max_hp_loss":0,"event_name":"The Cleric","floor":5,"gold_loss":0},{"damage_healed":0,"gold_gain":0,"player_choice":"Got Potions","damage_taken":0,"max_hp_gain":0,"max_hp_loss":0,"event_name":"Lab","floor":13,"gold_loss":0},{"damage_healed":0,"gold_gain":0,"player_choice":"Inject Mutagens","damage_taken":0,"relics_obtained":["MutagenicStrength"],"max_hp_gain":0,"max_hp_loss":0,"event_name":"Drug Dealer","floor":20,"gold_loss":0},{"damage_healed":0,"gold_gain":99,"player_choice":"Stole From Cult","damage_taken":0,"max_hp_gain":0,"max_hp_loss":0,"event_name":"Nest","floor":21,"gold_loss":0},{"damage_healed":0,"gold_gain":0,"player_choice":"Ignored","damage_taken":0,"max_hp_gain":0,"max_hp_loss":0,"event_name":"Cursed Tome","floor":25,"gold_loss":0},{"damage_healed":21,"gold_gain":0,"player_choice":"Writhe","damage_taken":0,"max_hp_gain":0,"max_hp_loss":0,"event_name":"Winding Halls","floor":41,"gold_loss":0,"cards_obtained":["Writhe"]},{"damage_healed":0,"gold_gain":0,"player_choice":"Copied","damage_taken":0,"max_hp_gain":0,"max_hp_loss":0,"event_name":"Duplicator","floor":44,"gold_loss":0,"cards_obtained":["Flame Barrier"]}],"is_beta":true,"boss_relics":[{"not_picked":["Runic Dome","Pandora\u0027s Box"],"picked":"Coffee Dripper"},{"not_picked":["Astrolabe","Lizard Tail"],"picked":"Busted Crown"}],"items_purged_floors":[],"is_endless":false,"potions_floor_spawned":[1,8,14,19,27,29,33,42,45,48],"ascension_level":5}