{"gold_per_floor":[117,117,26,26,40,72,90,90,90,105,105,121,136,170,170,266,266,286,78,89,4,4,4,4,15,15,15,26,36,36,53,53,156,156,167,93,107,120,27,27,43,43,43,58,77,77],"floor_reached":46,"playtime":2695,"items_purged":[],"score":461,"play_id":"bc330440-38eb-4d45-819e-bc651733e9d5","local_time":"20190215192013","is_ascension_mode":false,"campfire_choices":[{"data":"Defragment","floor":8.0,"key":"SMITH"},{"data":"Sunder","floor":15.0,"key":"SMITH"},{"floor":23,"key":"REST"},{"floor":27,"key":"RECALL"},{"data":"BootSequence","floor":30,"key":"SMITH"},{"data":"Zap","floor":32,"key":"SMITH"},{"data":"Darkness","floor":40,"key":"SMITH"}],"neow_cost":"NONE","seed_source_timestamp":444587868978,"circlet_count":0,"master_deck":["Strike_B+1","Strike_B+1","Strike_B+1","Strike_B+1","Defend_B+1","Defend_B+1","Defend_B+1","Defend_B+1","Zap+1","Dualcast","Hello World","Bandage Up+1","Beam Cell","Defragment+1","Ball Lightning","Darkness+1","Ball Lightning","Barrage","Sunder+1","BootSequence+1","Glacier+1","Darkness+1","Creative AI","Self Repair","Rebound+1","Hologram+1","Blind","Parasite"],"special_seed":0,"relics":["Cracked Core","NeowsBlessing","Du-Vu Doll","Regal Pillow","Gremlin Horn","StoneCalendar","Velvet Choker","Bronze Scales","Sundial","Black Star","Singing Bowl"],"potions_floor_usage":[25,25,31,33,46,46],"damage_taken":[{"damage":0.0,"enemies":"Jaw Worm","floor":1.0,"turns":1.0},{"damage":0.0,"enemies":"2 Louse","floor":5.0,"turns":1.0},{"damage":0.0,"enemies":"Lagavulin","floor":6.0,"turns":1.0},{"damage":1.0,"enemies":"Cultist","floor":7.0,"turns":4.0},{"damage":4.0,"enemies":"Red Slaver","floor":10.0,"turns":4.0},{"damage":15.0,"enemies":"Looter","floor":12.0,"turns":3.0},{"damage":2.0,"enemies":"2 Fungi Beasts","floor":13.0,"turns":2.0},{"damage":15.0,"enemies":"Gremlin Nob","floor":14.0,"turns":4.0},{"damage":35.0,"enemies":"The Guardian","floor":16.0,"turns":7.0},{"damage":36.0,"enemies":"2 Thieves","floor":18.0,"turns":4.0},{"damage":13.0,"enemies":"3 Byrds","floor":20.0,"turns":3.0},{"damage":0,"enemies":"Snecko","floor":25,"turns":4},{"damage":2,"enemies":"Centurion and Healer","floor":28,"turns":4},{"damage":5,"enemies":"Shelled Parasite and Fungi","floor":29,"turns":4},{"damage":0,"enemies":"3 Cultists","floor":31,"turns":4},{"damage":64,"enemies":"Collector","floor":33,"turns":7},{"damage":0,"enemies":"3 Shapes","floor":35,"turns":3},{"damage":24,"enemies":"3 Darklings","floor":37,"turns":5},{"damage":16,"enemies":"Spire Growth","floor":38,"turns":6},{"damage":21,"enemies":"Maw","floor":41,"turns":7},{"damage":32,"enemies":"Transient","floor":44,"turns":5},{"damage":23,"enemies":"Writhing Mass","floor":45,"turns":5},{"damage":76,"enemies":"Giant Head","floor":46,"turns":8}],"seed_played":"7614420816264250429","potions_obtained":[{"floor":1.0,"key":"SpeedPotion"},{"floor":7.0,"key":"SkillPotion"},{"floor":13.0,"key":"SkillPotion"},{"floor":16.0,"key":"Strength Potion"},{"floor":20.0,"key":"SkillPotion"},{"floor":28,"key":"Explosive Potion"},{"floor":29,"key":"Ancient Potion"},{"floor":33,"key":"SneckoOil"},{"floor":44,"key":"LiquidBronze"},{"floor":45,"key":"SpeedPotion"}],"is_trial":false,"path_per_floor":["M","?","$","?","M","E","M","R","T","M","?","M","M","E","R","B",null,"M","$","M","?","?","R","?","M","T","R","M","M","R","M","R","B",null,"M","$","M","M","$","R","M","?","T","M","M","E"],"character_chosen":"DEFECT","items_purchased":["Bandage Up","Bronze Scales","FearPotion","Self Repair","Blind"],"campfire_rested":1,"item_purchase_floors":[3,19,19,36,39],"current_hp_per_floor":[75,75,75,68,72,72,75,75,75,71,71,62,66,57,57,28,75,45,45,32,32,32,69,69,69,69,69,67,68,68,74,74,10,75,75,75,58,55,55,55,47,85,85,61,53,0],"gold":77,"neow_bonus":"THREE_ENEMY_KILL","is_prod":false,"is_daily":false,"chose_seed":false,"campfire_upgraded":5,"win_rate":0,"timestamp":1550276413,"path_taken":["M","?","$","?","M","E","M","R","T","M","?","M","?","E","R","BOSS","M","$","M","?","?","R","?","M","T","R","?","M","R","M","R","BOSS","M","$","M","M","$","R","M","?","T","M","?","E"],"build_version":"2019-01-23","purchased_purges":0,"victory":false,"max_hp_per_floor":[75,75,75,75,75,75,75,75,75,75,75,75,75,75,75,75,75,75,75,75,75,75,75,75,75,75,75,75,75,75,75,75,75,75,75,75,75,75,75,75,75,85,85,87,89,89],"card_choices":[{"not_picked":["Steam","Stack"],"picked":"Hello World","floor":1.0},{"not_picked":["Compile Driver","Turbo"],"picked":"Beam Cell","floor":5.0},{"not_picked":["Tempest","Beam Cell"],"picked":"Defragment","floor":6.0},{"not_picked":["Leap","Thunder Strike"],"picked":"Ball Lightning","floor":7.0},{"not_picked":["Rebound","Cold Snap"],"picked":"Darkness","floor":10.0},{"not_picked":["Steam","Hologram"],"picked":"Ball Lightning","floor":12.0},{"not_picked":["Rebound","Compile Driver"],"picked":"Barrage","floor":13.0},{"not_picked":["Hologram","Hello World"],"picked":"Sunder","floor":14.0},{"not_picked":["Machine Learning","Biased Cognition"],"picked":"Amplify","floor":16.0},{"not_picked":["Hologram+1","Sweeping Beam"],"picked":"BootSequence","floor":18.0},{"not_picked":["Streamline","Redo","FTL"],"picked":"SKIP","floor":20.0},{"not_picked":["Go for the Eyes","Scrape+1"],"picked":"Glacier+1","floor":25},{"not_picked":["Lockon+1","Barrage+1"],"picked":"Darkness+1","floor":28},{"not_picked":["Darkness","Steam","Leap"],"picked":"SKIP","floor":29},{"not_picked":["Fusion","Gash+1","Turbo"],"picked":"SKIP","floor":31},{"not_picked":["Seek","Machine Learning"],"picked":"Creative AI","floor":33},{"not_picked":["Coolheaded","Stack+1","Go for the Eyes"],"picked":"SKIP","floor":35},{"not_picked":["Compile Driver+1","Leap+1"],"picked":"Rebound+1","floor":37},{"not_picked":["Lockon","Cold Snap"],"picked":"Hologram+1","floor":38},{"not_picked":["Storm+1","Stack+1","Gash+1"],"picked":"SKIP","floor":41},{"not_picked":["Meteor Strike","Hologram","Coolheaded"],"picked":"Singing Bowl","floor":44},{"not_picked":["Coolheaded+1","Redo","All For One"],"picked":"Singing Bowl","floor":45}],"player_experience":221684,"relics_obtained":[{"floor":6.0,"key":"Regal Pillow"},{"floor":9.0,"key":"Gremlin Horn"},{"floor":14.0,"key":"StoneCalendar"},{"floor":43,"key":"Singing Bowl"}],"event_choices":[{"damage_healed":0.0,"max_hp_gain":0.0,"max_hp_loss":0.0,"gold_gain":0.0,"event_name":"Shining Light","player_choice":"Ignored","floor":2.0,"gold_loss":0.0,"damage_taken":0.0},{"damage_healed":0.0,"max_hp_gain":0.0,"max_hp_loss":0.0,"gold_gain":0.0,"event_name":"Scrap Ooze","player_choice":"Success","floor":4.0,"gold_loss":0.0,"damage_taken":7.0,"relics_obtained":["Du-Vu Doll"]},{"damage_healed":0.0,"max_hp_gain":0.0,"max_hp_loss":0.0,"gold_gain":0.0,"event_name":"Upgrade Shrine","player_choice":"Upgraded","floor":11.0,"gold_loss":0.0,"damage_taken":0.0,"cards_upgraded":["Bandage Up"]},{"damage_healed":0.0,"max_hp_gain":0.0,"max_hp_loss":0.0,"gold_gain":0.0,"event_name":"Addict","player_choice":"Obtained Relic","floor":21.0,"gold_loss":85.0,"damage_taken":0.0,"relics_obtained":["Sundial"]},{"damage_healed":0,"gold_gain":0,"player_choice":"Simplicity","damage_taken":0,"max_hp_gain":0,"max_hp_loss":0,"event_name":"Back to Basics","floor":22,"gold_loss":0,"cards_upgraded":["Strike_B","Strike_B","Strike_B","Strike_B","Defend_B","Defend_B","Defend_B","Defend_B"]},{"damage_healed":0,"gold_gain":0,"player_choice":"Ignored","damage_taken":0,"max_hp_gain":0,"max_hp_loss":0,"event_name":"Ghosts","floor":24,"gold_loss":0},{"cards_removed":["Amplify"],"damage_healed":28,"gold_gain":0,"player_choice":"Offered Rare","damage_taken":0,"max_hp_gain":10,"max_hp_loss":0,"event_name":"Bonfire Elementals","floor":42,"gold_loss":0}],"is_beta":false,"boss_relics":[{"not_picked":["Snecko Eye","Orrery"],"picked":"Velvet Choker"},{"not_picked":["Fusion Hammer","Runic Dome"],"picked":"Black Star"}],"items_purged_floors":[],"is_endless":false,"potions_floor_spawned":[1,7,13,16,20,28,29,33,44,45],"killed_by":"Giant Head","ascension_level":0}