{"gold_per_floor":[109,59,138,157,157,157,202,212,212,228,246,246],"floor_reached":12,"playtime":493,"items_purged":[],"score":88,"play_id":"99151926-79c5-43f9-9be6-5748ffb570ab","local_time":"20181128223209","is_ascension_mode":true,"campfire_choices":[{"data":"Enlightenment","floor":6,"key":"SMITH"}],"neow_cost":"PERCENT_DAMAGE","seed_source_timestamp":27797059295162,"circlet_count":0,"master_deck":["Strike_R","Strike_R","Strike_R","Strike_R","Defend_R","Defend_R","Defend_R","Defend_R","Bash","Madness","Enlightenment+1","Clothesline","Shockwave","Carnage","Headbutt","Exhume"],"relics":["Burning Blood","Ancient Tea Set","Pantograph"],"potions_floor_usage":[12],"damage_taken":[{"damage":3,"enemies":"Jaw Worm","floor":1,"turns":5},{"damage":1,"enemies":"Small Slimes","floor":4,"turns":4},{"damage":3,"enemies":"2 Louse","floor":8,"turns":3},{"damage":8,"enemies":"Looter","floor":10,"turns":2},{"damage":42,"enemies":"Gremlin Gang","floor":11,"turns":7},{"damage":34,"enemies":"3 Sentries","floor":12,"turns":9}],"seed_played":"282682345983189400","potions_obtained":[{"floor":1,"key":"SpeedPotion"}],"is_trial":false,"path_per_floor":["M","?","?","M","?","R","T","M","T","M","M","E"],"character_chosen":"IRONCLAD","items_purchased":[],"campfire_rested":0,"item_purchase_floors":[],"current_hp_per_floor":[59,59,59,64,69,69,69,72,72,70,34,0],"gold":246,"neow_bonus":"RANDOM_COLORLESS_2","is_prod":false,"is_daily":false,"chose_seed":false,"campfire_upgraded":1,"win_rate":0,"timestamp":1543462329,"path_taken":["M","?","?","M","?","R","?","M","T","M","M","E"],"build_version":"2018-11-15","purchased_purges":0,"victory":false,"max_hp_per_floor":[80,80,80,80,85,85,85,85,85,85,85,85],"card_choices":[{"not_picked":["Flex","Anger"],"picked":"Clothesline","floor":1},{"not_picked":["Evolve","Sword Boomerang"],"picked":"Shockwave","floor":4},{"not_picked":["Reckless Charge","Bloodletting"],"picked":"Carnage","floor":8},{"not_picked":["Body Slam","Second Wind"],"picked":"Headbutt","floor":10},{"not_picked":["Pommel Strike","Rupture"],"picked":"Exhume","floor":11}],"player_experience":530352,"relics_obtained":[{"floor":7,"key":"Ancient Tea Set"},{"floor":9,"key":"Pantograph"}],"event_choices":[{"cards_removed":["Strike_R"],"damage_healed":0,"gold_gain":0,"player_choice":"Card Removal","damage_taken":0,"max_hp_gain":0,"max_hp_loss":0,"event_name":"The Cleric","floor":2,"gold_loss":50},{"damage_healed":0,"gold_gain":79,"player_choice":"Gained Gold","damage_taken":0,"max_hp_gain":0,"max_hp_loss":0,"event_name":"Golden Wing","floor":3,"gold_loss":0},{"damage_healed":0,"gold_gain":0,"player_choice":"Donut","damage_taken":0,"max_hp_gain":5,"max_hp_loss":0,"event_name":"Big Fish","floor":5,"gold_loss":0}],"is_beta":true,"boss_relics":[],"items_purged_floors":[],"is_endless":false,"potions_floor_spawned":[1],"killed_by":"3 Sentries","ascension_level":5}