{"gold_per_floor":[20,20,33,45,57,57,68,68,68,68,88,88,88],"floor_reached":13,"playtime":306,"items_purged":[],"score":179,"play_id":"e98872b8-21fc-4f60-a11c-01aeb11aef87","local_time":"20190401153211","is_ascension_mode":true,"campfire_choices":[{"data":"Loop","floor":6,"key":"SMITH"},{"data":"Static Discharge","floor":12,"key":"SMITH"}],"neow_cost":"NO_GOLD","seed_source_timestamp":0,"circlet_count":0,"master_deck":["AscendersBane","Strike_B","Strike_B","Strike_B+1","Defend_B","Defend_B","Defend_B","Defend_B","Zap","Dualcast","Static Discharge+1","Undo+1","Loop+1","Amplify","Lockon","Conserve Battery"],"special_seed":0,"relics":["Cracked Core","Mango","Centennial Puzzle"],"potions_floor_usage":[7,11],"damage_taken":[{"damage":4,"enemies":"Jaw Worm","floor":1,"turns":3},{"damage":11,"enemies":"Small Slimes","floor":3,"turns":3},{"damage":0,"enemies":"2 Louse","floor":4,"turns":2},{"damage":6,"enemies":"Blue Slaver","floor":5,"turns":5},{"damage":9,"enemies":"2 Fungi Beasts","floor":7,"turns":4},{"damage":6,"enemies":"Exordium Wildlife","floor":11,"turns":3},{"damage":17,"enemies":"3 Louse","floor":13,"turns":1}],"seed_played":"5025452096833836536","potions_obtained":[{"floor":1,"key":"Ancient Potion"},{"floor":4,"key":"Energy Potion"},{"floor":7,"key":"Block Potion"},{"floor":11,"key":"Ancient Potion"}],"is_trial":false,"path_per_floor":["M","?","M","M","M","R","M","?","T","?","M","R","M"],"character_chosen":"DEFECT","items_purchased":[],"campfire_rested":0,"item_purchase_floors":[],"current_hp_per_floor":[74,67,56,56,50,50,41,15,15,20,14,14,0],"gold":88,"neow_bonus":"ONE_RARE_RELIC","is_prod":false,"is_daily":false,"chose_seed":false,"campfire_upgraded":2,"win_rate":0,"timestamp":1554147131,"path_taken":["M","?","M","M","M","R","M","?","T","?","M","R","M"],"build_version":"2019-03-15","purchased_purges":0,"victory":false,"max_hp_per_floor":[85,85,85,85,85,85,85,85,85,90,90,90,90],"card_choices":[{"not_picked":["Recycle","Rebound"],"picked":"Static Discharge","floor":1},{"not_picked":["Scrape","Rebound"],"picked":"Undo","floor":3},{"not_picked":["Redo","Darkness"],"picked":"Loop","floor":4},{"not_picked":["Loop","Gash"],"picked":"Amplify","floor":5},{"not_picked":["Compile Driver","Rebound"],"picked":"Lockon","floor":7},{"not_picked":["Go for the Eyes","Steam"],"picked":"Conserve Battery","floor":11}],"player_experience":1051386,"relics_obtained":[{"floor":9,"key":"Centennial Puzzle"}],"event_choices":[{"cards_removed":["Strike_B"],"damage_healed":0,"gold_gain":0,"player_choice":"Card Removal","damage_taken":7,"max_hp_gain":0,"max_hp_loss":0,"event_name":"Golden Wing","floor":2,"gold_loss":0},{"damage_healed":0,"gold_gain":0,"player_choice":"Entered Light","damage_taken":26,"max_hp_gain":0,"max_hp_loss":0,"event_name":"Shining Light","floor":8,"gold_loss":0,"cards_upgraded":["Strike_B","Undo"]},{"damage_healed":0,"gold_gain":0,"player_choice":"Donut","damage_taken":0,"max_hp_gain":5,"max_hp_loss":0,"event_name":"Big Fish","floor":10,"gold_loss":0}],"is_beta":true,"boss_relics":[],"items_purged_floors":[],"is_endless":false,"potions_floor_spawned":[1,4,7,11],"killed_by":"3 Louse","ascension_level":20}