{"gold_per_floor":[118,118,83,97,117,143,143,157,157,169,169,181,219,246,258,371,383,414,437,463,487,511,523,535,12,12,62,0,0,0,19,19,117,117,117,127,127,138,157,216,235,251,297,316,316,316],"floor_reached":46,"playtime":3911,"items_purged":[],"score":516,"play_id":"eaf3a447-f5e8-4b77-adc1-054008f47407","local_time":"20190526210334","is_ascension_mode":true,"campfire_choices":[{"floor":7.0,"key":"RECALL"},{"floor":12.0,"key":"REST"},{"floor":15.0,"key":"REST"},{"floor":23.0,"key":"REST"},{"floor":30.0,"key":"REST"},{"data":"Corpse Explosion","floor":32.0,"key":"SMITH"},{"floor":45,"key":"REST"}],"neow_cost":"NONE","seed_source_timestamp":0,"circlet_count":0,"master_deck":["Defend_G+1","Defend_G+1","Defend_G+1","Defend_G+1","Defend_G+1","Strike_G+1","Strike_G+1","Strike_G+1","Strike_G+1","Strike_G+1","Survivor","Neutralize+1","Cloak And Dagger","Outmaneuver","Deadly Poison","Bane","Flying Knee","Sucker Punch","Poisoned Stab","Flying Knee","Corpse Explosion+1","Bane","Footwork","Deadly Poison+1","Blade Dance+1","Noxious Fumes","PiercingWail","Infinite Blades","Glass Knife","Sucker Punch+1","Deadly Poison+1","Poisoned Stab+1","Outmaneuver+1","Setup","PiercingWail+1","Distraction+1"],"special_seed":0,"relics":["Ring of the Snake","Dodecahedron","Pantograph","MawBank","Sundial","Runic Pyramid","Ninja Scroll","Meat on the Bone","Omamori","WristBlade","Tiny Chest","Centennial Puzzle"],"potions_floor_usage":[],"damage_taken":[{"damage":2.0,"enemies":"2 Louse","floor":1.0,"turns":3.0},{"damage":5.0,"enemies":"Jaw Worm","floor":4.0,"turns":3.0},{"damage":0.0,"enemies":"Cultist","floor":5.0,"turns":3.0},{"damage":28.0,"enemies":"Gremlin Nob","floor":6.0,"turns":5.0},{"damage":0.0,"enemies":"3 Louse","floor":8.0,"turns":3.0},{"damage":1.0,"enemies":"Exordium Wildlife","floor":10.0,"turns":4.0},{"damage":23.0,"enemies":"Lagavulin","floor":13.0,"turns":7.0},{"damage":6.0,"enemies":"Large Slime","floor":14.0,"turns":6.0},{"damage":14.0,"enemies":"Slime Boss","floor":16.0,"turns":9.0},{"damage":7.0,"enemies":"Shell Parasite","floor":18.0,"turns":5.0},{"damage":21.0,"enemies":"Spheric Guardian","floor":19.0,"turns":5.0},{"damage":14.0,"enemies":"Snake Plant","floor":20.0,"turns":5.0},{"damage":17.0,"enemies":"3 Cultists","floor":21.0,"turns":4.0},{"damage":5.0,"enemies":"Snecko","floor":22.0,"turns":6.0},{"damage":6.0,"enemies":"Centurion and Healer","floor":31.0,"turns":5.0},{"damage":59.0,"enemies":"Automaton","floor":33.0,"turns":11.0},{"damage":1.0,"enemies":"Orb Walker","floor":35.0,"turns":3.0},{"damage":0.0,"enemies":"3 Shapes","floor":36.0,"turns":5.0},{"damage":9.0,"enemies":"Transient","floor":38.0,"turns":5.0},{"damage":1.0,"enemies":"4 Shapes","floor":39.0,"turns":5.0},{"damage":30.0,"enemies":"Reptomancer","floor":40.0,"turns":9.0},{"damage":15.0,"enemies":"Sphere and 2 Shapes","floor":41.0,"turns":4.0},{"damage":25.0,"enemies":"Writhing Mass","floor":42.0,"turns":7.0},{"damage":3,"enemies":"4 Shapes","floor":44,"turns":4},{"damage":97,"enemies":"Giant Head","floor":46,"turns":8}],"seed_played":"-6623491486355389938","potions_obtained":[{"floor":6.0,"key":"Block Potion"},{"floor":8.0,"key":"AttackPotion"},{"floor":13.0,"key":"Fire Potion"},{"floor":20.0,"key":"GamblersBrew"},{"floor":31.0,"key":"GamblersBrew"},{"floor":33.0,"key":"FearPotion"},{"floor":36.0,"key":"GhostInAJar"},{"floor":38.0,"key":"PowerPotion"},{"floor":41.0,"key":"GamblersBrew"}],"is_trial":false,"path_per_floor":["M","?","?","M","M","E","R","M","T","M","T","R","E","M","R","B",null,"M","M","M","M","M","R","?","$","T","T","?","$","R","M","R","B",null,"M","M","?","M","M","E","M","M","T","M","R","E"],"character_chosen":"THE_SILENT","items_purchased":["Ninja Scroll","Meat on the Bone","PiercingWail"],"campfire_rested":5,"item_purchase_floors":[25,25,25],"current_hp_per_floor":[68,54,70,65,65,37,37,37,37,36,36,57,34,28,49,56,70,63,42,28,11,6,27,27,27,27,27,27,27,48,42,42,20,70,69,69,69,60,59,41,38,25,25,34,55,0],"gold":316,"neow_bonus":"THREE_CARDS","is_prod":false,"is_daily":false,"chose_seed":false,"campfire_upgraded":1,"win_rate":0,"timestamp":1558919014,"path_taken":["M","?","?","M","M","E","R","M","T","M","?","R","E","M","R","BOSS","M","M","M","M","?","R","?","$","T","?","?","?","R","M","R","BOSS","M","M","?","M","M","E","?","M","T","M","R","E"],"build_version":"2019-01-23","purchased_purges":0,"victory":false,"max_hp_per_floor":[70,70,70,70,70,70,70,70,70,70,70,70,70,70,70,70,70,70,70,70,70,70,70,70,70,70,70,70,70,70,70,70,70,70,70,70,70,70,70,70,70,70,70,70,70,70],"card_choices":[{"not_picked":["All Out Attack","Calculated Gamble"],"picked":"Cloak And Dagger","floor":0.0},{"not_picked":["Prepared","Tactician"],"picked":"Outmaneuver","floor":1.0},{"not_picked":["Reflex","Expertise"],"picked":"Deadly Poison","floor":4.0},{"not_picked":["Outmaneuver","Setup","Dagger Throw"],"picked":"SKIP","floor":5.0},{"not_picked":["Doppelganger","All Out Attack"],"picked":"Bane","floor":6.0},{"not_picked":["Outmaneuver","Acrobatics"],"picked":"Flying Knee","floor":8.0},{"not_picked":["Reflex","Dagger Throw"],"picked":"Sucker Punch","floor":10.0},{"not_picked":["Outmaneuver","Malaise"],"picked":"Poisoned Stab","floor":13.0},{"not_picked":["Dagger Throw","Cloak And Dagger"],"picked":"Flying Knee","floor":14.0},{"not_picked":["Die Die Die","Glass Knife"],"picked":"Corpse Explosion","floor":16.0},{"not_picked":["Cloak And Dagger","Dagger Spray"],"picked":"Bane","floor":18.0},{"not_picked":["Escape Plan","Accuracy"],"picked":"Footwork","floor":19.0},{"not_picked":["Leg Sweep","Sucker Punch"],"picked":"Deadly Poison+1","floor":20.0},{"not_picked":["Deflect","Cloak And Dagger+1"],"picked":"Blade Dance+1","floor":21.0},{"not_picked":["Deflect","Dagger Spray"],"picked":"Noxious Fumes","floor":22.0},{"not_picked":["Quick Slash+1","Distraction"],"picked":"Infinite Blades","floor":31.0},{"not_picked":["After Image","Tools of the Trade"],"picked":"Glass Knife","floor":33.0},{"not_picked":["Catalyst+1","Dagger Throw","Calculated Gamble"],"picked":"SKIP","floor":35.0},{"not_picked":["Flying Knee","Dagger Throw"],"picked":"Sucker Punch+1","floor":36.0},{"not_picked":["Blade Dance+1","Dagger Throw+1"],"picked":"Deadly Poison+1","floor":38.0},{"not_picked":["Choke","Dagger Spray"],"picked":"Poisoned Stab+1","floor":39.0},{"not_picked":["Acrobatics","Backflip"],"picked":"Outmaneuver+1","floor":40.0},{"not_picked":["Well Laid Plans","Wraith Form v2"],"picked":"Setup","floor":41.0},{"not_picked":["Bane","Caltrops+1"],"picked":"PiercingWail+1","floor":42.0},{"not_picked":["Bane","Underhanded Strike"],"picked":"Distraction+1","floor":44}],"player_experience":377790,"relics_obtained":[{"floor":6.0,"key":"Dodecahedron"},{"floor":9.0,"key":"Pantograph"},{"floor":11.0,"key":"MawBank"},{"floor":13.0,"key":"Sundial"},{"floor":27.0,"key":"Omamori"},{"floor":40.0,"key":"Tiny Chest"},{"floor":43.0,"key":"Centennial Puzzle"}],"event_choices":[{"damage_healed":0.0,"max_hp_gain":0.0,"max_hp_loss":0.0,"gold_gain":0.0,"event_name":"Shining Light","player_choice":"Entered Light","floor":2.0,"gold_loss":0.0,"damage_taken":14.0,"cards_upgraded":["Neutralize","Strike_G"]},{"damage_healed":17.0,"max_hp_gain":0.0,"max_hp_loss":0.0,"gold_gain":0.0,"event_name":"The Cleric","player_choice":"Healed","floor":3.0,"gold_loss":35.0,"damage_taken":0.0},{"damage_healed":0.0,"max_hp_gain":0.0,"max_hp_loss":0.0,"gold_gain":0.0,"event_name":"Back to Basics","player_choice":"Simplicity","floor":24.0,"gold_loss":0.0,"damage_taken":0.0,"cards_upgraded":["Defend_G","Defend_G","Defend_G","Defend_G","Defend_G","Strike_G","Strike_G","Strike_G","Strike_G"]},{"damage_healed":0.0,"max_hp_gain":0.0,"max_hp_loss":0.0,"gold_gain":0.0,"event_name":"Masked Bandits","player_choice":"Paid Fearfully","floor":28.0,"gold_loss":62.0,"damage_taken":0.0},{"damage_healed":0.0,"max_hp_gain":0.0,"max_hp_loss":0.0,"gold_gain":0.0,"event_name":"Transmorgrifier","player_choice":"Ignored","floor":37.0,"gold_loss":0.0,"damage_taken":0.0}],"is_beta":false,"boss_relics":[{"not_picked":["Sozu","Ectoplasm"],"picked":"Runic Pyramid"},{"not_picked":["Busted Crown","Calling Bell"],"picked":"WristBlade"}],"items_purged_floors":[],"is_endless":false,"potions_floor_spawned":[6,8,13,20,31,33,36,38,41],"killed_by":"Giant Head","ascension_level":1}