{"gold_per_floor":[114,114,38,38,56,56,90,90,165,165,340,340,375,386,386,490,490,505,515,32,32,48,48,48,83,130,130],"floor_reached":27,"playtime":1914,"items_purged":[],"score":237,"play_id":"c0f7c4ca-5eec-48a3-9181-4eb0720bebc1","local_time":"20190626142732","is_ascension_mode":false,"campfire_choices":[{"data":"Caltrops","floor":6,"key":"SMITH"},{"data":"Cloak And Dagger","floor":8,"key":"SMITH"},{"floor":12,"key":"REST"},{"data":"Distraction","floor":15,"key":"SMITH"},{"floor":23,"key":"REST"}],"neow_cost":"NONE","seed_source_timestamp":388698844168157,"circlet_count":0,"master_deck":["Defend_G","Defend_G","Defend_G","Defend_G","Defend_G","Strike_G","Strike_G","Strike_G","Strike_G","Strike_G","Survivor+1","Neutralize+1","Cloak And Dagger+1","Dagger Spray","Crippling Poison","Poisoned Stab","Caltrops+1","Outmaneuver","Blade Dance+1","Deadly Poison","Doubt","Distraction+1","Dagger Spray","Corpse Explosion","Skewer","Blade Dance+1","Noxious Fumes","Distraction","Slice","Necronomicurse","Footwork","Doubt"],"relics":["Orrery","Regal Pillow","Pantograph","Cursed Key","HandDrill","Pen Nib","Necronomicon","Gremlin Horn","Omamori"],"potions_floor_usage":[7,16,19,25,25,27],"damage_taken":[{"damage":3,"enemies":"2 Louse","floor":1,"turns":2},{"damage":0,"enemies":"Jaw Worm","floor":5,"turns":4},{"damage":20,"enemies":"Lagavulin","floor":7,"turns":8},{"damage":11,"enemies":"3 Sentries","floor":13,"turns":6},{"damage":4,"enemies":"Small Slimes","floor":14,"turns":4},{"damage":50,"enemies":"The Guardian","floor":16,"turns":10},{"damage":8,"enemies":"Shell Parasite","floor":18,"turns":5},{"damage":9,"enemies":"2 Thieves","floor":19,"turns":3},{"damage":39,"enemies":"3 Cultists","floor":22,"turns":5},{"damage":9,"enemies":"Book of Stabbing","floor":25,"turns":5},{"damage":32,"enemies":"Slavers","floor":27,"turns":2}],"seed_played":"-6922173560383900188","potions_obtained":[{"floor":1,"key":"SpeedPotion"},{"floor":13,"key":"Swift Potion"},{"floor":16,"key":"LiquidBronze"},{"floor":18,"key":"SteroidPotion"},{"floor":22,"key":"Poison Potion"}],"is_trial":false,"path_per_floor":["M","?","$","?","M","R","E","R","T","?","?","R","E","M","R","B",null,"M","M","$","?","M","R","?","E","T","E"],"character_chosen":"THE_SILENT","items_purchased":["EssenceOfSteel","Noxious Fumes","HandDrill","Pen Nib","Distraction"],"campfire_rested":2,"item_purchase_floors":[3,20,20,20,20],"current_hp_per_floor":[67,72,72,57,57,57,37,37,37,37,37,74,63,59,59,25,75,67,58,58,58,19,56,40,31,31,0],"gold":130,"neow_bonus":"BOSS_RELIC","is_prod":false,"is_daily":false,"chose_seed":false,"campfire_upgraded":3,"win_rate":0,"timestamp":1561577252,"path_taken":["M","?","$","?","M","R","E","R","T","?","?","R","E","M","R","BOSS","M","M","$","?","M","R","?","E","T","E"],"build_version":"2019-01-23","purchased_purges":0,"victory":false,"max_hp_per_floor":[70,75,75,75,75,75,75,75,75,75,75,75,75,75,75,75,75,75,75,75,75,75,75,75,75,75,75],"card_choices":[{"not_picked":["Reflex","Riddle With Holes"],"picked":"Cloak And Dagger","floor":0},{"not_picked":["Masterful Stab","Backflip"],"picked":"Dagger Spray","floor":0},{"not_picked":["Leg Sweep","PiercingWail"],"picked":"Crippling Poison","floor":0},{"not_picked":["Underhanded Strike","Outmaneuver"],"picked":"Poisoned Stab","floor":0},{"not_picked":["Poisoned Stab","Dodge and Roll"],"picked":"Caltrops","floor":0},{"not_picked":["Reflex","Well Laid Plans"],"picked":"Outmaneuver","floor":1},{"not_picked":["Dodge and Roll","Leg Sweep"],"picked":"Blade Dance","floor":5},{"not_picked":["Deflect","Sucker Punch"],"picked":"Deadly Poison","floor":7},{"not_picked":["Tools of the Trade","Acrobatics"],"picked":"Distraction","floor":13},{"not_picked":["Finisher","Outmaneuver"],"picked":"Dagger Spray","floor":14},{"not_picked":["Night Terror","Bullet Time"],"picked":"Corpse Explosion","floor":16},{"not_picked":["Dagger Spray","Flying Knee"],"picked":"Skewer","floor":18},{"not_picked":["Deflect+1","Masterful Stab"],"picked":"Blade Dance+1","floor":19},{"not_picked":["Endless Agony","Flying Knee"],"picked":"Slice","floor":22},{"not_picked":["Cloak And Dagger","Night Terror"],"picked":"Footwork","floor":25}],"player_experience":98928,"relics_obtained":[{"floor":7,"key":"Regal Pillow"},{"floor":13,"key":"Pantograph"},{"floor":24,"key":"Necronomicon"},{"floor":25,"key":"Gremlin Horn"},{"floor":26,"key":"Omamori"}],"event_choices":[{"damage_healed":0,"gold_gain":0,"player_choice":"Donut","damage_taken":0,"max_hp_gain":5,"max_hp_loss":0,"event_name":"Big Fish","floor":2,"gold_loss":0},{"damage_healed":0,"gold_gain":0,"player_choice":"Entered Light","damage_taken":15,"max_hp_gain":0,"max_hp_loss":0,"event_name":"Shining Light","floor":4,"gold_loss":0,"cards_upgraded":["Survivor","Neutralize"]},{"damage_healed":0,"gold_gain":0,"player_choice":"Grow","damage_taken":0,"max_hp_gain":0,"max_hp_loss":0,"event_name":"Living Wall","floor":10,"gold_loss":0,"cards_upgraded":["Blade Dance"]},{"damage_healed":0,"gold_gain":175,"player_choice":"AGREE","damage_taken":0,"max_hp_gain":0,"max_hp_loss":0,"event_name":"Liars Game","floor":11,"gold_loss":0,"cards_obtained":["Doubt"]},{"damage_healed":0,"gold_gain":0,"player_choice":"Ignored","damage_taken":0,"max_hp_gain":0,"max_hp_loss":0,"event_name":"Vampires","floor":21,"gold_loss":0},{"damage_healed":0,"gold_gain":0,"player_choice":"Obtained Book","damage_taken":16,"max_hp_gain":0,"max_hp_loss":0,"event_name":"Cursed Tome","floor":24,"gold_loss":0}],"is_beta":false,"boss_relics":[{"not_picked":["Snecko Eye","Velvet Choker"],"picked":"Cursed Key"}],"items_purged_floors":[],"is_endless":false,"potions_floor_spawned":[1,13,16,18,22],"killed_by":"Slavers","ascension_level":0}