{"gold_per_floor":[119,119,119,135,135,168,70,84,84,84,104,104,140,161,161,289,289,313,313,313,327,327,327,361,361,361,361,411,435,449,44,44,167,167,187,206,225,558,558,591,591,191,191,16,16,28,43,43,43,43],"floor_reached":51,"playtime":4107,"items_purged":["Corruption"],"score":753,"play_id":"9e566afb-501e-4e85-8dca-294d59987741","local_time":"20180919190028","is_ascension_mode":false,"campfire_choices":[{"floor":10,"key":"REST"},{"floor":12,"key":"REST"},{"data":"Barricade","floor":15,"key":"SMITH"},{"data":"Juggernaut","floor":23,"key":"SMITH"},{"floor":25,"key":"REST"},{"data":"Juggernaut","floor":32,"key":"SMITH"},{"floor":41,"key":"REST"},{"floor":49,"key":"REST"}],"neow_cost":"NONE","seed_source_timestamp":62507906338961,"circlet_count":0,"master_deck":["Strike_R","Strike_R","Strike_R","Strike_R","Defend_R","Defend_R+1","Defend_R","Defend_R+1","Bash","Barricade+1","Rage","Flame Barrier","Sword Boomerang","Shrug It Off","Metallicize","Flex","Juggernaut+1","Shrug It Off","Demon Form","Twin Strike","Clothesline+1","Inflame+1","Flame Barrier","Iron Wave+1","Juggernaut+1","Whirlwind","Shrug It Off+1","Perfected Strike+1","Wild Strike+1","Heavy Blade","Cleave","Entrench+1","Madness+1","Madness+1"],"relics":["Black Blood","Nunchaku","Mummified Hand","FossilizedHelix","MutagenicStrength","Shuriken","Self Forming Clay","War Paint","Bottled Flame","Black Star","Toxic Egg 2","Kunai","Torii","Shovel","Blood Vial"],"potions_floor_usage":[6,13,21,24,24,24,24,40,40,46,47,50],"damage_taken":[{"damage":7,"enemies":"2 Louse","floor":1,"turns":3},{"damage":5,"enemies":"Cultist","floor":4,"turns":6},{"damage":59,"enemies":"Gremlin Nob","floor":6,"turns":7},{"damage":7,"enemies":"Small Slimes","floor":8,"turns":8},{"damage":9,"enemies":"Blue Slaver","floor":11,"turns":6},{"damage":14,"enemies":"3 Sentries","floor":13,"turns":14},{"damage":0,"enemies":"Looter","floor":14,"turns":3},{"damage":0,"enemies":"The Guardian","floor":16,"turns":12},{"damage":9,"enemies":"Spheric Guardian","floor":18,"turns":6},{"damage":0,"enemies":"Shell Parasite","floor":21,"turns":4},{"damage":76,"enemies":"Slavers","floor":24,"turns":6},{"damage":8,"enemies":"Snake Plant","floor":29,"turns":4},{"damage":0,"enemies":"Shelled Parasite and Fungi","floor":30,"turns":7},{"damage":38,"enemies":"Collector","floor":33,"turns":10},{"damage":29,"enemies":"3 Shapes","floor":35,"turns":5},{"damage":20,"enemies":"3 Darklings","floor":36,"turns":6},{"damage":20,"enemies":"Reptomancer","floor":37,"turns":9},{"damage":44,"enemies":"Giant Head","floor":40,"turns":9},{"damage":7,"enemies":"4 Shapes","floor":46,"turns":7},{"damage":0,"enemies":"Maw","floor":47,"turns":8},{"damage":65,"enemies":"Time Eater","floor":50,"turns":13}],"seed_played":"-2183602348772411198","potions_obtained":[{"floor":1,"key":"BloodPotion"},{"floor":4,"key":"Dexterity Potion"},{"floor":6,"key":"Ancient Potion"},{"floor":13,"key":"SteroidPotion"},{"floor":18,"key":"EntropicBrew"},{"floor":21,"key":"FairyPotion"},{"floor":35,"key":"Strength Potion"},{"floor":39,"key":"Poison Potion"},{"floor":39,"key":"Explosive Potion"},{"floor":46,"key":"Ancient Potion"}],"is_trial":false,"path_per_floor":["M","?","$","M","?","E","$","M","T","R","M","R","E","M","R","B",null,"M","?","?","M","?","R","E","R","T","?","T","M","M","$","R","B",null,"M","M","M","?","?","E","R","$","T","$","$","M","M","?","R","B"],"character_chosen":"IRONCLAD","items_purchased":["Shrug It Off","Juggernaut","Bottled Flame","Torii","Heavy Blade","Regen Potion","Blood Vial","Cleave"],"campfire_rested":5,"item_purchase_floors":[7,31,31,42,42,42,44,44],"current_hp_per_floor":[79,79,79,80,60,15,15,14,14,38,35,59,51,57,57,63,80,80,80,65,75,75,75,18,43,43,71,71,73,83,83,83,55,85,66,56,46,46,46,12,37,37,37,37,37,57,69,58,83,30],"gold":43,"neow_bonus":"ONE_RANDOM_RARE_CARD","is_prod":false,"is_daily":false,"chose_seed":false,"campfire_upgraded":3,"win_rate":0.0,"timestamp":1537401628,"path_taken":["M","?","?","M","?","E","$","?","T","R","M","R","E","M","R","BOSS","M","?","?","M","?","R","E","R","T","?","?","M","M","?","R","BOSS","M","M","M","?","?","E","R","$","T","?","$","M","?","?","R","BOSS"],"build_version":"2018-09-06","purchased_purges":1,"victory":true,"max_hp_per_floor":[80,80,80,80,80,80,80,80,80,80,80,80,80,80,80,80,80,80,80,85,85,85,85,85,85,85,85,85,85,85,85,85,85,85,85,85,85,85,85,85,85,85,85,85,85,85,85,85,85,85],"card_choices":[{"not_picked":["Seeing Red","Evolve"],"picked":"Rage","floor":1},{"not_picked":["Thunderclap","Iron Wave"],"picked":"Flame Barrier","floor":4},{"not_picked":["Sentinel","Exhume"],"picked":"Sword Boomerang","floor":6},{"not_picked":["Headbutt","Heavy Blade"],"picked":"Metallicize","floor":8},{"not_picked":["Warcry","Corruption"],"picked":"Flex","floor":11},{"not_picked":["Rupture","Clash"],"picked":"Juggernaut","floor":13},{"not_picked":["Dropkick","Uppercut"],"picked":"Shrug It Off","floor":14},{"not_picked":["Impervious","Immolate"],"picked":"Demon Form","floor":16},{"not_picked":["Sword Boomerang","Headbutt"],"picked":"Twin Strike","floor":18},{"not_picked":["Headbutt","Havoc"],"picked":"Clothesline+1","floor":21},{"not_picked":["Body Slam","Havoc+1"],"picked":"Inflame+1","floor":24},{"not_picked":["Warcry+1","Armaments+1"],"picked":"Flame Barrier","floor":29},{"not_picked":["Twin Strike","Shrug It Off"],"picked":"Iron Wave+1","floor":30},{"not_picked":["Warcry+1","Burning Pact+1"],"picked":"Whirlwind","floor":35},{"not_picked":["Sever Soul+1","Iron Wave+1"],"picked":"Shrug It Off+1","floor":36},{"not_picked":["Pummel","Uppercut+1"],"picked":"Perfected Strike+1","floor":37},{"not_picked":["Cleave","Power Through+1"],"picked":"Wild Strike+1","floor":40},{"not_picked":["True Grit+1","Whirlwind+1"],"picked":"Entrench+1","floor":46},{"not_picked":["Havoc+1","Armaments+1","Evolve"],"picked":"SKIP","floor":47}],"player_experience":42230,"relics_obtained":[{"floor":6,"key":"Nunchaku"},{"floor":9,"key":"Mummified Hand"},{"floor":13,"key":"FossilizedHelix"},{"floor":24,"key":"Shuriken"},{"floor":26,"key":"Self Forming Clay"},{"floor":28,"key":"War Paint"},{"floor":40,"key":"Toxic Egg 2"},{"floor":40,"key":"Kunai"},{"floor":43,"key":"Shovel"}],"event_choices":[{"event_name":"Transmorgrifier","player_choice":"Transform","floor":2,"damage_taken":0},{"event_name":"Golden Idol","player_choice":"Take Damage","floor":5,"damage_taken":0},{"event_name":"Drug Dealer","player_choice":"Inject Mutagens","floor":19,"damage_taken":0},{"event_name":"Forgotten Altar","player_choice":"Shed Blood","floor":20,"damage_taken":0},{"event_name":"Ghosts","player_choice":"Ignored","floor":22,"damage_taken":0},{"event_name":"The Library","player_choice":"Heal","floor":27,"damage_taken":0},{"event_name":"The Moai Head","player_choice":"Gave Idol","floor":38,"damage_taken":0},{"event_name":"The Lab","player_choice":"Got Potions","floor":39,"damage_taken":0},{"event_name":"Winding Halls","player_choice":"Embrace Madness","floor":48,"damage_taken":0}],"is_beta":false,"boss_relics":[{"not_picked":["Philosopher\u0027s Stone","Empty Cage"],"picked":"Black Blood"},{"not_picked":["Coffee Dripper","Calling Bell"],"picked":"Black Star"}],"items_purged_floors":[7],"is_endless":false,"potions_floor_spawned":[1,4,6,13,18,21,35,46],"ascension_level":0}