{"gold_per_floor":[110,110,131,156,174,217,217,253,253,273,298,317,330,330,330,455,455,480,498,11,11,11],"floor_reached":22,"playtime":2381,"items_purged":[],"score":220,"play_id":"f0b77cf6-dc7a-40cf-b330-ae3718ed2b80","local_time":"20190605183658","is_ascension_mode":true,"campfire_choices":[{"floor":7.0,"key":"REST"},{"floor":15,"key":"REST"}],"neow_cost":"NONE","seed_source_timestamp":0,"circlet_count":0,"master_deck":["Defend_G","Defend_G","Defend_G","Defend_G","Defend_G","Strike_G","Strike_G","Strike_G","Strike_G","Strike_G","Survivor","Neutralize","Deadly Poison","Injury","Sucker Punch","Bane","Infinite Blades","Poisoned Stab","Acrobatics+1","Footwork","Leg Sweep+1","PiercingWail+1","After Image","Escape Plan+1","Slice","Outmaneuver+1","Noxious Fumes","Burst+1","Jack Of All Trades+1"],"special_seed":0,"relics":["Ring of the Serpent","Smiling Mask","Golden Idol","Bag of Preparation","Toxic Egg 2","Paper Crane","MealTicket","Oddly Smooth Stone"],"potions_floor_usage":[16,16,16,18,22],"damage_taken":[{"damage":0.0,"enemies":"2 Louse","floor":1.0,"turns":3.0},{"damage":3.0,"enemies":"Jaw Worm","floor":3.0,"turns":4.0},{"damage":0.0,"enemies":"Cultist","floor":4.0,"turns":3.0},{"damage":4.0,"enemies":"2 Fungi Beasts","floor":5.0,"turns":4.0},{"damage":48.0,"enemies":"3 Sentries","floor":6.0,"turns":11.0},{"damage":23.0,"enemies":"Gremlin Nob","floor":8.0,"turns":5.0},{"damage":1.0,"enemies":"Looter","floor":10.0,"turns":4.0},{"damage":0.0,"enemies":"Exordium Thugs","floor":11.0,"turns":5.0},{"damage":0,"enemies":"2 Fungi Beasts","floor":12,"turns":5},{"damage":0,"enemies":"Blue Slaver","floor":13,"turns":6},{"damage":11,"enemies":"Hexaghost","floor":16,"turns":9},{"damage":27,"enemies":"Spheric Guardian","floor":18,"turns":8},{"damage":20,"enemies":"Chosen","floor":19,"turns":7},{"damage":24,"enemies":"Snecko","floor":22,"turns":4}],"seed_played":"4910810629533196842","potions_obtained":[{"floor":3.0,"key":"Weak Potion"},{"floor":5.0,"key":"FearPotion"},{"floor":6.0,"key":"Weak Potion"},{"floor":12,"key":"FearPotion"},{"floor":13,"key":"LiquidBronze"},{"floor":16,"key":"PowerPotion"},{"floor":19,"key":"Dexterity Potion"}],"is_trial":false,"path_per_floor":["M","?","M","M","M","E","R","E","T","M","M","M","M","?","R","B",null,"M","M","$","?","M"],"character_chosen":"THE_SILENT","items_purchased":["MealTicket","Outmaneuver+1","Oddly Smooth Stone","Noxious Fumes"],"campfire_rested":2,"item_purchase_floors":[20,20,20,20],"current_hp_per_floor":[70,70,67,67,63,15,36,13,13,12,12,12,12,12,33,22,70,43,23,23,23,0],"gold":11,"neow_bonus":"RANDOM_COMMON_RELIC","is_prod":false,"is_daily":false,"chose_seed":false,"campfire_upgraded":0,"win_rate":0,"timestamp":1559774218,"path_taken":["M","?","M","M","M","E","R","E","T","M","M","M","M","?","R","BOSS","M","M","$","?","?"],"build_version":"2019-01-23","purchased_purges":0,"victory":false,"max_hp_per_floor":[70,70,70,70,70,70,70,70,70,70,70,70,70,70,70,70,70,70,70,70,70,70],"card_choices":[{"not_picked":["Bane","Expertise"],"picked":"Deadly Poison","floor":1.0},{"not_picked":["Dagger Spray","Deflect"],"picked":"Sucker Punch","floor":3.0},{"not_picked":["Dodge and Roll","Eviscerate"],"picked":"Bane","floor":4.0},{"not_picked":["Escape Plan","Tactician"],"picked":"Infinite Blades","floor":5.0},{"not_picked":["Concentrate","Underhanded Strike","Glass Knife"],"picked":"SKIP","floor":6.0},{"not_picked":["Bane","Concentrate"],"picked":"Poisoned Stab","floor":8.0},{"not_picked":["Finisher","Flechettes"],"picked":"Acrobatics+1","floor":10.0},{"not_picked":["Dodge and Roll+1","Expertise+1"],"picked":"Footwork","floor":11},{"not_picked":["Tactician+1","Blade Dance+1"],"picked":"Leg Sweep+1","floor":12},{"not_picked":["Choke","Quick Slash"],"picked":"PiercingWail+1","floor":13},{"not_picked":["Tools of the Trade","Glass Knife"],"picked":"After Image","floor":16},{"not_picked":["Flying Knee","Quick Slash"],"picked":"Escape Plan+1","floor":18},{"not_picked":["Heel Hook","Dagger Throw"],"picked":"Slice","floor":19}],"player_experience":429087,"relics_obtained":[{"floor":6.0,"key":"Bag of Preparation"},{"floor":8.0,"key":"Toxic Egg 2"},{"floor":9.0,"key":"Paper Crane"}],"event_choices":[{"damage_healed":0.0,"max_hp_gain":0.0,"max_hp_loss":0.0,"gold_gain":0.0,"event_name":"Golden Idol","player_choice":"Take Wound","floor":2.0,"gold_loss":0.0,"damage_taken":0.0,"relics_obtained":["Golden Idol"],"cards_obtained":["Injury"]},{"damage_healed":0,"gold_gain":0,"player_choice":"Ignored","damage_taken":0,"max_hp_gain":0,"max_hp_loss":0,"event_name":"Golden Wing","floor":14,"gold_loss":0},{"damage_healed":0,"gold_gain":0,"player_choice":"2 cards matched","damage_taken":0,"max_hp_gain":0,"max_hp_loss":0,"event_name":"Match and Keep!","floor":21,"gold_loss":0,"cards_obtained":["Burst","Jack Of All Trades"]}],"is_beta":false,"boss_relics":[{"not_picked":["Fusion Hammer","Runic Dome"],"picked":"Ring of the Serpent"}],"items_purged_floors":[],"is_endless":false,"potions_floor_spawned":[3,5,6,12,13,16,19],"killed_by":"Snecko","ascension_level":2}