{"gold_per_floor":[111,127,77,91,91,91,104,119,146,146,117,150,161,176,176,275,275,289,321,332,332,332],"floor_reached":22,"playtime":1106,"items_purged":[],"score":207,"play_id":"887a1fe4-b1c1-4bf8-a6ca-74500f07cb12","local_time":"20190709233420","is_ascension_mode":true,"campfire_choices":[{"data":"Streamline","floor":6,"key":"SMITH"},{"data":"Chaos","floor":15,"key":"SMITH"}],"neow_cost":"NONE","seed_source_timestamp":1462508803426200,"circlet_count":0,"master_deck":["Strike_B","Strike_B","Strike_B","Defend_B","Defend_B","Defend_B","Defend_B+1","Zap","Dualcast","Streamline+1","Static Discharge+1","Lockon","Gash","Chaos+1","Auto Shields","Glacier","Gash","Amplify","Scrape","Gash","Hologram"],"relics":["Cracked Core","PreservedInsect","Bag of Preparation","Inserter","Red Mask"],"potions_floor_usage":[8,19,19,19],"damage_taken":[{"damage":0,"enemies":"2 Louse","floor":1,"turns":1},{"damage":3,"enemies":"Small Slimes","floor":2,"turns":3},{"damage":3,"enemies":"Jaw Worm","floor":4,"turns":4},{"damage":12,"enemies":"3 Louse","floor":7,"turns":3},{"damage":12,"enemies":"Exordium Wildlife","floor":8,"turns":3},{"damage":11,"enemies":"Gremlin Nob","floor":12,"turns":3},{"damage":0,"enemies":"2 Fungi Beasts","floor":13,"turns":3},{"damage":4,"enemies":"3 Louse","floor":14,"turns":4},{"damage":5,"enemies":"Hexaghost","floor":16,"turns":8},{"damage":9,"enemies":"3 Byrds","floor":18,"turns":2},{"damage":41,"enemies":"Masked Bandits","floor":19,"turns":4},{"damage":3,"enemies":"Spheric Guardian","floor":20,"turns":3},{"damage":6,"enemies":"3 Cultists","floor":22,"turns":2}],"seed_played":"6634060646006396168","potions_obtained":[{"floor":7,"key":"Block Potion"},{"floor":8,"key":"Block Potion"},{"floor":13,"key":"SkillPotion"},{"floor":14,"key":"Explosive Potion"}],"is_trial":false,"path_per_floor":["M","M","?","M","?","R","M","M","T","?","?","E","M","M","R","B",null,"M","?","M","?","M"],"character_chosen":"DEFECT","items_purchased":[],"campfire_rested":0,"item_purchase_floors":[],"current_hp_per_floor":[82,79,79,76,81,81,69,57,57,40,40,29,29,25,25,20,87,78,37,34,63,57],"gold":332,"neow_bonus":"TEN_PERCENT_HP_BONUS","is_prod":false,"is_daily":false,"chose_seed":false,"campfire_upgraded":2,"win_rate":0,"timestamp":1562729660,"path_taken":["M","M","?","M","?","R","M","M","T","?","?","E","?","M","R","BOSS","M","?","M","?","M"],"build_version":"2019-07-05","purchased_purges":0,"victory":false,"max_hp_per_floor":[82,82,82,82,87,87,87,87,87,87,87,87,87,87,87,87,87,87,87,87,87,87],"card_choices":[{"not_picked":["Stack","Darkness"],"picked":"Streamline","floor":1},{"not_picked":["Barrage","Doom and Gloom"],"picked":"Static Discharge","floor":2},{"not_picked":["Aggregate","Rebound"],"picked":"Lockon","floor":4},{"not_picked":["Cold Snap","Go for the Eyes"],"picked":"Gash","floor":7},{"not_picked":["Turbo","Go for the Eyes"],"picked":"Chaos","floor":8},{"not_picked":["Loop","Conserve Battery"],"picked":"Auto Shields","floor":12},{"not_picked":["Reprogram","Auto Shields"],"picked":"Glacier","floor":13},{"not_picked":["Force Field","Streamline"],"picked":"Gash","floor":14},{"not_picked":["Seek","Biased Cognition"],"picked":"Amplify","floor":16},{"not_picked":["Blizzard","Stack+1"],"picked":"Scrape","floor":18},{"not_picked":["Lockon","Force Field+1"],"picked":"Gash","floor":19},{"not_picked":["Consume","Steam Power+1"],"picked":"Hologram","floor":20}],"player_experience":695468,"relics_obtained":[{"floor":9,"key":"PreservedInsect"},{"floor":12,"key":"Bag of Preparation"},{"floor":19,"key":"Red Mask"}],"event_choices":[{"cards_removed":["Strike_B"],"damage_healed":0,"gold_gain":0,"player_choice":"Card Removal","damage_taken":0,"max_hp_gain":0,"max_hp_loss":0,"event_name":"The Cleric","floor":3,"gold_loss":50},{"damage_healed":0,"gold_gain":0,"player_choice":"Donut","damage_taken":0,"max_hp_gain":5,"max_hp_loss":0,"event_name":"Big Fish","floor":5,"gold_loss":0},{"damage_healed":0,"gold_gain":0,"player_choice":"Entered Light","damage_taken":17,"max_hp_gain":0,"max_hp_loss":0,"event_name":"Shining Light","floor":10,"gold_loss":0,"cards_upgraded":["Static Discharge","Defend_B"]},{"damage_healed":0,"gold_gain":0,"player_choice":"Left Gold","damage_taken":0,"max_hp_gain":0,"max_hp_loss":0,"event_name":"World of Goop","floor":11,"gold_loss":29},{"damage_healed":0,"gold_gain":0,"player_choice":"Fought Bandits","damage_taken":0,"max_hp_gain":0,"max_hp_loss":0,"event_name":"Masked Bandits","floor":19,"gold_loss":0},{"damage_healed":29,"gold_gain":0,"player_choice":"Heal","damage_taken":0,"max_hp_gain":0,"max_hp_loss":0,"event_name":"The Library","floor":21,"gold_loss":0}],"is_beta":false,"boss_relics":[{"not_picked":["FrozenCore","Runic Pyramid"],"picked":"Inserter"}],"items_purged_floors":[],"is_endless":false,"potions_floor_spawned":[7,8,13,14,16,18],"killed_by":"3 Cultists","ascension_level":2}