{"gold_per_floor":[111,129,142,160,160,160,178,178,249,264,264,288,303,317,317,412,412,431,451,143,158,1,1,13,48,48,48,48,65,65,78,78,175,175,195,208,225,239,250,250,250],"floor_reached":41,"playtime":2554,"items_purged":[],"score":594,"play_id":"a6754b6d-785c-4e70-94fb-a0b831238c17","local_time":"20181129174356","is_ascension_mode":true,"campfire_choices":[{"data":"Combust","floor":6,"key":"SMITH"},{"data":"Shrug It Off","floor":8,"key":"SMITH"},{"data":"Body Slam","floor":11,"key":"SMITH"},{"data":"Armaments","floor":15,"key":"SMITH"},{"data":"Shrug It Off","floor":23,"key":"SMITH"},{"data":"Battle Trance","floor":27,"key":"SMITH"},{"data":"Shrug It Off","floor":32,"key":"SMITH"},{"data":"Feed","floor":40,"key":"SMITH"}],"neow_cost":"NONE","seed_source_timestamp":94842665690869,"circlet_count":0,"master_deck":["Strike_R","Strike_R","Strike_R","Strike_R","Defend_R","Defend_R","Defend_R","Defend_R","Bash","Combust+1","Battle Trance+1","Reaper","Rupture","Shrug It Off+1","Body Slam+1","Armaments+1","Offering","Rupture","Shrug It Off+1","Seeing Red","Rupture","Shrug It Off+1","Offering","Iron Wave+1","Dual Wield+1","Armaments+1","True Grit","Bloodletting+1","Shrug It Off","Feed+1"],"relics":["Burning Blood","Kunai","Orichalcum","Coffee Dripper","Tiny Chest","MealTicket","Bag of Marbles","Unceasing Top","Letter Opener","Orrery"],"potions_floor_usage":[1,4,4,14,21,25,31,33,41],"damage_taken":[{"damage":4,"enemies":"2 Louse","floor":1,"turns":4},{"damage":8,"enemies":"Cultist","floor":2,"turns":4},{"damage":7,"enemies":"Jaw Worm","floor":3,"turns":3},{"damage":38,"enemies":"Exordium Thugs","floor":4,"turns":4},{"damage":8,"enemies":"2 Fungi Beasts","floor":7,"turns":3},{"damage":17,"enemies":"Large Slime","floor":10,"turns":6},{"damage":34,"enemies":"Exordium Thugs","floor":13,"turns":4},{"damage":9,"enemies":"Lots of Slimes","floor":14,"turns":2},{"damage":32,"enemies":"The Guardian","floor":16,"turns":12},{"damage":10,"enemies":"Chosen","floor":18,"turns":2},{"damage":27,"enemies":"Shell Parasite","floor":19,"turns":3},{"damage":19,"enemies":"Snecko","floor":21,"turns":4},{"damage":9,"enemies":"Centurion and Healer","floor":24,"turns":4},{"damage":7,"enemies":"Book of Stabbing","floor":25,"turns":4},{"damage":17,"enemies":"Snake Plant","floor":29,"turns":4},{"damage":21,"enemies":"Chosen and Byrds","floor":31,"turns":6},{"damage":31,"enemies":"Automaton","floor":33,"turns":8},{"damage":13,"enemies":"Orb Walker","floor":35,"turns":3},{"damage":43,"enemies":"3 Darklings","floor":36,"turns":4},{"damage":33,"enemies":"Spire Growth","floor":37,"turns":4},{"damage":17,"enemies":"Sphere and 2 Shapes","floor":38,"turns":3},{"damage":26,"enemies":"3 Darklings","floor":39,"turns":6},{"damage":63,"enemies":"Transient","floor":41,"turns":5}],"seed_played":"-6145313584188708831","potions_obtained":[{"floor":0,"key":"SneckoOil"},{"floor":0,"key":"Poison Potion"},{"floor":0,"key":"SneckoOil"},{"floor":1,"key":"BloodPotion"},{"floor":2,"key":"SkillPotion"},{"floor":13,"key":"SpeedPotion"},{"floor":18,"key":"Energy Potion"},{"floor":21,"key":"Block Potion"},{"floor":25,"key":"Fire Potion"},{"floor":29,"key":"Weak Potion"},{"floor":37,"key":"Ancient Potion"}],"is_trial":false,"path_per_floor":["M","M","M","M","?","R","M","R","T","M","R","T","M","M","R","B",null,"M","M","$","M","$","R","M","E","T","R","?","M","$","M","R","B",null,"M","M","M","M","M","R","M"],"character_chosen":"IRONCLAD","items_purchased":["Tiny Chest","MealTicket","Bag of Marbles"],"campfire_rested":0,"item_purchase_floors":[20,20,22],"current_hp_per_floor":[74,72,71,55,55,55,61,61,61,62,62,62,40,60,60,38,70,66,45,45,38,48,48,50,49,49,49,90,86,86,80,80,75,86,85,59,50,39,48,48,0],"gold":250,"neow_bonus":"THREE_SMALL_POTIONS","is_prod":false,"is_daily":false,"chose_seed":false,"campfire_upgraded":8,"win_rate":0,"timestamp":1543531436,"path_taken":["M","M","M","M","?","R","M","R","T","?","R","?","M","M","R","BOSS","M","M","$","M","$","R","M","E","T","R","?","M","?","M","R","BOSS","M","M","M","M","M","R","M"],"build_version":"2018-11-15","purchased_purges":0,"victory":false,"max_hp_per_floor":[80,80,80,80,80,80,80,80,80,80,80,80,80,80,80,80,80,80,80,80,80,80,80,80,80,80,80,90,90,90,90,90,90,90,90,90,90,90,90,90,90],"card_choices":[{"not_picked":["Pummel","Sever Soul"],"picked":"Combust","floor":1},{"not_picked":["Twin Strike","Headbutt"],"picked":"Battle Trance","floor":2},{"not_picked":["Inflame","Headbutt"],"picked":"Reaper","floor":3},{"not_picked":["Iron Wave","Body Slam"],"picked":"Rupture","floor":4},{"not_picked":["Wild Strike","Evolve"],"picked":"Shrug It Off","floor":7},{"not_picked":["Anger","Thunderclap"],"picked":"Body Slam","floor":10},{"not_picked":["Feel No Pain","Flex"],"picked":"Armaments","floor":13},{"not_picked":["Body Slam","Blood for Blood","Wild Strike"],"picked":"SKIP","floor":14},{"not_picked":["Dark Embrace","Bludgeon"],"picked":"Offering","floor":16},{"not_picked":["Thunderclap","True Grit"],"picked":"Rupture","floor":18},{"not_picked":["Warcry","Anger"],"picked":"Shrug It Off","floor":19},{"not_picked":["Twin Strike","Heavy Blade+1","Pommel Strike"],"picked":"SKIP","floor":21},{"not_picked":["Pummel","Battle Trance"],"picked":"Seeing Red","floor":24},{"not_picked":["Clothesline","Warcry"],"picked":"Rupture","floor":25},{"not_picked":["Cleave","Iron Wave","Inflame"],"picked":"SKIP","floor":29},{"not_picked":["Pummel","Havoc"],"picked":"Shrug It Off","floor":31},{"not_picked":["Demon Form","Bludgeon"],"picked":"Offering","floor":33},{"not_picked":["Dropkick","Wild Strike"],"picked":"Iron Wave+1","floor":34},{"not_picked":["Power Through","Clothesline"],"picked":"Dual Wield+1","floor":34},{"not_picked":["Clothesline","Havoc"],"picked":"Armaments+1","floor":34},{"not_picked":["Havoc","Cleave"],"picked":"True Grit","floor":34},{"not_picked":["Warcry","Clothesline+1"],"picked":"Bloodletting+1","floor":35},{"not_picked":["Corruption+1","Rupture"],"picked":"Shrug It Off","floor":36},{"not_picked":["Burning Pact+1","Twin Strike+1","Combust+1"],"picked":"SKIP","floor":37},{"not_picked":["Carnage+1","Clothesline"],"picked":"Feed","floor":38},{"not_picked":["True Grit","Twin Strike+1","Clothesline"],"picked":"SKIP","floor":39}],"player_experience":534615,"relics_obtained":[{"floor":9,"key":"Kunai"},{"floor":12,"key":"Orichalcum"},{"floor":25,"key":"Unceasing Top"},{"floor":26,"key":"Letter Opener"}],"event_choices":[{"damage_healed":0,"gold_gain":0,"cards_transformed":["Strike_R"],"player_choice":"Transformed","damage_taken":0,"max_hp_gain":0,"max_hp_loss":0,"event_name":"Transmorgrifier","floor":5,"gold_loss":0,"cards_obtained":["Bludgeon"]},{"cards_removed":["Bludgeon"],"damage_healed":31,"gold_gain":0,"player_choice":"Offered Rare","damage_taken":0,"max_hp_gain":10,"max_hp_loss":0,"event_name":"Bonfire Elementals","floor":28,"gold_loss":0}],"is_beta":true,"boss_relics":[{"not_picked":["Ectoplasm","Sozu"],"picked":"Coffee Dripper"},{"not_picked":["Runic Pyramid","Lizard Tail"],"picked":"Orrery"}],"items_purged_floors":[],"is_endless":false,"potions_floor_spawned":[1,2,13,18,21,25,29,37],"killed_by":"Transient","ascension_level":6}