{"gold_per_floor":[369,369,2,16,33,64,64,98,168,188,202,202,10,28,28,123,153,165,165,165,182,182,211,211,227,251,251,261,276,1,27,27,124,124,136,136,236,254,38,65,81,81,81,81,81,92,0,10,10,10],"floor_reached":51,"playtime":3164,"items_purged":["Regret","Shame"],"score":1089,"play_id":"f904c67d-d0e3-411e-a58b-0956e8503f49","local_time":"20190726172258","is_ascension_mode":true,"campfire_choices":[{"floor":7.0,"key":"REST"},{"floor":12.0,"key":"REST"},{"data":"Apotheosis","floor":15.0,"key":"SMITH"},{"data":"Adrenaline","floor":27.0,"key":"SMITH"},{"floor":32,"key":"REST"},{"floor":42,"key":"REST"},{"floor":49,"key":"REST"}],"neow_cost":"PERCENT_DAMAGE","seed_source_timestamp":0,"circlet_count":0,"master_deck":["Strike_G","Strike_G","Strike_G","Strike_G","Strike_G","Defend_G","Defend_G","Defend_G","Defend_G","Defend_G","Survivor","Neutralize","Dagger Spray","Apotheosis+1","Poisoned Stab","Slice","Terror","Catalyst","Bane","Cloak And Dagger","Deflect","Endless Agony","A Thousand Cuts","Parasite","All Out Attack+1","Cloak And Dagger","Skewer+1","Adrenaline+1","Cloak And Dagger+1","Accuracy","Well Laid Plans","PiercingWail+1","Blur+1","Dodge and Roll+1","Corpse Explosion+1","Sucker Punch+1","Deadly Poison+1","Blade Dance+1","Enlightenment+1","Deflect+1","Mayhem","Infinite Blades+1","PiercingWail+1","Madness+1","Madness+1","Backflip+1","Catalyst+1"],"special_seed":0,"relics":["Ring of the Snake","Orichalcum","FossilizedHelix","Smiling Mask","Meat on the Bone","Membership Card","Calling Bell","Tiny Chest","Paper Crane","Dead Branch","Spirit Poop","Ornamental Fan","Question Card","Juzu Bracelet","Toxic Egg 2","Calipers","Philosopher\u0027s Stone","StoneCalendar","Anchor","Pantograph","SsserpentHead","Red Mask"],"potions_floor_usage":[31,31,37,40,40,50],"damage_taken":[{"damage":5.0,"enemies":"Cultist","floor":1.0,"turns":4.0},{"damage":2.0,"enemies":"Small Slimes","floor":4.0,"turns":3.0},{"damage":1.0,"enemies":"2 Louse","floor":5.0,"turns":2.0},{"damage":28.0,"enemies":"Lagavulin","floor":6.0,"turns":5.0},{"damage":17.0,"enemies":"Gremlin Nob","floor":8.0,"turns":5.0},{"damage":8.0,"enemies":"Lots of Slimes","floor":10.0,"turns":3.0},{"damage":0.0,"enemies":"Large Slime","floor":11.0,"turns":3.0},{"damage":0.0,"enemies":"Looter","floor":14.0,"turns":2.0},{"damage":9.0,"enemies":"Hexaghost","floor":16.0,"turns":7.0},{"damage":21.0,"enemies":"Spheric Guardian","floor":18.0,"turns":4.0},{"damage":0.0,"enemies":"Chosen","floor":21.0,"turns":3.0},{"damage":0.0,"enemies":"Gremlin Leader","floor":23.0,"turns":5.0},{"damage":22.0,"enemies":"Snecko","floor":25.0,"turns":6.0},{"damage":9.0,"enemies":"Snake Plant","floor":28.0,"turns":4.0},{"damage":2.0,"enemies":"Shelled Parasite and Fungi","floor":29.0,"turns":5.0},{"damage":0,"enemies":"Slavers","floor":31,"turns":3},{"damage":39,"enemies":"Collector","floor":33,"turns":9},{"damage":0,"enemies":"3 Shapes","floor":35,"turns":4},{"damage":0,"enemies":"Mind Bloom Boss Battle","floor":37,"turns":7},{"damage":29,"enemies":"3 Darklings","floor":38,"turns":3},{"damage":23,"enemies":"Reptomancer","floor":40,"turns":7},{"damage":0,"enemies":"Spire Growth","floor":41,"turns":5},{"damage":0,"enemies":"Maw","floor":46,"turns":6},{"damage":10,"enemies":"Jaw Worm Horde","floor":48,"turns":3},{"damage":24,"enemies":"Donu and Deca","floor":50,"turns":5}],"seed_played":"-7190665117374477436","potions_obtained":[{"floor":5.0,"key":"LiquidBronze"},{"floor":8.0,"key":"LiquidBronze"},{"floor":11.0,"key":"SpeedPotion"},{"floor":14.0,"key":"LiquidBronze"},{"floor":16.0,"key":"SpeedPotion"},{"floor":24.0,"key":"Fire Potion"},{"floor":24.0,"key":"EssenceOfSteel"},{"floor":28.0,"key":"LiquidBronze"},{"floor":29.0,"key":"AttackPotion"},{"floor":33,"key":"Poison Potion"},{"floor":35,"key":"EssenceOfSteel"},{"floor":38,"key":"PowerPotion"}],"is_trial":false,"path_per_floor":["M","?","$","M","M","E","R","E","T","M","M","R","$","M","R","B",null,"M","?","?","M","?","E","?","M","T","R","M","M","$","E","R","B",null,"M","?","?","M","$","E","M","R","T","?","?","M","?","M","R","B",null],"character_chosen":"THE_SILENT","items_purchased":["Apotheosis","Poisoned Stab","Orichalcum","Membership Card","Well Laid Plans","Toxic Egg 2","PiercingWail+1","Blur+1","Enlightenment+1","Deflect+1","Mayhem"],"campfire_rested":5,"item_purchase_floors":[3,3,3,13,30,30,30,30,39,39,39],"current_hp_per_floor":[40,40,40,38,37,9,30,13,13,17,29,50,50,50,50,41,63,42,29,29,41,41,41,41,31,31,31,34,44,44,44,66,39,66,66,66,66,49,49,38,38,60,60,51,51,51,51,41,63,51],"gold":10,"neow_bonus":"TWO_FIFTY_GOLD","is_prod":false,"is_daily":false,"chose_seed":false,"campfire_upgraded":2,"win_rate":0,"timestamp":1564176178,"path_taken":["M","?","$","?","M","E","R","E","T","M","M","R","$","M","R","BOSS","M","?","?","?","?","E","?","?","T","R","M","M","$","E","R","BOSS","M","?","?","M","$","E","M","R","T","?","?","M","?","M","R","BOSS"],"build_version":"2019-07-17","purchased_purges":2,"victory":true,"max_hp_per_floor":[70,70,70,70,70,70,70,70,70,70,70,70,70,70,70,70,70,70,75,75,75,75,75,75,75,75,75,75,75,75,75,75,75,75,75,75,75,75,75,75,75,75,75,75,75,75,75,75,75,75],"card_choices":[{"not_picked":["Dagger Throw","Bouncing Flask"],"picked":"Dagger Spray","floor":1.0},{"not_picked":["Flying Knee","Dodge and Roll"],"picked":"Slice","floor":4.0},{"not_picked":["Dodge and Roll","Backflip"],"picked":"Terror","floor":5.0},{"not_picked":["Dagger Spray","Burst"],"picked":"Catalyst","floor":6.0},{"not_picked":["Outmaneuver","Unload"],"picked":"Bane","floor":8.0},{"not_picked":["Flying Knee","Catalyst"],"picked":"Cloak And Dagger","floor":10.0},{"not_picked":["Acrobatics","Setup"],"picked":"Deflect","floor":11.0},{"not_picked":["Flying Knee","Dodge and Roll"],"picked":"Endless Agony","floor":14.0},{"not_picked":["Storm of Steel","Phantasmal Killer"],"picked":"A Thousand Cuts","floor":16.0},{"not_picked":["Dagger Throw","Poisoned Stab+1"],"picked":"All Out Attack+1","floor":18.0},{"not_picked":["Underhanded Strike","Tactician"],"picked":"Cloak And Dagger","floor":21.0},{"not_picked":["Finisher","Expertise"],"picked":"Skewer+1","floor":23.0},{"not_picked":["Acrobatics","Flying Knee","Deadly Poison"],"picked":"Adrenaline","floor":25.0},{"not_picked":["Sucker Punch","Bane","Reflex+1"],"picked":"Cloak And Dagger+1","floor":28.0},{"not_picked":["Endless Agony+1","Masterful Stab","Deadly Poison"],"picked":"Accuracy","floor":29.0},{"not_picked":["Reflex+1","Glass Knife","Calculated Gamble+1"],"picked":"Dodge and Roll+1","floor":31},{"not_picked":["Night Terror+1","Malaise+1","Glass Knife"],"picked":"Corpse Explosion+1","floor":33},{"not_picked":["Flying Knee","Bane+1","Cloak And Dagger+1"],"picked":"Sucker Punch+1","floor":35},{"not_picked":["Slice","Backstab+1","Deflect+1"],"picked":"Deadly Poison+1","floor":37},{"not_picked":["Heel Hook+1","Bane","Prepared+1"],"picked":"Blade Dance+1","floor":38},{"not_picked":["Quick Slash+1","Expertise+1","Leg Sweep+1"],"picked":"Infinite Blades+1","floor":40},{"not_picked":["Quick Slash","Calculated Gamble+1","All Out Attack"],"picked":"PiercingWail+1","floor":41},{"not_picked":["Riddle With Holes","Slice+1","Sucker Punch+1"],"picked":"Backflip+1","floor":46},{"not_picked":["Well Laid Plans","Skewer+1","Reflex+1"],"picked":"Catalyst+1","floor":48}],"player_experience":690868,"relics_obtained":[{"floor":6.0,"key":"FossilizedHelix"},{"floor":8.0,"key":"Smiling Mask"},{"floor":9.0,"key":"Meat on the Bone"},{"floor":17.0,"key":"Tiny Chest"},{"floor":17.0,"key":"Paper Crane"},{"floor":17.0,"key":"Dead Branch"},{"floor":23.0,"key":"Question Card"},{"floor":26.0,"key":"Juzu Bracelet"},{"floor":31,"key":"Calipers"},{"floor":37,"key":"StoneCalendar"},{"floor":40,"key":"Anchor"},{"floor":43,"key":"Pantograph"}],"event_choices":[{"damage_healed":0.0,"max_hp_gain":0.0,"max_hp_loss":0.0,"gold_gain":0.0,"event_name":"The Woman in Blue","player_choice":"Bought 0 Potions","floor":2.0,"gold_loss":0.0,"damage_taken":0.0},{"damage_healed":0.0,"max_hp_gain":5.0,"max_hp_loss":0.0,"gold_gain":0.0,"event_name":"Forgotten Altar","player_choice":"Shed Blood","floor":19.0,"gold_loss":0.0,"damage_taken":18.0},{"cards_removed":["Pain"],"damage_healed":0.0,"max_hp_gain":0.0,"max_hp_loss":0.0,"gold_gain":0.0,"event_name":"Bonfire Elementals","player_choice":"Offered Curse","floor":20.0,"gold_loss":0.0,"damage_taken":0.0,"relics_obtained":["Spirit Poop"]},{"damage_healed":0.0,"max_hp_gain":0.0,"max_hp_loss":0.0,"gold_gain":0.0,"event_name":"Addict","player_choice":"Stole Relic","floor":22.0,"gold_loss":0.0,"damage_taken":0.0,"relics_obtained":["Ornamental Fan"],"cards_obtained":["Shame"]},{"damage_healed":0.0,"max_hp_gain":0.0,"max_hp_loss":0.0,"gold_gain":0.0,"event_name":"Lab","player_choice":"Got Potions","floor":24.0,"gold_loss":0.0,"damage_taken":0.0},{"damage_healed":0,"gold_gain":0,"player_choice":"Ignored","damage_taken":0,"max_hp_gain":0,"max_hp_loss":0,"event_name":"SecretPortal","floor":36,"gold_loss":0},{"damage_healed":0,"gold_gain":0,"player_choice":"Fight","damage_taken":0,"max_hp_gain":0,"max_hp_loss":0,"event_name":"MindBloom","floor":37,"gold_loss":0},{"damage_healed":0,"gold_gain":0,"player_choice":"Embrace Madness","damage_taken":9,"max_hp_gain":0,"max_hp_loss":0,"event_name":"Winding Halls","floor":44,"gold_loss":0,"cards_obtained":["Madness","Madness"]},{"damage_healed":0,"gold_gain":0,"player_choice":"Trade","damage_taken":0,"relics_obtained":["SsserpentHead"],"max_hp_gain":0,"max_hp_loss":0,"event_name":"FaceTrader","floor":45,"gold_loss":0},{"damage_healed":0,"gold_gain":0,"player_choice":"Paid","damage_taken":0,"relics_obtained":["Red Mask"],"max_hp_gain":0,"max_hp_loss":0,"event_name":"Tomb of Lord Red Mask","floor":47,"gold_loss":142}],"is_beta":false,"boss_relics":[{"not_picked":["HoveringKite","White Beast Statue"],"picked":"Calling Bell"},{"not_picked":["Coffee Dripper","Lizard Tail"],"picked":"Philosopher\u0027s Stone"}],"items_purged_floors":[30,39],"is_endless":false,"potions_floor_spawned":[5,8,11,14,16,28,29,33,35,38],"ascension_level":7}