{"gold_per_floor":[109,121,21,34,45,45,70,70,70,70,70,70,86,125,125,246,246,216,231,181,204,49,49,64,64,64,64,34,48,48,63,63,63],"floor_reached":33,"playtime":3282,"items_purged":["Strike_R"],"score":257,"play_id":"69b431ae-d043-47bc-978a-3f9ead35d0af","local_time":"20180715095731","is_ascension_mode":false,"campfire_choices":[{"data":"Barricade","floor":6.0,"key":"SMITH"},{"data":"Shockwave","floor":10.0,"key":"SMITH"},{"floor":15.0,"key":"REST"},{"floor":23.0,"key":"REST"},{"data":"Madness","floor":25,"key":"SMITH"},{"data":"Flame Barrier","floor":30,"key":"SMITH"},{"floor":32,"key":"REST"}],"neow_cost":"NONE","seed_source_timestamp":0,"circlet_count":0,"master_deck":["Strike_R+1","Strike_R","Strike_R","Defend_R","Defend_R","Defend_R","Defend_R","Bash","Dropkick+1","Thunderclap","Second Wind","Clash","Barricade+1","Shockwave+1","Flex","Armaments","Flame Barrier+1","Limit Break","Iron Wave","Dual Wield+1","Shockwave","Madness+1","Heavy Blade","Shrug It Off","Necronomicurse","Inflame","Uppercut+1"],"special_seed":0,"relics":["Burning Blood","Gremlin Horn","Golden Idol","Kunai","Shuriken","Runic Pyramid","Charon\u0027s Ashes","Necronomicon"],"potions_floor_usage":[29,29,31,33,33],"damage_taken":[{"damage":1.0,"enemies":"2 Louse","floor":1.0,"turns":3.0},{"damage":1.0,"enemies":"Cultist","floor":2.0,"turns":4.0},{"damage":7.0,"enemies":"Small Slimes","floor":4.0,"turns":4.0},{"damage":6.0,"enemies":"Gremlin Gang","floor":5.0,"turns":5.0},{"damage":28.0,"enemies":"3 Sentries","floor":7.0,"turns":9.0},{"damage":0.0,"enemies":"2 Fungi Beasts","floor":13.0,"turns":2.0},{"damage":24.0,"enemies":"Gremlin Nob","floor":14.0,"turns":4.0},{"damage":6.0,"enemies":"Slime Boss","floor":16.0,"turns":9.0},{"damage":34.0,"enemies":"2 Thieves","floor":18.0,"turns":5.0},{"damage":25.0,"enemies":"Spheric Guardian","floor":19.0,"turns":6.0},{"damage":10.0,"enemies":"Snake Plant","floor":21.0,"turns":5.0},{"damage":4,"enemies":"Centurion and Healer","floor":24,"turns":5},{"damage":0,"enemies":"Snecko","floor":29,"turns":4},{"damage":29,"enemies":"Slaver and Parasite","floor":31,"turns":7},{"damage":56,"enemies":"Collector","floor":33,"turns":6}],"seed_played":"7611631606694812142","potions_obtained":[{"floor":1.0,"key":"Swift Potion"},{"floor":7.0,"key":"Poison Potion"},{"floor":13.0,"key":"Dexterity Potion"},{"floor":16.0,"key":"Explosive Potion"},{"floor":19.0,"key":"Block Potion"},{"floor":28,"key":"Weak Potion"},{"floor":28,"key":"BloodPotion"},{"floor":29,"key":"Explosive Potion"},{"floor":31,"key":"Explosive Potion"}],"is_trial":false,"path_per_floor":["M","M","$","M","M","R","E","?","T","R","?","?","M","E","R","B",null,"M","M","?","M","$","R","M","R","T","?","?","M","R","M","R"],"character_chosen":"IRONCLAD","items_purchased":["Clash","Madness","Heavy Blade"],"campfire_rested":3,"item_purchase_floors":[3,22,22],"current_hp_per_floor":[80,80,80,79,79,79,57,57,57,57,41,41,47,29,53,53,80,52,33,33,29,29,53,55,55,55,39,39,53,53,30,54,0],"gold":63,"neow_bonus":"TRANSFORM_CARD","is_prod":false,"is_daily":false,"chose_seed":false,"campfire_upgraded":4,"win_rate":0.0,"timestamp":1531663051,"path_taken":["M","M","$","M","M","R","E","?","T","R","?","?","M","E","R","BOSS","M","M","?","M","$","R","M","R","T","?","?","M","R","M","R","BOSS"],"build_version":"2018-07-12","purchased_purges":1,"victory":false,"max_hp_per_floor":[80,80,80,80,80,80,80,80,80,80,80,80,80,80,80,80,80,80,80,80,80,80,80,80,80,80,80,80,80,80,80,80,80],"card_choices":[{"not_picked":["Flame Barrier","Bloodletting"],"picked":"Thunderclap","floor":1.0},{"not_picked":["Thunderclap","Sword Boomerang"],"picked":"Second Wind","floor":2.0},{"not_picked":["Dropkick","Corruption"],"picked":"Barricade","floor":4.0},{"not_picked":["Perfected Strike","Iron Wave"],"picked":"Shockwave","floor":5.0},{"not_picked":["Infernal Blade","True Grit"],"picked":"Flex","floor":7.0},{"not_picked":["Cleave","Anger"],"picked":"Armaments","floor":13.0},{"not_picked":["Pummel","Cleave"],"picked":"Flame Barrier","floor":14.0},{"not_picked":["Exhume","Offering"],"picked":"Limit Break","floor":16.0},{"not_picked":["Anger+1","Thunderclap"],"picked":"Iron Wave","floor":18.0},{"not_picked":["Warcry","Limit Break"],"picked":"Dual Wield+1","floor":19.0},{"not_picked":["Entrench","Perfected Strike"],"picked":"Shockwave","floor":21.0},{"not_picked":["Pommel Strike","Sever Soul"],"picked":"Shrug It Off","floor":24},{"not_picked":["Wild Strike+1","Metallicize"],"picked":"Inflame","floor":29},{"not_picked":["Carnage","Havoc"],"picked":"Uppercut+1","floor":31}],"player_experience":129029,"relics_obtained":[{"floor":7.0,"key":"Gremlin Horn"},{"floor":9.0,"key":"Kunai"},{"floor":14.0,"key":"Shuriken"},{"floor":26,"key":"Charon\u0027s Ashes"},{"floor":27,"key":"Necronomicon"}],"event_choices":[{"event_name":"Golden Idol","player_choice":"Take Wound","floor":8.0,"damage_taken":0.0},{"event_name":"Shining Light","player_choice":"Entered Light","floor":11.0,"damage_taken":0.0},{"event_name":"Purifier","player_choice":"One Purge","floor":12.0,"damage_taken":0.0},{"event_name":"The Joust","player_choice":"Bet on Murderer","floor":20.0,"damage_taken":0.0},{"event_name":"Cursed Tome","player_choice":"Obtained Book","floor":27,"damage_taken":0},{"event_name":"The Woman in Blue","player_choice":"Bought 2 Potions","floor":28,"damage_taken":0}],"boss_relics":[{"not_picked":["Snecko Eye","Fusion Hammer"],"picked":"Runic Pyramid"}],"items_purged_floors":[3],"is_endless":false,"potions_floor_spawned":[1,7,13,16,19,29,31],"killed_by":"Collector","ascension_level":0}