{"gold_per_floor":[119,135,149,159,170,170,185,185,264,284,284,284,284,459,459,459],"floor_reached":16,"playtime":973,"items_purged":[],"score":99,"play_id":"32a4a05d-50cd-4142-9c8b-1f6a33d03a4a","local_time":"20190704153316","is_ascension_mode":true,"campfire_choices":[{"data":"Blur","floor":6,"key":"SMITH"},{"data":"Quick Slash","floor":8,"key":"SMITH"},{"data":"Caltrops","floor":15,"key":"SMITH"}],"neow_cost":"NONE","seed_source_timestamp":1001783203971300,"circlet_count":0,"master_deck":["Strike_G","Strike_G","Strike_G","Strike_G","Defend_G","Defend_G","Defend_G","Defend_G","Defend_G","Survivor","Neutralize","Deflect","Prepared","Quick Slash+1","Blur+1","Sucker Punch","Caltrops+1","Doubt"],"relics":["Ring of the Snake","Orichalcum","Ninja Scroll","Golden Idol"],"potions_floor_usage":[5,5],"damage_taken":[{"damage":0,"enemies":"Cultist","floor":1,"turns":5},{"damage":2,"enemies":"Small Slimes","floor":2,"turns":6},{"damage":0,"enemies":"2 Louse","floor":3,"turns":4},{"damage":0,"enemies":"2 Fungi Beasts","floor":4,"turns":4},{"damage":0,"enemies":"Looter","floor":5,"turns":3},{"damage":1,"enemies":"Blue Slaver","floor":7,"turns":4},{"damage":7,"enemies":"Large Slime","floor":10,"turns":8},{"damage":24,"enemies":"Slime Boss","floor":16,"turns":10}],"seed_played":"6448843157488414936","potions_obtained":[{"floor":1,"key":"Energy Potion"},{"floor":3,"key":"Energy Potion"},{"floor":4,"key":"Poison Potion"}],"is_trial":false,"path_per_floor":["M","M","M","M","M","R","M","R","T","M","?","?","?","?","R","B"],"character_chosen":"THE_SILENT","items_purchased":[],"campfire_rested":0,"item_purchase_floors":[],"current_hp_per_floor":[70,68,68,68,68,68,67,67,67,60,65,65,58,58,58,34],"gold":459,"neow_bonus":"RANDOM_COMMON_RELIC","is_prod":false,"is_daily":false,"chose_seed":false,"campfire_upgraded":3,"win_rate":0,"timestamp":1562268796,"path_taken":["M","M","?","M","M","R","M","R","T","M","?","?","?","?","R","BOSS"],"build_version":"2019-07-01","purchased_purges":0,"victory":false,"max_hp_per_floor":[70,70,70,70,70,70,70,70,70,70,75,69,69,69,69,69],"card_choices":[{"not_picked":["Accuracy","Choke"],"picked":"Deflect","floor":1},{"not_picked":["Reflex","Deflect"],"picked":"Prepared","floor":2},{"not_picked":["Blade Dance","Escape Plan"],"picked":"Quick Slash","floor":3},{"not_picked":["Dodge and Roll","Dagger Spray"],"picked":"Blur","floor":4},{"not_picked":["All Out Attack","Bane"],"picked":"Sucker Punch","floor":5},{"not_picked":["Crippling Poison","Cloak And Dagger","Bane"],"picked":"SKIP","floor":7},{"not_picked":["Blade Dance","Dodge and Roll"],"picked":"Caltrops","floor":10}],"player_experience":590203,"relics_obtained":[{"floor":9,"key":"Ninja Scroll"}],"event_choices":[{"damage_healed":0,"gold_gain":0,"player_choice":"Donut","damage_taken":0,"max_hp_gain":5,"max_hp_loss":0,"event_name":"Big Fish","floor":11,"gold_loss":0},{"damage_healed":0,"gold_gain":0,"player_choice":"Lose Max HP","damage_taken":0,"relics_obtained":["Golden Idol"],"max_hp_gain":0,"max_hp_loss":6,"event_name":"Golden Idol","floor":12,"gold_loss":0},{"cards_removed":["Strike_G"],"damage_healed":0,"gold_gain":0,"player_choice":"Card Removal","damage_taken":7,"max_hp_gain":0,"max_hp_loss":0,"event_name":"Golden Wing","floor":13,"gold_loss":0},{"damage_healed":0,"gold_gain":175,"player_choice":"AGREE","damage_taken":0,"max_hp_gain":0,"max_hp_loss":0,"event_name":"Liars Game","floor":14,"gold_loss":0,"cards_obtained":["Doubt"]}],"is_beta":false,"boss_relics":[],"items_purged_floors":[],"is_endless":false,"potions_floor_spawned":[1,3,4],"killed_by":"Slime Boss","ascension_level":1}