{"gold_per_floor":[213,223,223,97,97,97,116,116,116,116,128,138,148,165,165,267,267,282,81,6,21,21,21,34,34,58,58,108,108,123,123,123,227,227,243,243,260,170,70,80,80,95,120,140,152,152,152,4,4,4],"floor_reached":51,"playtime":964,"items_purged":["Strike_R","Shame"],"score":691,"play_id":"418bcc43-e7bd-4489-b13d-8e80e1ee1bf5","local_time":"20190707172106","is_ascension_mode":false,"campfire_choices":[{"data":"Flex","floor":6.0,"key":"SMITH"},{"data":"Bash","floor":8.0,"key":"SMITH"},{"data":"Rampage","floor":10.0,"key":"SMITH"},{"data":"Uppercut","floor":15.0,"key":"SMITH"},{"data":"Immolate","floor":23.0,"key":"SMITH"},{"data":"Immolate","floor":25.0,"key":"SMITH"},{"data":"Headbutt","floor":29.0,"key":"SMITH"},{"data":"Defend_R","floor":32.0,"key":"SMITH"},{"data":"Defend_R","floor":41.0,"key":"SMITH"},{"data":"Clothesline","floor":46.0,"key":"SMITH"},{"data":"Heavy Blade","floor":49,"key":"SMITH"}],"neow_cost":"NONE","seed_source_timestamp":432888932826,"circlet_count":0,"master_deck":["Strike_R","Strike_R","Strike_R","Defend_R+1","Defend_R+1","Defend_R+1","Bash+1","Thunderclap","Rampage+1","Flex+1","Headbutt+1","Immolate+1","Uppercut+1","Immolate+1","Sword Boomerang+1","Sword Boomerang+1","Flame Barrier+1","Havoc+1","Clothesline+1","Heavy Blade+1"],"special_seed":0,"relics":["Burning Blood","Mango","Unceasing Top","Busted Crown","ClockworkSouvenir","Bird Faced Urn","Bag of Marbles","Velvet Choker","War Paint"],"potions_floor_usage":[50,50,50],"damage_taken":[{"damage":0.0,"enemies":"Small Slimes","floor":1.0,"turns":3.0},{"damage":3.0,"enemies":"2 Louse","floor":2.0,"turns":3.0},{"damage":0.0,"enemies":"Cultist","floor":7.0,"turns":2.0},{"damage":23.0,"enemies":"Large Slime","floor":11.0,"turns":4.0},{"damage":9.0,"enemies":"2 Fungi Beasts","floor":12.0,"turns":2.0},{"damage":5.0,"enemies":"Looter","floor":13.0,"turns":3.0},{"damage":8.0,"enemies":"Red Slaver","floor":14.0,"turns":2.0},{"damage":0.0,"enemies":"Slime Boss","floor":16.0,"turns":7.0},{"damage":13.0,"enemies":"Shell Parasite","floor":18.0,"turns":4.0},{"damage":1.0,"enemies":"Chosen","floor":21.0,"turns":3.0},{"damage":6.0,"enemies":"Snecko","floor":24.0,"turns":3.0},{"damage":0.0,"enemies":"Snake Plant","floor":27.0,"turns":1.0},{"damage":12.0,"enemies":"Centurion and Healer","floor":30.0,"turns":2.0},{"damage":16.0,"enemies":"Automaton","floor":33.0,"turns":6.0},{"damage":1.0,"enemies":"Orb Walker","floor":35.0,"turns":2.0},{"damage":0.0,"enemies":"3 Shapes","floor":37.0,"turns":1.0},{"damage":37.0,"enemies":"Writhing Mass","floor":40.0,"turns":3.0},{"damage":2.0,"enemies":"3 Darklings","floor":42.0,"turns":2.0},{"damage":0.0,"enemies":"Jaw Worm Horde","floor":44.0,"turns":1.0},{"damage":0.0,"enemies":"Writhing Mass","floor":45.0,"turns":3.0},{"damage":31,"enemies":"Time Eater","floor":50,"turns":7}],"seed_played":"5309269032103241132","potions_obtained":[{"floor":5.0,"key":"PowerPotion"},{"floor":5.0,"key":"Block Potion"},{"floor":5.0,"key":"SmokeBomb"},{"floor":7.0,"key":"PowerPotion"},{"floor":30.0,"key":"Swift Potion"},{"floor":33.0,"key":"Energy Potion"},{"floor":40.0,"key":"Strength Potion"}],"is_trial":false,"path_per_floor":["M","M","?","$","?","R","M","R","T","R","M","M","M","M","R","B",null,"M","$","?","M","?","R","M","R","T","M","?","R","M","?","R","B",null,"M","?","M","?","$","M","R","M","T","M","M","R","?","$","R","B",null],"character_chosen":"IRONCLAD","items_purchased":["Flex","ClockworkSouvenir","Heavy Blade","Strength Potion","PowerPotion"],"campfire_rested":0,"item_purchase_floors":[4,19,48,48,48],"current_hp_per_floor":[80,80,69,69,69,69,75,75,75,75,58,55,56,54,54,60,94,87,87,87,92,92,92,92,92,92,94,94,94,88,88,88,82,94,94,94,94,94,94,63,63,67,67,73,79,79,79,79,79,56],"gold":4,"neow_bonus":"HUNDRED_GOLD","is_prod":false,"is_daily":false,"chose_seed":false,"campfire_upgraded":11,"win_rate":0,"timestamp":1562541666,"path_taken":["M","M","?","$","?","R","M","R","T","R","M","M","?","M","R","BOSS","M","$","?","M","?","R","M","R","T","M","?","R","?","?","R","BOSS","M","?","M","?","$","M","R","?","T","M","M","R","?","?","R","BOSS"],"build_version":"2019-07-05","purchased_purges":2,"victory":true,"max_hp_per_floor":[80,80,94,94,94,94,94,94,94,94,94,94,94,94,94,94,94,94,94,94,94,94,94,94,94,94,94,94,94,94,94,94,94,94,94,94,94,94,94,94,94,94,94,94,94,94,94,94,94,94],"card_choices":[{"not_picked":["Blood for Blood","True Grit"],"picked":"Thunderclap","floor":1.0},{"not_picked":["Shrug It Off","Intimidate"],"picked":"Rampage","floor":2.0},{"not_picked":["Iron Wave","Warcry"],"picked":"Headbutt","floor":7.0},{"not_picked":["Iron Wave","Combust"],"picked":"Immolate","floor":11.0},{"not_picked":["Fire Breathing","Pommel Strike","Combust"],"picked":"SKIP","floor":12.0},{"not_picked":["Reckless Charge","Twin Strike"],"picked":"Uppercut","floor":13.0},{"not_picked":["Anger","Iron Wave","Wild Strike"],"picked":"SKIP","floor":14.0},{"not_picked":["Barricade","Limit Break"],"picked":"Immolate","floor":16.0},{"not_picked":[],"picked":"Sword Boomerang+1","floor":18.0},{"not_picked":["Rage"],"picked":"SKIP","floor":21.0},{"not_picked":["Headbutt"],"picked":"SKIP","floor":24.0},{"not_picked":["Clash"],"picked":"SKIP","floor":30.0},{"not_picked":[],"picked":"Sword Boomerang+1","floor":35.0},{"not_picked":[],"picked":"Flame Barrier+1","floor":37.0},{"not_picked":["Pommel Strike"],"picked":"SKIP","floor":40.0},{"not_picked":[],"picked":"Havoc+1","floor":42.0},{"not_picked":["Perfected Strike"],"picked":"SKIP","floor":44.0},{"not_picked":[],"picked":"Clothesline","floor":45.0}],"player_experience":1544020,"relics_obtained":[{"floor":9.0,"key":"Unceasing Top"},{"floor":26.0,"key":"Bag of Marbles"},{"floor":43.0,"key":"War Paint"}],"event_choices":[{"damage_healed":0.0,"max_hp_gain":0.0,"max_hp_loss":0.0,"gold_gain":0.0,"event_name":"Scrap Ooze","player_choice":"Success","floor":3.0,"gold_loss":0.0,"damage_taken":25.0,"relics_obtained":["Mango"]},{"damage_healed":0.0,"max_hp_gain":0.0,"max_hp_loss":0.0,"gold_gain":0.0,"event_name":"Lab","player_choice":"Got Potions","floor":5.0,"gold_loss":0.0,"damage_taken":0.0},{"cards_removed":["Defend_R"],"damage_healed":0.0,"max_hp_gain":0.0,"max_hp_loss":0.0,"gold_gain":0.0,"event_name":"Beggar","player_choice":"Gave Gold","floor":20.0,"gold_loss":75.0,"damage_taken":0.0},{"damage_healed":0.0,"max_hp_gain":0.0,"max_hp_loss":0.0,"gold_gain":0.0,"event_name":"Addict","player_choice":"Stole Relic","floor":22.0,"gold_loss":0.0,"damage_taken":0.0,"relics_obtained":["Bird Faced Urn"],"cards_obtained":["Shame"]},{"damage_healed":0.0,"max_hp_gain":0.0,"max_hp_loss":0.0,"gold_gain":100.0,"event_name":"The Joust","player_choice":"Bet on Murderer","floor":28.0,"gold_loss":50.0,"damage_taken":0.0},{"damage_healed":0.0,"max_hp_gain":0.0,"max_hp_loss":0.0,"gold_gain":0.0,"event_name":"Ghosts","player_choice":"Ignored","floor":31.0,"gold_loss":0.0,"damage_taken":0.0},{"damage_healed":0.0,"max_hp_gain":0.0,"max_hp_loss":0.0,"gold_gain":0.0,"event_name":"Mysterious Sphere","player_choice":"Ignored","floor":36.0,"gold_loss":0.0,"damage_taken":0.0},{"cards_removed":["Strike_R"],"damage_healed":0.0,"max_hp_gain":0.0,"max_hp_loss":0.0,"gold_gain":0.0,"event_name":"Designer","player_choice":"Upgrade and Remove","floor":38.0,"gold_loss":90.0,"damage_taken":0.0,"cards_upgraded":["Defend_R"]},{"damage_healed":0.0,"max_hp_gain":0.0,"max_hp_loss":0.0,"gold_gain":0.0,"event_name":"SecretPortal","player_choice":"Ignored","floor":47.0,"gold_loss":0.0,"damage_taken":0.0}],"is_beta":false,"boss_relics":[{"not_picked":["Runic Dome","Ectoplasm"],"picked":"Busted Crown"},{"not_picked":["Runic Cube","Astrolabe"],"picked":"Velvet Choker"}],"items_purged_floors":[4,39],"is_endless":false,"potions_floor_spawned":[7,13,18,24,27,30,33,40],"ascension_level":0}