{"gold_per_floor":[114,114,132,15,30,30,30,50,77,115,140,178,190,202,214,321,333,358,420,34,57,57,57],"floor_reached":23,"playtime":826,"items_purged":["Strike_B"],"score":378,"play_id":"c24b1cf3-ff50-41db-b5db-f5401cd56f66","local_time":"20190212144254","is_ascension_mode":true,"campfire_choices":[{"data":"Defragment","floor":6.0,"key":"SMITH"},{"floor":15.0,"key":"REST"}],"neow_cost":"NONE","seed_source_timestamp":0,"circlet_count":0,"master_deck":["AscendersBane","Strike_B","Strike_B","Strike_B","Defend_B","Defend_B","Defend_B","Defend_B","Zap","Dualcast","Go for the Eyes+1","Hyperbeam","Lockon","Undo","Defragment+1","Recycle","Leap","FTL","Stack","Chaos","Amplify","Electrodynamics","Conserve Battery"],"special_seed":0,"relics":["Cracked Core","MawBank","Oddly Smooth Stone","Juzu Bracelet","Pen Nib","Golden Idol","Black Star","Lantern","Art of War","Strawberry"],"potions_floor_usage":[21,23],"damage_taken":[{"damage":3.0,"enemies":"2 Louse","floor":1.0,"turns":3.0},{"damage":0.0,"enemies":"Cultist","floor":3.0,"turns":2.0},{"damage":7.0,"enemies":"Jaw Worm","floor":5.0,"turns":5.0},{"damage":4.0,"enemies":"Blue Slaver","floor":8.0,"turns":4.0},{"damage":22.0,"enemies":"3 Sentries","floor":10.0,"turns":5.0},{"damage":0.0,"enemies":"Lots of Slimes","floor":11.0,"turns":1.0},{"damage":28.0,"enemies":"Gremlin Nob","floor":12.0,"turns":5.0},{"damage":30.0,"enemies":"Slime Boss","floor":16.0,"turns":7.0},{"damage":36,"enemies":"Spheric Guardian","floor":18,"turns":6},{"damage":0,"enemies":"3 Byrds","floor":21,"turns":3},{"damage":30,"enemies":"Book of Stabbing","floor":23,"turns":6}],"seed_played":"-5294625827735160426","potions_obtained":[{"floor":1.0,"key":"AttackPotion"},{"floor":8.0,"key":"Fruit Juice"},{"floor":10.0,"key":"PowerPotion"},{"floor":16.0,"key":"Dexterity Potion"},{"floor":18,"key":"SkillPotion"}],"is_trial":false,"path_per_floor":["M","?","M","$","M","R","?","M","T","E","M","E","T","?","R","B",null,"M","?","$","M","?","E"],"character_chosen":"DEFECT","items_purchased":["Defragment","Recycle","Lantern","Art of War"],"campfire_rested":1,"item_purchase_floors":[4,4,20,20],"current_hp_per_floor":[68,68,68,68,61,61,61,62,62,40,40,12,12,12,34,4,57,21,21,21,21,28,0],"gold":57,"neow_bonus":"TEN_PERCENT_HP_BONUS","is_prod":false,"is_daily":false,"chose_seed":false,"campfire_upgraded":1,"win_rate":0,"timestamp":1550000574,"path_taken":["M","?","M","?","?","R","?","M","T","E","?","E","?","?","R","BOSS","M","?","$","M","?","E"],"build_version":"2019-02-06","purchased_purges":1,"victory":false,"max_hp_per_floor":[78,78,78,78,78,78,78,83,83,83,83,83,83,75,75,75,75,75,75,75,75,82,82],"card_choices":[{"not_picked":["Force Field","Redo"],"picked":"Go for the Eyes","floor":1.0},{"not_picked":["Redo","Self Repair"],"picked":"Undo","floor":3.0},{"not_picked":["Melter","Beam Cell"],"picked":"Leap","floor":5.0},{"not_picked":["Lockon","Turbo"],"picked":"FTL","floor":8.0},{"not_picked":["Barrage","Turbo"],"picked":"Stack","floor":10.0},{"not_picked":["Rebound","Leap"],"picked":"Chaos","floor":11.0},{"not_picked":["Hologram","Cold Snap"],"picked":"Amplify","floor":12.0},{"not_picked":["Rainbow","Amplify"],"picked":"Electrodynamics","floor":16.0},{"not_picked":["Storm","Beam Cell"],"picked":"Conserve Battery","floor":18},{"not_picked":["Redo","Sweeping Beam"],"picked":"Go for the Eyes","floor":21}],"player_experience":932526,"relics_obtained":[{"floor":9.0,"key":"MawBank"},{"floor":10.0,"key":"Oddly Smooth Stone"},{"floor":12.0,"key":"Juzu Bracelet"},{"floor":13.0,"key":"Pen Nib"}],"event_choices":[{"damage_healed":0.0,"max_hp_gain":0.0,"max_hp_loss":0.0,"gold_gain":0.0,"event_name":"Match and Keep!","player_choice":"2 cards matched","floor":2.0,"gold_loss":0.0,"damage_taken":0.0,"cards_obtained":["Hyperbeam","Lockon"]},{"damage_healed":0.0,"max_hp_gain":0.0,"max_hp_loss":0.0,"gold_gain":0.0,"event_name":"Accursed Blacksmith","player_choice":"Forge","floor":7.0,"gold_loss":0.0,"damage_taken":0.0,"cards_upgraded":["Go for the Eyes"]},{"damage_healed":0.0,"max_hp_gain":0.0,"max_hp_loss":8.0,"gold_gain":0.0,"event_name":"Golden Idol","player_choice":"Lose Max HP","floor":14.0,"gold_loss":0.0,"damage_taken":0.0,"relics_obtained":["Golden Idol"]},{"damage_healed":0,"gold_gain":50,"player_choice":"Stole From Cult","damage_taken":0,"max_hp_gain":0,"max_hp_loss":0,"event_name":"Nest","floor":19,"gold_loss":0},{"cards_removed":["Go for the Eyes"],"damage_healed":0,"gold_gain":0,"player_choice":"Gave Card","damage_taken":0,"relics_obtained":["Strawberry"],"max_hp_gain":0,"max_hp_loss":0,"event_name":"WeMeetAgain","floor":22,"gold_loss":0}],"is_beta":true,"boss_relics":[{"not_picked":["Busted Crown","Lizard Tail"],"picked":"Black Star"}],"items_purged_floors":[20],"is_endless":false,"potions_floor_spawned":[1,8,10,16,18],"killed_by":"Book of Stabbing","ascension_level":18}