{"gold_per_floor":[115,115,130,305,305,346,346,379,379,402,352,352,12,45,45,165,165,190,115,136,159,159,198,24,59,105,105,105,123,123,138,138,264,264,282,305,324,130,255,255,286,301,301,301,316,356,356,371,371,371,371,371,32,71,71],"floor_reached":56,"playtime":4701,"items_purged":[],"score":1432,"play_id":"b5ffc5a0-8142-4c39-a083-ce501dd371e1","local_time":"20190718081000","is_ascension_mode":true,"campfire_choices":[{"floor":7.0,"key":"RECALL"},{"data":"Fusion","floor":12.0,"key":"SMITH"},{"floor":15.0,"key":"REST"},{"floor":27.0,"key":"REST"},{"data":"Apotheosis","floor":30.0,"key":"SMITH"},{"data":"Defragment","floor":32.0,"key":"SMITH"},{"data":"Madness","floor":44.0,"key":"SMITH"},{"data":"Seek","floor":47.0,"key":"SMITH"},{"data":"Rainbow","floor":49.0,"key":"SMITH"},{"data":"Defragment","floor":52.0,"key":"SMITH"}],"neow_cost":"NONE","seed_source_timestamp":0,"circlet_count":0,"master_deck":["Defend_B","Defend_B","Defend_B","Defend_B","Zap","Dualcast","Fusion+1","Melter","Barrage","Bandage Up","Cold Snap","Core Surge","Cold Snap","Apotheosis+1","Sweeping Beam","Rainbow+1","Self Repair+1","Storm+1","Bite","Bite","Bite","Bite","Bite","Self Repair","The Bomb","Good Instincts","Defragment+1","Go for the Eyes+1","Conserve Battery+1","Seek+1","Defragment","Leap+1","Beam Cell+1","Madness+1","Madness","Undo+1","Parasite","Defragment+1","Metamorphosis","Coolheaded"],"special_seed":0,"relics":["Cracked Core","NeowsBlessing","Golden Idol","Emotion Chip","Mercury Hourglass","Torii","Boot","Symbiotic Virus","Nuclear Battery","Art of War","Bag of Preparation","Inserter","TheAbacus","Nunchaku","Strawberry","Mango","PreservedInsect","Unceasing Top"],"potions_floor_usage":[54,54,55],"damage_taken":[{"damage":0.0,"enemies":"Small Slimes","floor":1.0,"turns":1.0},{"damage":0.0,"enemies":"2 Louse","floor":3.0,"turns":1.0},{"damage":0.0,"enemies":"Lagavulin","floor":6.0,"turns":1.0},{"damage":24.0,"enemies":"3 Sentries","floor":8.0,"turns":9.0},{"damage":1.0,"enemies":"Cultist","floor":10.0,"turns":3.0},{"damage":1.0,"enemies":"Lagavulin","floor":14.0,"turns":4.0},{"damage":22.0,"enemies":"The Guardian","floor":16.0,"turns":8.0},{"damage":0.0,"enemies":"Chosen","floor":18.0,"turns":3.0},{"damage":28.0,"enemies":"3 Byrds","floor":20.0,"turns":3.0},{"damage":24.0,"enemies":"Snake Plant","floor":21.0,"turns":2.0},{"damage":23.0,"enemies":"Slavers","floor":23.0,"turns":4.0},{"damage":32.0,"enemies":"Book of Stabbing","floor":25.0,"turns":4.0},{"damage":9.0,"enemies":"Centurion and Healer","floor":29.0,"turns":4.0},{"damage":17.0,"enemies":"Cultist and Chosen","floor":31.0,"turns":4.0},{"damage":61.0,"enemies":"Automaton","floor":33.0,"turns":9.0},{"damage":10.0,"enemies":"Orb Walker","floor":35.0,"turns":4.0},{"damage":7.0,"enemies":"3 Shapes","floor":36.0,"turns":4.0},{"damage":36.0,"enemies":"3 Darklings","floor":37.0,"turns":5.0},{"damage":9.0,"enemies":"Mind Bloom Boss Battle","floor":39.0,"turns":5.0},{"damage":62.0,"enemies":"Giant Head","floor":41.0,"turns":9.0},{"damage":8.0,"enemies":"Writhing Mass","floor":42.0,"turns":7.0},{"damage":11.0,"enemies":"4 Shapes","floor":45.0,"turns":6.0},{"damage":44.0,"enemies":"Reptomancer","floor":46.0,"turns":8.0},{"damage":22.0,"enemies":"Transient","floor":48.0,"turns":5.0},{"damage":51.0,"enemies":"Time Eater","floor":50.0,"turns":10.0},{"damage":48,"enemies":"Shield and Spear","floor":54,"turns":5},{"damage":89,"enemies":"The Heart","floor":55,"turns":11}],"seed_played":"-6857146313661784334","potions_obtained":[{"floor":1.0,"key":"Weak Potion"},{"floor":3.0,"key":"FearPotion"},{"floor":10.0,"key":"Block Potion"},{"floor":14.0,"key":"FearPotion"},{"floor":23.0,"key":"Fire Potion"},{"floor":29.0,"key":"LiquidBronze"},{"floor":31.0,"key":"Regen Potion"},{"floor":35.0,"key":"FearPotion"},{"floor":36.0,"key":"Strength Potion"},{"floor":39.0,"key":"Block Potion"}],"is_trial":false,"path_per_floor":["M","?","M","?","?","E","R","E","T","M","?","R","$","E","R","B",null,"M","?","M","M","?","E","$","E","T","R","?","M","R","M","R","B",null,"M","M","M","$","?","?","E","M","T","R","M","E","R","M","R","B",null,"R","$","E","B",null],"character_chosen":"DEFECT","items_purchased":["Boot","Apotheosis","The Bomb","TheAbacus","SkillPotion","Ancient Potion","PowerPotion","Metamorphosis"],"campfire_rested":2,"item_purchase_floors":[13,13,24,38,53,53,53,53],"current_hp_per_floor":[75,75,75,75,75,75,75,55,55,58,58,58,58,63,75,53,75,75,75,47,33,33,35,35,24,24,39,39,52,52,52,52,30,52,52,52,43,43,52,45,38,59,73,73,73,64,64,73,73,58,73,73,73,67,15],"gold":71,"neow_bonus":"THREE_ENEMY_KILL","is_prod":false,"is_daily":false,"chose_seed":false,"campfire_upgraded":7,"win_rate":0,"timestamp":1563451800,"path_taken":["M","?","M","?","?","E","R","E","T","?","?","R","$","E","R","BOSS","M","?","M","M","?","E","$","E","T","R","?","M","R","M","R","BOSS","M","M","?","$","?","?","E","M","T","R","M","E","R","M","R","BOSS","R","$","E","BOSS"],"build_version":"2019-07-17","purchased_purges":0,"victory":true,"max_hp_per_floor":[75,75,75,75,75,75,75,75,75,75,75,75,75,75,75,75,75,75,75,75,75,52,52,52,52,52,52,52,52,52,52,52,52,52,52,52,52,52,52,52,59,59,73,73,73,73,73,73,73,73,73,73,73,73,73],"card_choices":[{"not_picked":["Stack","Turbo"],"picked":"Fusion","floor":1.0},{"not_picked":["Scrape","Steam"],"picked":"Melter","floor":3.0},{"not_picked":["Coolheaded","Steam"],"picked":"Cold Snap","floor":6.0},{"not_picked":["Chill","Beam Cell"],"picked":"Core Surge","floor":8.0},{"not_picked":["Stack","Streamline"],"picked":"Cold Snap","floor":10.0},{"not_picked":["Hologram","Lockon"],"picked":"Sweeping Beam","floor":14.0},{"not_picked":["All For One","Thunder Strike"],"picked":"Rainbow","floor":16.0},{"not_picked":["Sweeping Beam","Genetic Algorithm"],"picked":"Self Repair+1","floor":18.0},{"not_picked":["Static Discharge","Barrage"],"picked":"Storm+1","floor":20.0},{"not_picked":["Go for the Eyes+1","Aggregate","Cold Snap+1"],"picked":"SKIP","floor":21.0},{"not_picked":["Capacitor","Force Field"],"picked":"Self Repair","floor":23.0},{"not_picked":["Go for the Eyes","Lockon","Hologram"],"picked":"SKIP","floor":25.0},{"not_picked":["Leap","Hello World"],"picked":"Go for the Eyes+1","floor":29.0},{"not_picked":["Stack","Chaos"],"picked":"Conserve Battery+1","floor":31.0},{"not_picked":["Multi-Cast","Biased Cognition"],"picked":"Seek","floor":33.0},{"not_picked":["Static Discharge+1","Lockon"],"picked":"Defragment","floor":35.0},{"not_picked":["Storm","Melter"],"picked":"Leap+1","floor":36.0},{"not_picked":["Streamline","Melter","Hologram"],"picked":"SKIP","floor":37.0},{"not_picked":["Lockon","Aggregate"],"picked":"Beam Cell+1","floor":39.0},{"not_picked":["Redo","Rebound"],"picked":"Undo+1","floor":41.0},{"not_picked":["Capacitor","Melter+1","Lockon"],"picked":"SKIP","floor":42.0},{"not_picked":["Conserve Battery","Sweeping Beam"],"picked":"Defragment","floor":45.0},{"not_picked":["Turbo","Stack","Amplify"],"picked":"SKIP","floor":46.0},{"not_picked":["Leap+1","Barrage","Streamline"],"picked":"SKIP","floor":48.0},{"not_picked":["FTL","Reinforced Body"],"picked":"Coolheaded","floor":54}],"player_experience":553781,"relics_obtained":[{"floor":6.0,"key":"Emotion Chip"},{"floor":8.0,"key":"Mercury Hourglass"},{"floor":9.0,"key":"Torii"},{"floor":14.0,"key":"Symbiotic Virus"},{"floor":23.0,"key":"Art of War"},{"floor":25.0,"key":"Bag of Preparation"},{"floor":39.0,"key":"Nunchaku"},{"floor":41.0,"key":"Strawberry"},{"floor":43.0,"key":"Mango"},{"floor":46.0,"key":"PreservedInsect"},{"floor":54,"key":"Unceasing Top"}],"event_choices":[{"damage_healed":0.0,"max_hp_gain":0.0,"max_hp_loss":0.0,"gold_gain":0.0,"event_name":"Golden Idol","player_choice":"Take Wound","floor":2.0,"gold_loss":0.0,"damage_taken":0.0,"relics_obtained":["Golden Idol"],"cards_obtained":["Injury"]},{"damage_healed":0.0,"max_hp_gain":0.0,"max_hp_loss":0.0,"gold_gain":175.0,"event_name":"Liars Game","player_choice":"AGREE","floor":4.0,"gold_loss":0.0,"damage_taken":0.0,"cards_obtained":["Doubt"]},{"damage_healed":0.0,"max_hp_gain":0.0,"max_hp_loss":0.0,"gold_gain":0.0,"event_name":"Match and Keep!","player_choice":"2 cards matched","floor":5.0,"gold_loss":0.0,"damage_taken":0.0,"cards_obtained":["Barrage","Bandage Up"]},{"cards_removed":["Doubt"],"damage_healed":0.0,"max_hp_gain":0.0,"max_hp_loss":0.0,"gold_gain":0.0,"event_name":"The Cleric","player_choice":"Card Removal","floor":11.0,"gold_loss":50.0,"damage_taken":0.0},{"cards_removed":["Injury"],"damage_healed":0.0,"max_hp_gain":0.0,"max_hp_loss":0.0,"gold_gain":0.0,"event_name":"Beggar","player_choice":"Gave Gold","floor":19.0,"gold_loss":75.0,"damage_taken":0.0},{"damage_healed":0.0,"max_hp_gain":0.0,"max_hp_loss":23.0,"gold_gain":0.0,"event_name":"Vampires","player_choice":"Became a vampire","floor":22.0,"gold_loss":0.0,"damage_taken":0.0,"cards_obtained":["Bite","Bite","Bite","Bite","Bite"]},{"damage_healed":0.0,"max_hp_gain":0.0,"max_hp_loss":0.0,"gold_gain":0.0,"event_name":"Match and Keep!","player_choice":"2 cards matched","floor":28.0,"gold_loss":0.0,"damage_taken":0.0,"cards_obtained":["Good Instincts","Defragment"]},{"damage_healed":0.0,"max_hp_gain":0.0,"max_hp_loss":0.0,"gold_gain":0.0,"event_name":"MindBloom","player_choice":"Fight","floor":39.0,"gold_loss":0.0,"damage_taken":0.0},{"damage_healed":0.0,"max_hp_gain":0.0,"max_hp_loss":0.0,"gold_gain":0.0,"event_name":"Winding Halls","player_choice":"Embrace Madness","floor":40.0,"gold_loss":0.0,"damage_taken":7.0,"cards_obtained":["Madness","Madness"]}],"is_beta":false,"boss_relics":[{"not_picked":["Pandora\u0027s Box","Astrolabe"],"picked":"Nuclear Battery"},{"not_picked":["Tiny House","Empty Cage"],"picked":"Inserter"}],"items_purged_floors":[],"is_endless":false,"potions_floor_spawned":[1,3,10,14,23,29,31,35,36,39],"ascension_level":3}