{"gold_per_floor":[112,123,137,147,322,322,339,399,399,399,169,169,182,199,199,297,297,316,301,301,321,347,347,347,99,99,109,128,128],"floor_reached":29,"playtime":2933,"items_purged":["Regret"],"score":219,"play_id":"5713768b-83e4-4eac-8330-50df06b183bc","local_time":"20181108062348","is_ascension_mode":false,"campfire_choices":[{"data":"Loop","floor":6,"key":"SMITH"},{"data":"Aggregate","floor":15,"key":"SMITH"},{"floor":23,"key":"REST"}],"neow_cost":"NONE","seed_source_timestamp":46564435438682,"circlet_count":0,"master_deck":["Strike_B","Defend_B","Defend_B","Defend_B+1","Defend_B","Zap","Dualcast","Blizzard","Coolheaded+1","Loop+1","Aggregate+1","Coolheaded","Reinforced Body","Machine Learning+1","Core Surge+1","Capacitor+1","Seek+1","Coolheaded","Chill","Chaos","Seek","Recycle"],"relics":["Cracked Core","Frozen Egg 2","Pantograph","Cables","War Paint","Astrolabe","Red Mask","Sundial","Shovel"],"potions_floor_usage":[7,19,19,21],"damage_taken":[{"damage":0,"enemies":"Cultist","floor":1,"turns":3},{"damage":0,"enemies":"2 Louse","floor":2,"turns":1},{"damage":3,"enemies":"Small Slimes","floor":3,"turns":4},{"damage":2,"enemies":"3 Louse","floor":4,"turns":4},{"damage":6,"enemies":"Large Slime","floor":7,"turns":6},{"damage":31,"enemies":"3 Sentries","floor":8,"turns":8},{"damage":9,"enemies":"Lots of Slimes","floor":13,"turns":5},{"damage":2,"enemies":"Gremlin Gang","floor":14,"turns":6},{"damage":29,"enemies":"The Guardian","floor":16,"turns":19},{"damage":7,"enemies":"Shell Parasite","floor":18,"turns":10},{"damage":19,"enemies":"2 Thieves","floor":19,"turns":4},{"damage":13,"enemies":"Cultist and Chosen","floor":21,"turns":8},{"damage":67,"enemies":"Masked Bandits","floor":22,"turns":14},{"damage":0,"enemies":"Snecko","floor":27,"turns":7},{"damage":23,"enemies":"3 Cultists","floor":28,"turns":7},{"damage":4,"enemies":"Slavers","floor":29,"turns":1}],"seed_played":"1708286767782001060","potions_obtained":[{"floor":4,"key":"SpeedPotion"},{"floor":13,"key":"Fire Potion"},{"floor":14,"key":"SteroidPotion"},{"floor":19,"key":"Block Potion"},{"floor":27,"key":"SpeedPotion"}],"is_trial":false,"path_per_floor":["M","M","M","M","?","R","M","?","T","?","$","?","M","M","R","B",null,"M","M","?","M","?","R","?","$","T","M","M","E"],"character_chosen":"DEFECT","items_purchased":["War Paint","Sundial"],"campfire_rested":1,"item_purchase_floors":[11,25],"current_hp_per_floor":[82,82,79,77,77,77,71,40,40,40,40,40,31,29,29,25,82,75,56,82,69,2,26,26,26,26,26,3,0],"gold":128,"neow_bonus":"TEN_PERCENT_HP_BONUS","is_prod":false,"is_daily":false,"chose_seed":false,"campfire_upgraded":2,"win_rate":0,"timestamp":1541676228,"path_taken":["M","M","?","M","?","R","M","?","T","?","$","?","?","M","R","BOSS","M","M","?","?","?","R","?","$","T","M","?","E"],"build_version":"2018-11-07","purchased_purges":1,"victory":false,"max_hp_per_floor":[82,82,82,82,82,82,82,82,82,82,82,82,82,82,82,82,82,82,82,82,82,82,82,82,82,82,82,82,82],"card_choices":[{"not_picked":["Coolheaded","Barrage"],"picked":"Blizzard","floor":1},{"not_picked":["Chaos","Cold Snap"],"picked":"Coolheaded","floor":2},{"not_picked":["Reprogram","Reinforced Body"],"picked":"Loop","floor":3},{"not_picked":["Reprogram","Hologram"],"picked":"Aggregate","floor":4},{"not_picked":["Reinforced Body","Go for the Eyes"],"picked":"Coolheaded","floor":7},{"not_picked":["Ball Lightning","Streamline"],"picked":"Reinforced Body","floor":8},{"not_picked":["Compile Driver","Turbo","Static Discharge+1"],"picked":"SKIP","floor":13},{"not_picked":["Scrape","Barrage"],"picked":"Hello World+1","floor":14},{"not_picked":["Fission","Reboot"],"picked":"Machine Learning+1","floor":16},{"not_picked":["Undo","Steam","Compile Driver"],"picked":"SKIP","floor":18},{"not_picked":["Storm+1","Cold Snap+1","Force Field"],"picked":"SKIP","floor":19},{"not_picked":["Rebound","Fusion"],"picked":"Coolheaded","floor":21},{"not_picked":["Conserve Battery","Tempest"],"picked":"Chill","floor":22},{"not_picked":["Rebound","Ball Lightning"],"picked":"Recycle","floor":27},{"not_picked":["Core Surge","Beam Cell","Force Field"],"picked":"SKIP","floor":28}],"player_experience":210674,"relics_obtained":[{"floor":8,"key":"Frozen Egg 2"},{"floor":9,"key":"Pantograph"},{"floor":22,"key":"Red Mask"},{"floor":26,"key":"Shovel"}],"event_choices":[{"damage_healed":0,"gold_gain":175,"player_choice":"AGREE","damage_taken":0,"max_hp_gain":0,"max_hp_loss":0,"event_name":"Liars Game","floor":5,"gold_loss":0,"cards_obtained":["Doubt"]},{"damage_healed":0,"gold_gain":30,"player_choice":"Searched \u00272\u0027 times","damage_taken":0,"max_hp_gain":0,"max_hp_loss":0,"event_name":"Dead Adventurer","floor":8,"gold_loss":0},{"damage_healed":0,"gold_gain":0,"player_choice":"Box","damage_taken":0,"relics_obtained":["Cables"],"max_hp_gain":0,"max_hp_loss":0,"event_name":"Big Fish","floor":10,"gold_loss":0,"cards_obtained":["Regret"]},{"cards_removed":["Doubt"],"damage_healed":0,"gold_gain":0,"player_choice":"Removed Curses","damage_taken":0,"max_hp_gain":0,"max_hp_loss":0,"event_name":"Fountain of Cleansing","floor":12,"gold_loss":0},{"cards_removed":["Hello World"],"damage_healed":26,"gold_gain":0,"player_choice":"Offered Uncommon","damage_taken":0,"max_hp_gain":0,"max_hp_loss":0,"event_name":"Bonfire Elementals","floor":20,"gold_loss":0},{"damage_healed":0,"gold_gain":0,"player_choice":"Fought Bandits","damage_taken":0,"max_hp_gain":0,"max_hp_loss":0,"event_name":"Masked Bandits","floor":22,"gold_loss":0},{"damage_healed":0,"gold_gain":0,"player_choice":"2 cards matched","damage_taken":0,"max_hp_gain":0,"max_hp_loss":0,"event_name":"Match and Keep!","floor":24,"gold_loss":0,"cards_obtained":["Chaos","Seek"]}],"is_beta":true,"boss_relics":[{"not_picked":["Busted Crown","Eternal Feather"],"picked":"Astrolabe"}],"items_purged_floors":[11],"is_endless":false,"potions_floor_spawned":[4,13,14,19,27],"killed_by":"Slavers","ascension_level":0}