{"path_per_floor":["M","M","?","?","?","E","M","$","T","$","R","M","R","M","R","B",null,"M","?","M","?","M","R","?","R","T","?","?","M","M","T","R","B",null,"M","$","M","M","M","R","$","?","T","R","T","M","M","M","R","B"],"character_chosen":"DEFECT","items_purchased":["Kunai","Capacitor","Lantern"],"gold_per_floor":[110,130,205,205,305,336,355,89,89,89,89,103,103,118,118,216,216,198,198,213,213,231,231,231,231,254,169,169,189,205,256,256,355,355,368,149,164,180,197,197,97,97,170,170,170,180,190,203,203,203],"floor_reached":51,"campfire_rested":2,"playtime":4171,"current_hp_per_floor":[75,75,64,64,64,39,35,35,35,35,35,33,33,21,21,28,75,56,56,49,49,11,33,39,39,39,39,45,39,25,25,51,24,87,75,75,66,68,52,52,52,87,93,93,99,82,76,78,78,53],"items_purged":["Decay","Writhe"],"gold":203,"score":649,"play_id":"8b6140e7-8fbf-4b18-95f1-af915af0ba60","local_time":"20180510002334","is_prod":false,"is_daily":false,"chose_seed":false,"is_ascension_mode":false,"campfire_upgraded":7,"timestamp":1525926214,"path_taken":["M","?","?","?","?","E","?","$","T","?","R","M","R","?","R","BOSS","M","?","M","?","M","R","?","R","T","?","?","M","M","?","R","BOSS","M","$","M","M","M","R","$","?","T","R","?","M","?","M","R","BOSS"],"build_version":"2018-05-08","seed_source_timestamp":25665500598611,"purchased_purges":4,"victory":true,"master_deck":["Strike_B","Strike_B","Strike_B","Strike_B","Defend_B+1","Defend_B","Defend_B","Defend_B","Zap+1","Dualcast","Genetic Algorithm+1","Defragment+1","Force Field","Cold Snap+1","Capacitor","Chill","Undo","Nova+1","Sweeping Beam+1","Machine Learning","White Noise","Coolheaded+1","Static Discharge+1","Creative AI","Consume+1","Coolheaded+1","Recycle+1","Regret","Doubt","Glacier+1","Storm","Buffer"],"max_hp_per_floor":[75,75,75,75,75,75,75,75,75,75,75,75,75,75,75,75,75,75,75,75,75,75,75,81,81,81,81,87,87,87,87,87,87,87,87,87,87,87,87,87,87,87,93,93,99,99,99,99,99,99],"relics":["Cracked Core","War Paint","Question Card","Kunai","Darkstone Periapt","Inserter","Bronze Scales","Anchor","Ice Cream","Blood Vial","Cursed Key","Lantern","Meat on the Bone","Letter Opener"],"card_choices":[{"not_picked":["Impulse","Steam"],"picked":"Genetic Algorithm","floor":1},{"not_picked":["Impulse","FTL"],"picked":"Defragment","floor":2},{"not_picked":["Turbo","FTL"],"picked":"Force Field","floor":6},{"not_picked":["Rebound","Stack","Capacitor"],"picked":"Cold Snap","floor":7},{"not_picked":["Rip and Tear","Melter","Leap"],"picked":"Chill","floor":12},{"not_picked":["Rebound","Tempest","Steam"],"picked":"Undo","floor":14},{"not_picked":["Fission","Seek","Multi-Cast"],"picked":"Nova","floor":16},{"not_picked":["Rebound","Steam","Auto Shields"],"picked":"Sweeping Beam","floor":18},{"not_picked":["Turbo","Reinforced Body","Steam"],"picked":"Machine Learning","floor":20},{"not_picked":["Double Energy","Steam Power","Lockon"],"picked":"White Noise","floor":22},{"not_picked":["Ball Lightning","Go for the Eyes","Streamline"],"picked":"Coolheaded","floor":29},{"not_picked":["Turbo","Rip and Tear","Capacitor"],"picked":"Static Discharge","floor":30},{"not_picked":["Biased Cognition","Rainbow","Nova"],"picked":"Creative AI","floor":33},{"not_picked":["Turbo","Cold Snap","Sweeping Beam"],"picked":"Consume","floor":35},{"not_picked":["Sunder","Gash","Static Discharge"],"picked":"Coolheaded","floor":37},{"not_picked":["Melter","Leap","Cold Snap"],"picked":"Recycle","floor":38},{"not_picked":["Sweeping Beam","Ball Lightning","Leap"],"picked":"Glacier","floor":46},{"not_picked":["Chaos","Lockon","Sweeping Beam"],"picked":"Storm","floor":47},{"not_picked":["Sunder","Coolheaded","Ball Lightning"],"picked":"Buffer","floor":48}],"player_experience":27984,"potions_floor_usage":[16,16,16,22,33,33,37,48,50,50],"damage_taken":[{"damage":0,"enemies":"Cultist","floor":1,"turns":3},{"damage":0,"enemies":"Jaw Worm","floor":2,"turns":3},{"damage":25,"enemies":"3 Sentries","floor":6,"turns":8},{"damage":4,"enemies":"2 Louse","floor":7,"turns":4},{"damage":2,"enemies":"Large Slime","floor":12,"turns":6},{"damage":12,"enemies":"Blue Slaver","floor":14,"turns":3},{"damage":32,"enemies":"Slime Boss","floor":16,"turns":14},{"damage":19,"enemies":"2 Thieves","floor":18,"turns":4},{"damage":7,"enemies":"Spheric Guardian","floor":20,"turns":5},{"damage":38,"enemies":"Cultist and Chosen","floor":22,"turns":10},{"damage":6,"enemies":"Centurion and Healer","floor":29,"turns":9},{"damage":14,"enemies":"Slaver and Parasite","floor":30,"turns":7},{"damage":29,"enemies":"Collector","floor":33,"turns":10},{"damage":24,"enemies":"Orb Walker","floor":35,"turns":6},{"damage":11,"enemies":"3 Darklings","floor":37,"turns":5},{"damage":0,"enemies":"Maw","floor":38,"turns":10},{"damage":36,"enemies":"4 Shapes","floor":39,"turns":5},{"damage":17,"enemies":"3 Darklings","floor":46,"turns":5},{"damage":12,"enemies":"Spire Growth","floor":47,"turns":6},{"damage":0,"enemies":"4 Shapes","floor":48,"turns":5},{"damage":55,"enemies":"Donu and Deca","floor":50,"turns":7}],"event_choices":[{"event_name":"World of Goop","player_choice":"Gather Gold","floor":3,"damage_taken":0},{"event_name":"The Lab","player_choice":"Got Potions","floor":4,"damage_taken":0},{"event_name":"Wheel of Change","player_choice":"Gold","floor":5,"damage_taken":0},{"event_name":"Cursed Tome","player_choice":"Ignored","floor":19,"damage_taken":0},{"event_name":"Ghosts","player_choice":"Ignored","floor":21,"damage_taken":0},{"event_name":"Wheel of Change","player_choice":"Curse","floor":24,"damage_taken":0},{"event_name":"Addict","player_choice":"Obtained Relic","floor":27,"damage_taken":0},{"event_name":"The Mausoleum","player_choice":"Yes","floor":28,"damage_taken":0},{"event_name":"Wheel of Change","player_choice":"Full Heal","floor":42,"damage_taken":0}],"boss_relics":[{"not_picked":["Astrolabe","Runic Dome"],"picked":"Inserter"},{"not_picked":["Orrery","Sozu"],"picked":"Cursed Key"}],"potions_floor_spawned":[1,14,16,20,22,33,37,38,39,48],"seed_played":"3495220180198185835","ascension_level":0,"is_trial":false}