{"gold_per_floor":[111,60,60,79,79,123,123,159,159,202,220,73,73,73,73,196,196,221,244,264,264,282,282,482,513,513,537,537,537,551,574,574,702,702,727,743,758,276,301,301,340,340,363,411,444,464,464,483,483,483],"floor_reached":50,"playtime":3392,"items_purged":[],"score":694,"play_id":"33e103a7-1b7c-451c-ad6f-b59d6ccd5287","local_time":"20190524211957","is_ascension_mode":true,"campfire_choices":[{"floor":7.0,"key":"REST"},{"floor":13.0,"key":"REST"},{"floor":15.0,"key":"REST"},{"data":"Catalyst","floor":23.0,"key":"SMITH"},{"floor":29.0,"key":"RECALL"},{"floor":32.0,"key":"REST"},{"floor":40.0,"key":"REST"},{"floor":47.0,"key":"REST"},{"floor":49.0,"key":"REST"}],"neow_cost":"NONE","seed_source_timestamp":0,"circlet_count":0,"master_deck":["Defend_G","Defend_G","Defend_G","Survivor","Neutralize","Poisoned Stab","Cloak And Dagger","Poisoned Stab","Catalyst+1","Backstab","Terror+1","Leg Sweep+1","Die Die Die","Choke+1","Poisoned Stab+1","Dagger Throw+1","Cloak And Dagger+1","Dagger Spray+1","Deadly Poison+1","Bite","Bite","Bite","Bite","Bite","Bane+1","Poisoned Stab","Flying Knee+1","Backstab+1","Blade Dance+1","Envenom","Poisoned Stab+1","Catalyst+1","Dash","Noxious Fumes","Deadly Poison+1","Cloak And Dagger+1","Adrenaline+1","Bane","Outmaneuver+1"],"special_seed":0,"relics":["Philosopher\u0027s Stone","Golden Idol","Unceasing Top","Bag of Marbles","Mango","Toxic Egg 2","Astrolabe","Strawberry","Spirit Poop","Lizard Tail","Shuriken","HandDrill","The Courier","Juzu Bracelet","Bag of Preparation","Potion Belt"],"potions_floor_usage":[],"damage_taken":[{"damage":0.0,"enemies":"Small Slimes","floor":1.0,"turns":3.0},{"damage":0.0,"enemies":"Jaw Worm","floor":4.0,"turns":3.0},{"damage":47.0,"enemies":"Lagavulin","floor":6.0,"turns":10.0},{"damage":29.0,"enemies":"3 Sentries","floor":8.0,"turns":13.0},{"damage":27.0,"enemies":"Lagavulin","floor":10.0,"turns":6.0},{"damage":0.0,"enemies":"2 Louse","floor":11.0,"turns":2.0},{"damage":19.0,"enemies":"The Guardian","floor":16.0,"turns":10.0},{"damage":0.0,"enemies":"Chosen","floor":18.0,"turns":3.0},{"damage":21.0,"enemies":"2 Thieves","floor":19.0,"turns":4.0},{"damage":1.0,"enemies":"Shelled Parasite and Fungi","floor":20.0,"turns":3.0},{"damage":8.0,"enemies":"Snecko","floor":22.0,"turns":4.0},{"damage":15.0,"enemies":"Slavers","floor":25.0,"turns":3.0},{"damage":18.0,"enemies":"Snake Plant","floor":27.0,"turns":3.0},{"damage":9.0,"enemies":"Centurion and Healer","floor":30.0,"turns":3.0},{"damage":2.0,"enemies":"Cultist and Chosen","floor":31.0,"turns":3.0},{"damage":27.0,"enemies":"Collector","floor":33.0,"turns":5.0},{"damage":0.0,"enemies":"Orb Walker","floor":35.0,"turns":1.0},{"damage":37.0,"enemies":"3 Darklings","floor":36.0,"turns":6.0},{"damage":0.0,"enemies":"Jaw Worm Horde","floor":37.0,"turns":4.0},{"damage":13.0,"enemies":"Sphere and 2 Shapes","floor":39.0,"turns":4.0},{"damage":33.0,"enemies":"Reptomancer","floor":41.0,"turns":4.0},{"damage":12.0,"enemies":"Giant Head","floor":45.0,"turns":5.0},{"damage":15.0,"enemies":"4 Shapes","floor":46.0,"turns":4.0},{"damage":8.0,"enemies":"Writhing Mass","floor":48.0,"turns":2.0},{"damage":108,"enemies":"Time Eater","floor":50,"turns":9}],"seed_played":"1727517436321754266","potions_obtained":[{"floor":6.0,"key":"SpeedPotion"},{"floor":11.0,"key":"FearPotion"},{"floor":19.0,"key":"GamblersBrew"},{"floor":27.0,"key":"Ancient Potion"},{"floor":30.0,"key":"Ancient Potion"},{"floor":33.0,"key":"Strength Potion"},{"floor":35.0,"key":"SkillPotion"},{"floor":36.0,"key":"Block Potion"},{"floor":39.0,"key":"SkillPotion"},{"floor":45.0,"key":"Dexterity Potion"},{"floor":46.0,"key":"Weak Potion"}],"is_trial":false,"path_per_floor":["M","$","?","M","?","E","R","E","T","E","M","$","R","?","R","B",null,"M","M","M","?","M","R","?","E","T","M","?","R","M","M","R","B",null,"M","M","M","$","M","R","E","?","T","T","E","M","R","M","R","B"],"character_chosen":"THE_SILENT","items_purchased":["Cloak And Dagger","Regen Potion","GhostInAJar","Shuriken","HandDrill","Noxious Fumes"],"campfire_rested":7,"item_purchase_floors":[2,12,12,38,38,38],"current_hp_per_floor":[70,70,70,70,70,23,44,15,29,2,2,2,27,27,52,48,84,84,63,62,58,52,52,52,48,48,34,34,34,31,35,54,29,65,65,36,40,40,35,54,31,31,31,31,27,16,35,29,48,0],"gold":483,"neow_bonus":"BOSS_RELIC","is_prod":false,"is_daily":false,"chose_seed":false,"campfire_upgraded":1,"win_rate":0,"timestamp":1558747197,"path_taken":["M","$","?","M","?","E","R","E","T","E","M","?","R","?","R","BOSS","M","M","M","?","M","R","?","E","T","?","?","R","M","?","R","BOSS","M","?","M","$","M","R","E","?","T","?","E","M","R","M","R","BOSS"],"build_version":"2019-01-23","purchased_purges":0,"victory":false,"max_hp_per_floor":[70,70,70,70,70,70,70,70,84,84,84,84,84,84,84,84,84,84,84,84,58,58,58,58,65,65,65,65,65,65,65,65,65,65,65,65,65,65,65,65,65,65,65,65,65,65,65,65,65,65],"card_choices":[{"not_picked":["Well Laid Plans","Quick Slash"],"picked":"Poisoned Stab","floor":1.0},{"not_picked":["Slice","Bane"],"picked":"Poisoned Stab","floor":4.0},{"not_picked":["Glass Knife","PiercingWail"],"picked":"Catalyst","floor":6.0},{"not_picked":["Outmaneuver","Bane"],"picked":"Backstab","floor":8.0},{"not_picked":["Slice","Cloak And Dagger"],"picked":"Terror","floor":10.0},{"not_picked":["Finisher","Backflip+1"],"picked":"Leg Sweep+1","floor":11.0},{"not_picked":["Tools of the Trade","After Image"],"picked":"Die Die Die","floor":16.0},{"not_picked":["Expertise+1","Reflex+1"],"picked":"Cloak And Dagger+1","floor":18.0},{"not_picked":["Quick Slash","Masterful Stab"],"picked":"Dagger Spray+1","floor":19.0},{"not_picked":["Dagger Throw","Caltrops"],"picked":"Deadly Poison+1","floor":20.0},{"not_picked":["Quick Slash","Dagger Throw+1"],"picked":"Bane+1","floor":22.0},{"not_picked":["Prepared+1","Dagger Spray"],"picked":"Poisoned Stab","floor":25.0},{"not_picked":["Prepared+1","Choke"],"picked":"Flying Knee+1","floor":27.0},{"not_picked":["After Image","Deflect+1"],"picked":"Backstab+1","floor":30.0},{"not_picked":["Deflect+1","Cloak And Dagger+1"],"picked":"Blade Dance+1","floor":31.0},{"not_picked":["Malaise+1","Tools of the Trade"],"picked":"Envenom","floor":33.0},{"not_picked":["Cloak And Dagger+1","Flying Knee+1"],"picked":"Poisoned Stab+1","floor":35.0},{"not_picked":["Slice+1","PiercingWail+1"],"picked":"Catalyst+1","floor":36.0},{"not_picked":["Sucker Punch+1","Bane+1"],"picked":"Dash","floor":37.0},{"not_picked":["All Out Attack+1","Poisoned Stab"],"picked":"Deadly Poison+1","floor":39.0},{"not_picked":["Unload","Dagger Spray"],"picked":"Cloak And Dagger+1","floor":41.0},{"not_picked":["Envenom","Sucker Punch+1"],"picked":"Adrenaline+1","floor":45.0},{"not_picked":["Riddle With Holes+1","Predator"],"picked":"Bane","floor":46.0},{"not_picked":["Bane+1","Poisoned Stab"],"picked":"Outmaneuver+1","floor":48.0}],"player_experience":369170,"relics_obtained":[{"floor":6.0,"key":"Unceasing Top"},{"floor":8.0,"key":"Bag of Marbles"},{"floor":9.0,"key":"Mango"},{"floor":10.0,"key":"Toxic Egg 2"},{"floor":25.0,"key":"Strawberry"},{"floor":41.0,"key":"The Courier"},{"floor":43.0,"key":"Juzu Bracelet"},{"floor":44.0,"key":"Bag of Preparation"},{"floor":45.0,"key":"Potion Belt"}],"event_choices":[{"damage_healed":0.0,"max_hp_gain":0.0,"max_hp_loss":0.0,"gold_gain":0.0,"event_name":"Golden Idol","player_choice":"Take Wound","floor":3.0,"gold_loss":0.0,"damage_taken":0.0,"relics_obtained":["Golden Idol"],"cards_obtained":["Injury"]},{"damage_healed":0.0,"max_hp_gain":0.0,"max_hp_loss":0.0,"gold_gain":0.0,"event_name":"The Cleric","player_choice":"Leave","floor":5.0,"gold_loss":0.0,"damage_taken":0.0},{"damage_healed":0.0,"max_hp_gain":0.0,"max_hp_loss":0.0,"gold_gain":0.0,"event_name":"Scrap Ooze","player_choice":"Fled","floor":14.0,"gold_loss":0.0,"damage_taken":0.0},{"damage_healed":0.0,"max_hp_gain":0.0,"max_hp_loss":26.0,"gold_gain":0.0,"event_name":"Vampires","player_choice":"Became a vampire","floor":21.0,"gold_loss":0.0,"damage_taken":0.0,"cards_obtained":["Bite","Bite","Bite","Bite","Bite"]},{"damage_healed":0.0,"max_hp_gain":0.0,"max_hp_loss":0.0,"gold_gain":200.0,"event_name":"Wheel of Change","player_choice":"Gold","floor":24.0,"gold_loss":0.0,"damage_taken":0.0},{"cards_removed":["Injury"],"damage_healed":0.0,"max_hp_gain":0.0,"max_hp_loss":0.0,"gold_gain":0.0,"event_name":"Bonfire Elementals","player_choice":"Offered Curse","floor":28.0,"gold_loss":0.0,"damage_taken":0.0,"relics_obtained":["Spirit Poop"]},{"damage_healed":0.0,"max_hp_gain":0.0,"max_hp_loss":0.0,"gold_gain":0.0,"event_name":"Mysterious Sphere","player_choice":"Ignored","floor":42.0,"gold_loss":0.0,"damage_taken":0.0}],"is_beta":false,"boss_relics":[{"not_picked":["Velvet Choker","Coffee Dripper"],"picked":"Astrolabe"},{"not_picked":["White Beast Statue","Empty Cage"],"picked":"Lizard Tail"}],"items_purged_floors":[],"is_endless":false,"potions_floor_spawned":[6,11,19,27,30,33,35,36,39,45,46],"killed_by":"Time Eater","ascension_level":1}