{"gold_per_floor":[110,125,145,160,160,160,200,200,200,221,246,246,262,562,562,682,682,700,700,294,294,307,341,341,355,355,355,355],"floor_reached":28,"playtime":1276,"items_purged":[],"score":252,"play_id":"44b89edd-8c18-4b65-918d-49c1cb352520","local_time":"20190505204351","is_ascension_mode":true,"campfire_choices":[{"data":"White Noise","floor":6,"key":"SMITH"},{"floor":8,"key":"REST"},{"floor":15,"key":"REST"},{"floor":24,"key":"REST"},{"floor":27,"key":"RECALL"}],"neow_cost":"NONE","seed_source_timestamp":4409924075514,"circlet_count":0,"master_deck":["Strike_B","Strike_B","Strike_B","Strike_B","Defend_B","Defend_B","Defend_B","Defend_B","Zap","Dualcast","White Noise+1","Melter","Beam Cell","Barrage","Ball Lightning","Ball Lightning","Barrage","Cold Snap","Buffer","Hello World+1","Reinforced Body+1","Redo+1","Go for the Eyes"],"relics":["Cracked Core","NeowsBlessing","Golden Idol","Cables","Thread and Needle","Old Coin","Runic Pyramid","DataDisk","Meat on the Bone","Mercury Hourglass"],"potions_floor_usage":[4,22,23,25],"damage_taken":[{"damage":0,"enemies":"Small Slimes","floor":1,"turns":1},{"damage":0,"enemies":"2 Louse","floor":2,"turns":1},{"damage":0,"enemies":"Cultist","floor":3,"turns":1},{"damage":13,"enemies":"Large Slime","floor":4,"turns":5},{"damage":45,"enemies":"Lagavulin","floor":7,"turns":7},{"damage":0,"enemies":"2 Fungi Beasts","floor":10,"turns":3},{"damage":1,"enemies":"Looter","floor":11,"turns":2},{"damage":8,"enemies":"Blue Slaver","floor":13,"turns":2},{"damage":28,"enemies":"The Guardian","floor":16,"turns":9},{"damage":0,"enemies":"Spheric Guardian","floor":18,"turns":1},{"damage":25,"enemies":"2 Thieves","floor":22,"turns":3},{"damage":24,"enemies":"Book of Stabbing","floor":23,"turns":7},{"damage":0,"enemies":"Snecko","floor":25,"turns":4},{"damage":60,"enemies":"Gremlin Leader","floor":28,"turns":4}],"seed_played":"5072339143425927774","potions_obtained":[{"floor":2,"key":"SpeedPotion"},{"floor":7,"key":"EssenceOfSteel"},{"floor":16,"key":"Explosive Potion"},{"floor":23,"key":"Fire Potion"}],"is_trial":false,"path_per_floor":["M","M","M","M","?","R","E","R","T","M","M","?","M","?","R","B",null,"M","?","$","?","M","E","R","M","T","R","E"],"character_chosen":"DEFECT","items_purchased":["DataDisk","Meat on the Bone"],"campfire_rested":3,"item_purchase_floors":[20,20],"current_hp_per_floor":[75,75,75,62,62,62,17,39,39,39,38,38,30,27,49,21,75,75,75,75,75,50,38,60,60,60,60,0],"gold":355,"neow_bonus":"THREE_ENEMY_KILL","is_prod":false,"is_daily":false,"chose_seed":false,"campfire_upgraded":1,"win_rate":0,"timestamp":1557103431,"path_taken":["M","M","M","M","?","R","E","R","T","M","M","?","?","?","R","BOSS","M","?","$","?","M","E","R","M","T","R","E"],"build_version":"2019-01-23","purchased_purges":0,"victory":false,"max_hp_per_floor":[75,75,75,75,75,75,75,75,75,75,75,75,75,75,75,75,75,75,75,75,75,75,75,75,75,75,75,75],"card_choices":[{"not_picked":["Go for the Eyes","Rip and Tear"],"picked":"White Noise","floor":1},{"not_picked":["Cold Snap","Force Field"],"picked":"Melter","floor":2},{"not_picked":["Gash","Steam"],"picked":"Beam Cell","floor":3},{"not_picked":["Rip and Tear","Loop"],"picked":"Barrage","floor":4},{"not_picked":["Consume","Ball Lightning","Steam Power"],"picked":"SKIP","floor":7},{"not_picked":["Consume","Steam Power"],"picked":"Ball Lightning","floor":7},{"not_picked":["Stack","Barrage"],"picked":"Ball Lightning","floor":10},{"not_picked":["Coolheaded","Skim"],"picked":"Barrage","floor":11},{"not_picked":["Beam Cell","Skim"],"picked":"Cold Snap","floor":13},{"not_picked":["Hyperbeam","Meteor Strike"],"picked":"Buffer","floor":16},{"not_picked":["Compile Driver","Darkness"],"picked":"Hello World+1","floor":18},{"not_picked":["Barrage","Leap"],"picked":"Reinforced Body+1","floor":22},{"not_picked":["Beam Cell","Rebound+1"],"picked":"Redo+1","floor":23},{"not_picked":["Darkness","Redo"],"picked":"Go for the Eyes","floor":25}],"player_experience":315120,"relics_obtained":[{"floor":7,"key":"Cables"},{"floor":9,"key":"Thread and Needle"},{"floor":23,"key":"Mercury Hourglass"}],"event_choices":[{"damage_healed":0,"gold_gain":0,"player_choice":"Take Wound","damage_taken":0,"relics_obtained":["Golden Idol"],"max_hp_gain":0,"max_hp_loss":0,"event_name":"Golden Idol","floor":5,"gold_loss":0,"cards_obtained":["Injury"]},{"cards_removed":["Injury"],"damage_healed":0,"gold_gain":0,"player_choice":"Card Removal","damage_taken":0,"max_hp_gain":0,"max_hp_loss":0,"event_name":"Wheel of Change","floor":12,"gold_loss":0},{"damage_healed":0,"gold_gain":0,"player_choice":"Success","damage_taken":3,"relics_obtained":["Old Coin"],"max_hp_gain":0,"max_hp_loss":0,"event_name":"Scrap Ooze","floor":14,"gold_loss":0},{"damage_healed":0,"gold_gain":0,"player_choice":"Ignored","damage_taken":0,"max_hp_gain":0,"max_hp_loss":0,"event_name":"Beggar","floor":19,"gold_loss":0},{"damage_healed":0,"gold_gain":0,"player_choice":"Ignored","damage_taken":0,"max_hp_gain":0,"max_hp_loss":0,"event_name":"The Mausoleum","floor":21,"gold_loss":0}],"is_beta":false,"boss_relics":[{"not_picked":["Calling Bell","FrozenCore"],"picked":"Runic Pyramid"}],"items_purged_floors":[],"is_endless":false,"potions_floor_spawned":[2,7,16,23],"killed_by":"Gremlin Leader","ascension_level":1}