{"gold_per_floor":[119,132,146,146,158,185,185,196,223,250,262,302,314,346,358,468,480,503,515,541,571,609,654,49,68,68,84,119,119,35,67,67,67],"floor_reached":33,"playtime":3641,"items_purged":["Strike_G"],"score":610,"play_id":"1e452903-aa3e-4a96-ba7b-e5f387d51483","local_time":"20190714234738","is_ascension_mode":true,"campfire_choices":[{"floor":7,"key":"REST"},{"floor":11,"key":"REST"},{"data":"All Out Attack","floor":13,"key":"SMITH"},{"data":"Neutralize","floor":15,"key":"SMITH"},{"floor":29,"key":"REST"},{"data":"Noxious Fumes","floor":32,"key":"SMITH"}],"neow_cost":"PERCENT_DAMAGE","seed_source_timestamp":1647612621976000,"circlet_count":0,"master_deck":["Strike_G","Strike_G","Strike_G","Strike_G","Defend_G","Defend_G","Defend_G","Defend_G","Defend_G","Survivor","Neutralize+1","Venomology+1","Flying Knee","Deadly Poison","All Out Attack+1","Slice","Poisoned Stab+1","Flying Knee+1","Terror+1","Slice+1","Dagger Throw+1","Glass Knife+1","PiercingWail+1","Poisoned Stab+1","Blur+1","Dagger Spray+1","Prepared+1","Magnetism","Noxious Fumes+1","Sucker Punch+1","Deflect+1","Crippling Poison","Backstab+1"],"relics":["Ring of the Snake","Molten Egg 2","Omamori","MawBank","Orichalcum","Cursed Key","Red Mask","Anchor","FossilizedHelix","Singing Bowl","Art of War","Peace Pipe","Bronze Scales"],"potions_floor_usage":[2,2,3,3,6,6,6,8,10,14,16,16,18,20,21,21,22,23,25,27,28,28,33,33,33],"damage_taken":[{"damage":0,"enemies":"Small Slimes","floor":1,"turns":4},{"damage":0,"enemies":"Cultist","floor":2,"turns":3},{"damage":6,"enemies":"2 Louse","floor":3,"turns":2},{"damage":4,"enemies":"Blue Slaver","floor":5,"turns":4},{"damage":5,"enemies":"Lagavulin","floor":6,"turns":5},{"damage":16,"enemies":"Gremlin Gang","floor":8,"turns":4},{"damage":16,"enemies":"3 Sentries","floor":10,"turns":7},{"damage":0,"enemies":"Gremlin Nob","floor":12,"turns":3},{"damage":0,"enemies":"Exordium Wildlife","floor":14,"turns":1},{"damage":0,"enemies":"Slime Boss","floor":16,"turns":5},{"damage":0,"enemies":"Chosen","floor":18,"turns":3},{"damage":6,"enemies":"2 Thieves","floor":20,"turns":4},{"damage":0,"enemies":"Chosen and Byrds","floor":21,"turns":4},{"damage":10,"enemies":"Masked Bandits","floor":22,"turns":4},{"damage":14,"enemies":"Slavers","floor":23,"turns":4},{"damage":21,"enemies":"Sentry and Sphere","floor":25,"turns":5},{"damage":6,"enemies":"Snake Plant","floor":27,"turns":4},{"damage":0,"enemies":"Book of Stabbing","floor":28,"turns":4},{"damage":0,"enemies":"Gremlin Leader","floor":31,"turns":5},{"damage":49,"enemies":"Automaton","floor":33,"turns":8}],"seed_played":"3110263093031918324","potions_obtained":[{"floor":1,"key":"SkillPotion"},{"floor":2,"key":"GamblersBrew"},{"floor":6,"key":"Weak Potion"},{"floor":10,"key":"Fire Potion"},{"floor":12,"key":"Explosive Potion"},{"floor":18,"key":"Energy Potion"},{"floor":20,"key":"Weak Potion"},{"floor":21,"key":"GamblersBrew"},{"floor":25,"key":"Explosive Potion"},{"floor":27,"key":"Poison Potion"}],"is_trial":false,"path_per_floor":["M","M","M","?","M","E","R","M","T","E","R","E","R","M","R","B",null,"M","?","M","M","?","E","$","M","T","M","E","R","?","E","R","B"],"character_chosen":"THE_SILENT","items_purchased":["Magnetism","Noxious Fumes","FossilizedHelix"],"campfire_rested":3,"item_purchase_floors":[24,24,24],"current_hp_per_floor":[45,45,39,39,35,30,51,35,35,19,40,40,40,40,40,40,63,63,63,57,69,59,45,45,24,24,27,27,48,48,48,48,0],"gold":67,"neow_bonus":"THREE_RARE_CARDS","is_prod":false,"is_daily":false,"chose_seed":false,"campfire_upgraded":3,"win_rate":0,"timestamp":1563162458,"path_taken":["M","M","M","?","M","E","R","M","T","E","R","E","R","M","R","BOSS","M","?","M","?","?","E","$","M","T","M","E","R","?","E","R","BOSS"],"build_version":"2019-07-05","purchased_purges":1,"victory":false,"max_hp_per_floor":[70,70,70,70,70,70,70,70,70,70,70,70,70,70,70,70,70,70,70,70,70,70,70,70,70,70,70,70,70,70,70,70,70],"card_choices":[{"not_picked":["Bullet Time","Envenom"],"picked":"Venomology","floor":0},{"not_picked":["Cloak And Dagger","Poisoned Stab"],"picked":"Flying Knee","floor":1},{"not_picked":["Poisoned Stab","Expertise"],"picked":"Deadly Poison","floor":2},{"not_picked":["Prepared","Cloak And Dagger"],"picked":"All Out Attack","floor":3},{"not_picked":["Prepared","Outmaneuver"],"picked":"Slice","floor":5},{"not_picked":["Dodge and Roll","Deflect"],"picked":"Poisoned Stab","floor":6},{"not_picked":["Acrobatics","Deflect"],"picked":"Flying Knee+1","floor":8},{"not_picked":["Outmaneuver","Deflect"],"picked":"Terror","floor":10},{"not_picked":["Setup","Acrobatics"],"picked":"Slice+1","floor":12},{"not_picked":["Eviscerate+1","After Image"],"picked":"Dagger Throw+1","floor":14},{"not_picked":["Night Terror","A Thousand Cuts"],"picked":"Glass Knife+1","floor":16},{"not_picked":["Blade Dance","Underhanded Strike+1"],"picked":"PiercingWail+1","floor":18},{"not_picked":["Blade Dance","Setup"],"picked":"Poisoned Stab+1","floor":20},{"not_picked":["Escape Plan","Terror"],"picked":"Blur+1","floor":21},{"not_picked":["PiercingWail","Cloak And Dagger+1"],"picked":"Dagger Spray+1","floor":22},{"not_picked":["Flying Knee+1","Burst"],"picked":"Prepared+1","floor":23},{"not_picked":["Dagger Spray+1","PiercingWail"],"picked":"Sucker Punch+1","floor":25},{"not_picked":["PiercingWail","Acrobatics+1"],"picked":"Deflect+1","floor":27},{"not_picked":["Distraction","Flechettes+1"],"picked":"Crippling Poison","floor":28},{"not_picked":["Calculated Gamble","Quick Slash+1"],"picked":"Backstab+1","floor":31}],"player_experience":642176,"relics_obtained":[{"floor":6,"key":"Molten Egg 2"},{"floor":9,"key":"Omamori"},{"floor":10,"key":"MawBank"},{"floor":12,"key":"Orichalcum"},{"floor":22,"key":"Red Mask"},{"floor":23,"key":"Anchor"},{"floor":26,"key":"Singing Bowl"},{"floor":28,"key":"Art of War"},{"floor":31,"key":"Bronze Scales"}],"event_choices":[{"damage_healed":0,"gold_gain":0,"player_choice":"Grow","damage_taken":0,"max_hp_gain":0,"max_hp_loss":0,"event_name":"Living Wall","floor":4,"gold_loss":0,"cards_upgraded":["Venomology"]},{"damage_healed":0,"gold_gain":0,"player_choice":"Upgraded","damage_taken":0,"max_hp_gain":0,"max_hp_loss":0,"event_name":"Upgrade Shrine","floor":19,"gold_loss":0,"cards_upgraded":["Terror"]},{"damage_healed":0,"gold_gain":0,"player_choice":"Fought Bandits","damage_taken":0,"max_hp_gain":0,"max_hp_loss":0,"event_name":"Masked Bandits","floor":22,"gold_loss":0},{"damage_healed":0,"gold_gain":0,"player_choice":"Paid Gold","damage_taken":0,"relics_obtained":["Peace Pipe"],"max_hp_gain":0,"max_hp_loss":0,"event_name":"WeMeetAgain","floor":30,"gold_loss":84}],"is_beta":false,"boss_relics":[{"not_picked":["Astrolabe","Runic Dome"],"picked":"Cursed Key"}],"items_purged_floors":[24],"is_endless":false,"potions_floor_spawned":[1,2,6,10,12,18,20,21,25,27],"killed_by":"Automaton","ascension_level":7}