{"gold_per_floor":[115,127,127,147,51,94,118,154,154,154,4,4,24,24,24,155,155,170,170,14,35,53,97,97,110,110,110,125,148,163,176,176,176],"floor_reached":33,"playtime":5602,"items_purged":[],"score":281,"play_id":"4fd3bd13-c21e-4de9-80c0-51106c74e2ba","local_time":"20180630231727","is_ascension_mode":false,"campfire_choices":[{"floor":10.0,"key":"REST"},{"data":"Seeing Red","floor":12.0,"key":"SMITH"},{"data":"Flex","floor":15.0,"key":"SMITH"},{"floor":24.0,"key":"REST"},{"floor":27.0,"key":"REST"},{"floor":32,"key":"REST"}],"neow_cost":"","seed_source_timestamp":0,"circlet_count":0,"master_deck":["Strike_R","Strike_R","Strike_R","Strike_R","Strike_R","Defend_R","Defend_R+1","Defend_R+1","Bash","Twin Strike","Shockwave","Armaments","Flex+1","Perfected Strike","Berserk","Intimidate","Seeing Red+1","Cleave","Bludgeon","Doubt","Decay","Clumsy","Clothesline+1","RitualDagger","Jack Of All Trades","Flex","Armaments","Iron Wave+1","Twin Strike+1","Fire Breathing","Heavy Blade","Flex","Thunderclap+1"],"special_seed":0,"relics":["Burning Blood","Golden Idol","War Paint","Letter Opener","Red Skull","Orichalcum","Calling Bell","Boot","Kunai","Torii","Gambling Chip","Bottled Flame"],"potions_floor_usage":[31],"damage_taken":[{"damage":7.0,"enemies":"2 Louse","floor":1.0,"turns":3.0},{"damage":5.0,"enemies":"Jaw Worm","floor":2.0,"turns":4.0},{"damage":1.0,"enemies":"Cultist","floor":4.0,"turns":4.0},{"damage":26.0,"enemies":"Lagavulin","floor":6.0,"turns":6.0},{"damage":7.0,"enemies":"3 Louse","floor":7.0,"turns":5.0},{"damage":24.0,"enemies":"Gremlin Nob","floor":8.0,"turns":4.0},{"damage":11.0,"enemies":"Red Slaver","floor":13.0,"turns":5.0},{"damage":22.0,"enemies":"Slime Boss","floor":16.0,"turns":11.0},{"damage":12.0,"enemies":"Spheric Guardian","floor":18.0,"turns":4.0},{"damage":16.0,"enemies":"Shell Parasite","floor":21.0,"turns":7.0},{"damage":13.0,"enemies":"Snake Plant","floor":22.0,"turns":5.0},{"damage":41.0,"enemies":"Slavers","floor":23.0,"turns":7.0},{"damage":12.0,"enemies":"Snecko","floor":25.0,"turns":5.0},{"damage":16.0,"enemies":"Centurion and Healer","floor":28.0,"turns":8.0},{"damage":36.0,"enemies":"Chosen and Byrds","floor":29.0,"turns":8.0},{"damage":16,"enemies":"Slaver and Parasite","floor":30,"turns":5},{"damage":12,"enemies":"Sentry and Sphere","floor":31,"turns":5},{"damage":86,"enemies":"Automaton","floor":33,"turns":10}],"seed_played":"-4875444074229204723","potions_obtained":[{"floor":2.0,"key":"Fruit Juice"},{"floor":7.0,"key":"AttackPotion"},{"floor":13.0,"key":"AttackPotion"},{"floor":21.0,"key":"Swift Potion"},{"floor":23.0,"key":"FairyPotion"},{"floor":25.0,"key":"Fire Potion"},{"floor":30,"key":"Swift Potion"}],"is_trial":false,"path_per_floor":["M","M","?","M","$","E","M","E","T","R","$","R","M","?","R","B",null,"M","?","$","M","M","E","R","M","T","R","M","M","M","M","R"],"character_chosen":"IRONCLAD","items_purchased":["Flex","Perfected Strike","Orichalcum","Jack Of All Trades","Flex"],"campfire_rested":4,"item_purchase_floors":[],"current_hp_per_floor":[79,80,60,65,65,50,49,31,31,56,56,56,51,51,51,35,85,79,73,73,63,56,29,54,48,48,73,63,33,23,17,42,0],"gold":176,"neow_bonus":"","is_prod":false,"is_daily":false,"chose_seed":false,"campfire_upgraded":2,"win_rate":0.0,"timestamp":1530415047,"path_taken":["M","M","?","M","$","E","?","E","T","R","$","R","M","?","R","BOSS","M","?","$","?","M","E","R","M","T","R","M","M","M","M","R","BOSS"],"build_version":"2018-06-28","purchased_purges":0,"victory":false,"max_hp_per_floor":[80,80,80,80,80,85,85,85,85,85,85,85,85,85,85,85,85,85,85,85,85,85,85,85,85,85,85,85,85,85,85,85,85],"card_choices":[{"not_picked":["Headbutt","Warcry"],"picked":"Twin Strike","floor":1.0},{"not_picked":["Rupture","Warcry"],"picked":"Shockwave","floor":2.0},{"not_picked":["Flame Barrier","Shrug It Off"],"picked":"Armaments","floor":4.0},{"not_picked":["Armaments","Perfected Strike"],"picked":"Berserk","floor":6.0},{"not_picked":["Armaments","Combust"],"picked":"Intimidate","floor":7.0},{"not_picked":["Warcry","Shrug It Off"],"picked":"Seeing Red","floor":8.0},{"not_picked":["Warcry","Corruption"],"picked":"Cleave","floor":13.0},{"not_picked":["Berserk","Double Tap"],"picked":"Bludgeon","floor":16.0},{"not_picked":["Sword Boomerang","Second Wind"],"picked":"Clothesline+1","floor":18.0},{"not_picked":["True Grit","Havoc"],"picked":"Armaments","floor":21.0},{"not_picked":["Flex","Thunderclap+1"],"picked":"Iron Wave+1","floor":22.0},{"not_picked":["Sever Soul","Demon Form"],"picked":"Twin Strike+1","floor":23.0},{"not_picked":["Combust","Dual Wield"],"picked":"Fire Breathing","floor":25.0},{"not_picked":["Combust","Havoc","Power Through"],"picked":"SKIP","floor":28.0},{"not_picked":["Power Through","Evolve"],"picked":"Heavy Blade","floor":29.0},{"not_picked":["Havoc+1","Cleave+1"],"picked":"Flex","floor":30},{"not_picked":["Clothesline","Havoc+1"],"picked":"Thunderclap+1","floor":31}],"player_experience":79216,"relics_obtained":[{"floor":6.0,"key":"War Paint"},{"floor":8.0,"key":"Letter Opener"},{"floor":9.0,"key":"Red Skull"},{"floor":17.0,"key":"Boot"},{"floor":17.0,"key":"Kunai"},{"floor":17.0,"key":"Torii"},{"floor":23.0,"key":"Gambling Chip"},{"floor":26.0,"key":"Bottled Flame"}],"event_choices":[{"event_name":"Golden Idol","player_choice":"Take Damage","floor":3.0,"damage_taken":0.0},{"event_name":"Wheel of Change","player_choice":"Card Removal","floor":14.0,"damage_taken":0.0},{"event_name":"Nest","player_choice":"Joined the Cult","floor":19.0,"damage_taken":0.0}],"boss_relics":[{"not_picked":["Mark of Pain","Snecko Eye"],"picked":"Calling Bell"}],"items_purged_floors":[],"is_endless":false,"potions_floor_spawned":[2,4,7,13,21,23,25,30],"killed_by":"Automaton","ascension_level":0}