{"gold_per_floor":[118,129,304,324,40,75,100,112,124,101,144,172,212,224,236,353,365,387,409,436,448,83,83,99,129,182,217,229,229,229,244,244,244],"floor_reached":33,"playtime":2439,"items_purged":["Doubt","Decay"],"score":322,"play_id":"2ce38676-7632-4f31-b671-9849c9a8a1da","local_time":"20190525111743","is_ascension_mode":true,"campfire_choices":[{"floor":8,"key":"RECALL"},{"floor":15,"key":"REST"},{"floor":23,"key":"REST"},{"floor":29,"key":"REST"},{"floor":32,"key":"REST"}],"neow_cost":"NONE","seed_source_timestamp":130311347565412,"circlet_count":0,"master_deck":["Survivor","Neutralize+1","PiercingWail","Dash+1","Terror","Slice","Bouncing Flask","Backstab","Deadly Poison","Noxious Fumes","Storm of Steel","Cloak And Dagger","Doppelganger","Glass Knife","Bouncing Flask","Acrobatics","Infinite Blades","PiercingWail","Envenom","Underhanded Strike","Endless Agony","Flying Knee+1","PiercingWail","Backstab","Accuracy","Bane","Endless Agony","Noxious Fumes+1","Deflect","Slice+1","Noxious Fumes"],"relics":["Runic Pyramid","Sling","MawBank","Dream Catcher","Ninja Scroll","Snake Skull","Pandora\u0027s Box","Anchor","Lantern","Whetstone"],"potions_floor_usage":[11,12,13,16,20,25,27,28,33],"damage_taken":[{"damage":5,"enemies":"2 Louse","floor":1,"turns":3},{"damage":5,"enemies":"Jaw Worm","floor":2,"turns":5},{"damage":0,"enemies":"Small Slimes","floor":4,"turns":4},{"damage":16,"enemies":"3 Sentries","floor":6,"turns":7},{"damage":1,"enemies":"3 Louse","floor":7,"turns":4},{"damage":3,"enemies":"Lagavulin","floor":11,"turns":5},{"damage":0,"enemies":"Red Slaver","floor":12,"turns":3},{"damage":1,"enemies":"3 Sentries","floor":13,"turns":5},{"damage":39,"enemies":"Slime Boss","floor":16,"turns":11},{"damage":18,"enemies":"2 Thieves","floor":18,"turns":4},{"damage":0,"enemies":"Chosen","floor":19,"turns":3},{"damage":4,"enemies":"Centurion and Healer","floor":20,"turns":5},{"damage":13,"enemies":"Chosen and Byrds","floor":24,"turns":5},{"damage":11,"enemies":"Slavers","floor":25,"turns":4},{"damage":24,"enemies":"Gremlin Leader","floor":27,"turns":4},{"damage":0,"enemies":"Snake Plant","floor":28,"turns":3},{"damage":25,"enemies":"Snecko","floor":31,"turns":5},{"damage":80,"enemies":"Automaton","floor":33,"turns":6}],"seed_played":"2699287061855062636","potions_obtained":[{"floor":1,"key":"LiquidBronze"},{"floor":4,"key":"Fire Potion"},{"floor":11,"key":"Weak Potion"},{"floor":12,"key":"Fire Potion"},{"floor":16,"key":"LiquidBronze"},{"floor":18,"key":"AttackPotion"},{"floor":19,"key":"Fire Potion"},{"floor":25,"key":"LiquidBronze"},{"floor":27,"key":"GamblersBrew"}],"is_trial":false,"path_per_floor":["M","M","?","M","$","E","M","R","T","?","E","M","E","$","R","B",null,"M","M","M","?","$","R","M","E","T","E","M","R","?","M","R","B"],"character_chosen":"THE_SILENT","items_purchased":["Sling","Accuracy","Bane","Anchor"],"campfire_rested":4,"item_purchase_floors":[5,22,22,22],"current_hp_per_floor":[65,60,60,60,60,44,43,43,43,60,57,57,56,56,70,31,70,52,52,48,48,48,69,56,45,45,21,21,42,42,17,38,0],"gold":244,"neow_bonus":"BOSS_RELIC","is_prod":false,"is_daily":false,"chose_seed":false,"campfire_upgraded":0,"win_rate":0,"timestamp":1558797463,"path_taken":["M","M","?","M","$","E","M","R","T","?","E","M","E","$","R","BOSS","M","M","M","?","$","R","M","E","T","E","M","R","?","?","R","BOSS"],"build_version":"2019-01-23","purchased_purges":2,"victory":false,"max_hp_per_floor":[70,70,70,70,70,70,70,70,70,70,70,70,70,70,70,70,70,70,70,70,70,70,70,70,70,70,70,70,70,70,70,70,70],"card_choices":[{"not_picked":["Leg Sweep","Masterful Stab"],"picked":"PiercingWail","floor":1},{"not_picked":["Outmaneuver","PiercingWail"],"picked":"Dash","floor":2},{"not_picked":["Tactician","Heel Hook"],"picked":"Terror","floor":4},{"not_picked":["Sucker Punch","Masterful Stab"],"picked":"Slice","floor":6},{"not_picked":["Concentrate","Choke","Prepared"],"picked":"SKIP","floor":7},{"not_picked":["Expertise","Dagger Throw"],"picked":"Bouncing Flask","floor":11},{"not_picked":["Flying Knee","Doppelganger"],"picked":"Backstab","floor":12},{"not_picked":["Slice","Underhanded Strike"],"picked":"Deadly Poison","floor":13},{"not_picked":["Dodge and Roll","Blade Dance"],"picked":"Noxious Fumes","floor":15},{"not_picked":["Venomology","Night Terror"],"picked":"Storm of Steel","floor":16},{"not_picked":["Cloak And Dagger","Concentrate"],"picked":"Flying Knee+1","floor":18},{"not_picked":["Caltrops+1","Blur"],"picked":"PiercingWail","floor":19},{"not_picked":["Masterful Stab","All Out Attack"],"picked":"Backstab","floor":20},{"not_picked":["Underhanded Strike+1","Sucker Punch"],"picked":"Endless Agony","floor":23},{"not_picked":["Heel Hook","Dagger Spray","Underhanded Strike+1"],"picked":"SKIP","floor":24},{"not_picked":["Heel Hook","Endless Agony+1"],"picked":"Noxious Fumes+1","floor":25},{"not_picked":["Dagger Spray","Well Laid Plans"],"picked":"Deflect","floor":27},{"not_picked":["Backflip","Quick Slash"],"picked":"Slice+1","floor":28},{"not_picked":["Well Laid Plans+1","Outmaneuver"],"picked":"Noxious Fumes","floor":31}],"player_experience":375351,"relics_obtained":[{"floor":6,"key":"MawBank"},{"floor":9,"key":"Dream Catcher"},{"floor":11,"key":"Ninja Scroll"},{"floor":13,"key":"Snake Skull"},{"floor":25,"key":"Lantern"},{"floor":27,"key":"Whetstone"}],"event_choices":[{"damage_healed":0,"gold_gain":175,"player_choice":"AGREE","damage_taken":0,"max_hp_gain":0,"max_hp_loss":0,"event_name":"Liars Game","floor":3,"gold_loss":0,"cards_obtained":["Doubt"]},{"damage_healed":17,"gold_gain":0,"player_choice":"Healed","damage_taken":0,"max_hp_gain":0,"max_hp_loss":0,"event_name":"The Cleric","floor":10,"gold_loss":35},{"damage_healed":0,"gold_gain":0,"player_choice":"Smashed Altar","damage_taken":0,"max_hp_gain":0,"max_hp_loss":0,"event_name":"Forgotten Altar","floor":21,"gold_loss":0,"cards_obtained":["Decay"]},{"damage_healed":0,"gold_gain":0,"player_choice":"Ignored","damage_taken":0,"max_hp_gain":0,"max_hp_loss":0,"event_name":"N\u0027loth","floor":30,"gold_loss":0}],"is_beta":false,"boss_relics":[{"not_picked":["Coffee Dripper","Busted Crown"],"picked":"Pandora\u0027s Box"}],"items_purged_floors":[5,22],"is_endless":false,"potions_floor_spawned":[1,4,11,12,16,18,19,25,27],"killed_by":"Automaton","ascension_level":1}