{"gold_per_floor":[117,131,146,160,173,204,204,230,230,249,269,269,304,321,321,321],"floor_reached":16,"playtime":1074,"items_purged":[],"score":139,"play_id":"fab02d56-c984-43fa-950e-d0a31a269ed5","local_time":"20190720142700","is_ascension_mode":true,"campfire_choices":[{"floor":12,"key":"REST"},{"floor":15,"key":"REST"}],"neow_cost":"NONE","seed_source_timestamp":420964446970975,"circlet_count":0,"master_deck":["Strike_R","Strike_R","Strike_R","Strike_R","Strike_R","Defend_R","Defend_R","Defend_R","Bash","Pommel Strike","Headbutt","Cleave","Perfected Strike","Armaments","Wild Strike","Immolate"],"relics":["Burning Blood","Du-Vu Doll","Darkstone Periapt","Boot","Dream Catcher"],"potions_floor_usage":[6,10,11,13,16],"damage_taken":[{"damage":11,"enemies":"2 Louse","floor":1,"turns":3},{"damage":1,"enemies":"Cultist","floor":2,"turns":3},{"damage":12,"enemies":"Jaw Worm","floor":3,"turns":2},{"damage":7,"enemies":"Looter","floor":4,"turns":4},{"damage":8,"enemies":"Blue Slaver","floor":5,"turns":2},{"damage":20,"enemies":"Gremlin Nob","floor":6,"turns":4},{"damage":54,"enemies":"Lagavulin","floor":8,"turns":6},{"damage":2,"enemies":"Large Slime","floor":10,"turns":5},{"damage":7,"enemies":"Exordium Wildlife","floor":11,"turns":3},{"damage":26,"enemies":"3 Sentries","floor":13,"turns":5},{"damage":28,"enemies":"Exordium Thugs","floor":14,"turns":7},{"damage":45,"enemies":"Hexaghost","floor":16,"turns":9}],"seed_played":"1198195643731638193","potions_obtained":[{"floor":3,"key":"Regen Potion"},{"floor":4,"key":"Strength Potion"},{"floor":6,"key":"Explosive Potion"},{"floor":11,"key":"LiquidBronze"},{"floor":13,"key":"Dexterity Potion"}],"is_trial":false,"path_per_floor":["M","M","M","M","M","E","?","E","T","M","M","R","E","M","R","B"],"character_chosen":"IRONCLAD","items_purchased":[],"campfire_rested":2,"item_purchase_floors":[],"current_hp_per_floor":[83,88,82,81,79,65,65,17,17,35,34,60,40,18,44,0],"gold":321,"neow_bonus":"TEN_PERCENT_HP_BONUS","is_prod":false,"is_daily":false,"chose_seed":false,"campfire_upgraded":0,"win_rate":0,"timestamp":1563650820,"path_taken":["M","M","M","M","M","E","?","E","T","M","M","R","E","M","R","BOSS"],"build_version":"2019-07-17","purchased_purges":0,"victory":false,"max_hp_per_floor":[88,88,88,88,88,88,88,88,88,88,88,88,88,88,88,88],"card_choices":[{"not_picked":["Sword Boomerang","Bloodletting"],"picked":"Pommel Strike","floor":1},{"not_picked":["True Grit","Fire Breathing"],"picked":"Headbutt","floor":2},{"not_picked":["Headbutt","Feel No Pain"],"picked":"Cleave","floor":3},{"not_picked":["Cleave","Dark Embrace"],"picked":"Perfected Strike","floor":4},{"not_picked":["Anger","Clash"],"picked":"Armaments","floor":5},{"not_picked":["Headbutt","Warcry","Sentinel"],"picked":"SKIP","floor":6},{"not_picked":["Havoc","Body Slam","Thunderclap"],"picked":"SKIP","floor":8},{"not_picked":["Havoc","Searing Blow","Entrench"],"picked":"SKIP","floor":10},{"not_picked":["Immolate","Anger","Seeing Red"],"picked":"SKIP","floor":11},{"not_picked":["Evolve","Blood for Blood","Seeing Red"],"picked":"SKIP","floor":13},{"not_picked":["Havoc","Thunderclap"],"picked":"Wild Strike","floor":14},{"not_picked":["Iron Wave","Armaments"],"picked":"Immolate","floor":15}],"player_experience":203384,"relics_obtained":[{"floor":6,"key":"Du-Vu Doll"},{"floor":8,"key":"Darkstone Periapt"},{"floor":9,"key":"Boot"},{"floor":13,"key":"Dream Catcher"}],"event_choices":[{"cards_removed":["Defend_R"],"damage_healed":0,"gold_gain":0,"player_choice":"Purged","damage_taken":0,"max_hp_gain":0,"max_hp_loss":0,"event_name":"Purifier","floor":7,"gold_loss":0}],"is_beta":false,"boss_relics":[],"items_purged_floors":[],"is_endless":false,"potions_floor_spawned":[3,4,6,11,13],"killed_by":"Hexaghost","ascension_level":2}