{"gold_per_floor":[116,130,130,130,150,169,169,444,470,501,517,529,529,544,544,639,639,654,654,654,654,267,267,283,283,283,296,32,46,46,46,46,46],"floor_reached":33,"playtime":1970,"items_purged":["Shame"],"score":284,"play_id":"06ba85cd-9b18-4194-9885-c64246905af2","local_time":"20181116040750","is_ascension_mode":true,"campfire_choices":[{"data":"Armaments","floor":7,"key":"SMITH"},{"floor":13,"key":"REST"},{"data":"Whirlwind","floor":15,"key":"SMITH"},{"floor":23,"key":"REST"},{"floor":25,"key":"REST"},{"floor":30,"key":"REST"},{"data":"Disarm","floor":32,"key":"SMITH"}],"neow_cost":"NONE","seed_source_timestamp":107199257423288,"circlet_count":0,"master_deck":["Strike_R","Strike_R","Strike_R","Defend_R","Defend_R+1","Defend_R","Defend_R","Bash","Armaments+1","Shockwave","Shrug It Off","Iron Wave","Regret","Impervious","Uppercut","Whirlwind+1","Shockwave","Impervious","Regret","Regret","Disarm+1","True Grit","Burning Pact+1","Entrench","Flame Barrier+1","Metallicize","Body Slam"],"relics":["Burning Blood","Dream Catcher","Vajra","Calling Bell","Red Skull","Pear","Unceasing Top","Question Card","Enchiridion","Mercury Hourglass","Meat on the Bone","War Paint"],"potions_floor_usage":[6,33,33],"damage_taken":[{"damage":1,"enemies":"Cultist","floor":1,"turns":4},{"damage":4,"enemies":"Jaw Worm","floor":2,"turns":4},{"damage":5,"enemies":"2 Louse","floor":5,"turns":6},{"damage":5,"enemies":"Lots of Slimes","floor":6,"turns":5},{"damage":33,"enemies":"3 Sentries","floor":10,"turns":14},{"damage":5,"enemies":"2 Fungi Beasts","floor":11,"turns":5},{"damage":5,"enemies":"Large Slime","floor":12,"turns":7},{"damage":8,"enemies":"Blue Slaver","floor":14,"turns":4},{"damage":56,"enemies":"Slime Boss","floor":16,"turns":14},{"damage":52,"enemies":"Chosen","floor":18,"turns":8},{"damage":25,"enemies":"2 Thieves","floor":24,"turns":4},{"damage":18,"enemies":"Snecko","floor":27,"turns":6},{"damage":25,"enemies":"Snake Plant","floor":29,"turns":7},{"damage":105,"enemies":"Champ","floor":33,"turns":25}],"seed_played":"-3341389818913556239","potions_obtained":[{"floor":1,"key":"SpeedPotion"},{"floor":5,"key":"SteroidPotion"},{"floor":14,"key":"Strength Potion"},{"floor":27,"key":"Regen Potion"}],"is_trial":false,"path_per_floor":["M","M","?","?","M","M","R","?","T","E","M","M","R","M","R","B",null,"M","?","?","?","$","R","M","R","T","M","$","M","R","$","R","B"],"character_chosen":"IRONCLAD","items_purchased":["True Grit","Mercury Hourglass","Flame Barrier","Metallicize","War Paint"],"campfire_rested":4,"item_purchase_floors":[22,22,28,28,28],"current_hp_per_floor":[80,80,73,73,74,75,75,75,75,48,49,50,74,72,72,22,90,44,44,44,28,28,55,36,63,63,63,63,56,83,83,83,0],"gold":46,"neow_bonus":"TRANSFORM_CARD","is_prod":false,"is_daily":false,"chose_seed":false,"campfire_upgraded":3,"win_rate":0,"timestamp":1542359270,"path_taken":["M","?","?","?","M","M","R","?","T","E","M","?","R","M","R","BOSS","M","?","?","?","?","R","M","R","T","M","$","M","R","$","R","BOSS"],"build_version":"2018-11-15","purchased_purges":1,"victory":false,"max_hp_per_floor":[80,80,80,80,80,80,80,80,80,80,80,80,80,80,80,80,90,90,90,90,90,90,90,90,90,90,90,90,90,90,90,90,90],"card_choices":[{"not_picked":["Bloodletting","Body Slam"],"picked":"Shockwave","floor":1},{"not_picked":["Havoc","Wild Strike","Second Wind"],"picked":"SKIP","floor":2},{"not_picked":["Thunderclap","Evolve"],"picked":"Shrug It Off","floor":5},{"not_picked":["Bloodletting","True Grit"],"picked":"Iron Wave","floor":6},{"not_picked":["Pommel Strike","Clash"],"picked":"Impervious","floor":10},{"not_picked":["Dropkick","Burning Pact"],"picked":"Uppercut","floor":11},{"not_picked":["Infernal Blade","Whirlwind","Perfected Strike"],"picked":"SKIP","floor":12},{"not_picked":["Infernal Blade","Perfected Strike"],"picked":"Whirlwind","floor":12},{"not_picked":["Cleave","Headbutt"],"picked":"Shockwave","floor":13},{"not_picked":["Uppercut","Perfected Strike","Blood for Blood"],"picked":"SKIP","floor":14},{"not_picked":["Demon Form","Offering"],"picked":"Impervious","floor":16},{"not_picked":["Perfected Strike","Pommel Strike"],"picked":"Disarm","floor":18},{"not_picked":["Anger","Sword Boomerang","Cleave"],"picked":"Burning Pact+1","floor":23},{"not_picked":["Sword Boomerang","Warcry","Perfected Strike","Twin Strike+1"],"picked":"SKIP","floor":24},{"not_picked":["Spot Weakness","Fiend Fire","Headbutt"],"picked":"Entrench","floor":27},{"not_picked":["Wild Strike","Blood for Blood+1","Twin Strike"],"picked":"Body Slam","floor":29}],"player_experience":457625,"relics_obtained":[{"floor":9,"key":"Dream Catcher"},{"floor":10,"key":"Vajra"},{"floor":17,"key":"Red Skull"},{"floor":17,"key":"Pear"},{"floor":17,"key":"Unceasing Top"},{"floor":21,"key":"Enchiridion"},{"floor":26,"key":"Meat on the Bone"}],"event_choices":[{"cards_removed":["Strike_R"],"damage_healed":0,"gold_gain":0,"player_choice":"Card Removal","damage_taken":7,"max_hp_gain":0,"max_hp_loss":0,"event_name":"Golden Wing","floor":3,"gold_loss":0},{"damage_healed":0,"gold_gain":0,"player_choice":"Leave","damage_taken":0,"max_hp_gain":0,"max_hp_loss":0,"event_name":"The Cleric","floor":4,"gold_loss":0},{"damage_healed":0,"gold_gain":275,"player_choice":"Desecrate","damage_taken":0,"max_hp_gain":0,"max_hp_loss":0,"event_name":"Golden Shrine","floor":8,"gold_loss":0,"cards_obtained":["Regret"]},{"cards_removed":["Pain"],"damage_healed":0,"gold_gain":0,"player_choice":"Elegance","damage_taken":0,"max_hp_gain":0,"max_hp_loss":0,"event_name":"Back to Basics","floor":19,"gold_loss":0},{"damage_healed":0,"gold_gain":0,"player_choice":"Stole Relic","damage_taken":0,"relics_obtained":["Question Card"],"max_hp_gain":0,"max_hp_loss":0,"event_name":"Addict","floor":20,"gold_loss":0,"cards_obtained":["Shame"]},{"damage_healed":0,"gold_gain":0,"player_choice":"Obtained Book","damage_taken":16,"max_hp_gain":0,"max_hp_loss":0,"event_name":"Cursed Tome","floor":21,"gold_loss":0}],"is_beta":true,"boss_relics":[{"not_picked":["Cursed Key","Tiny House"],"picked":"Calling Bell"}],"items_purged_floors":[22],"is_endless":false,"potions_floor_spawned":[1,5,14,27,29],"killed_by":"Champ","ascension_level":3}