{"gold_per_floor":[111,111,34,34,51,51,65,65,133,133,144,144,158,186,186,258,308,323,283,302,72,171,171,204,224,224,238,261,261,271,69,69,146,146,166,166,183,193,203,203,214,214,214,224,27,59,76,100,100,100],"floor_reached":51,"playtime":2855,"items_purged":["Strike_B"],"score":1311,"play_id":"e057d54c-f233-4402-bbea-cd53d4776fa5","local_time":"20190111085700","is_ascension_mode":true,"campfire_choices":[{"data":"Defragment","floor":6.0,"key":"SMITH"},{"data":"Go for the Eyes","floor":8.0,"key":"SMITH"},{"data":"Zap","floor":10.0,"key":"SMITH"},{"data":"Loop","floor":15.0,"key":"SMITH"},{"floor":23.0,"key":"REST"},{"floor":29.0,"key":"REST"},{"floor":32.0,"key":"REST"},{"data":"Echo Form","floor":40,"key":"SMITH"},{"data":"Capacitor","floor":49,"key":"SMITH"}],"neow_cost":"NONE","seed_source_timestamp":0,"circlet_count":0,"master_deck":["AscendersBane","Defend_B","Defend_B","Defend_B","Defend_B","Zap+1","Dualcast","Defragment+1","Cold Snap","Redo+1","Go for the Eyes+1","White Noise","Echo Form+1","Loop+1","Coolheaded+1","Buffer+1","Redo+1","Capacitor+1","Conserve Battery+1","White Noise+1","White Noise+1","White Noise+1","Leap+1","Amplify+1","Melter","FTL","Conserve Battery+1","Force Field+1","Skim+1"],"special_seed":0,"relics":["FrozenCore","Toxic Egg 2","DataDisk","Tiny House","Bag of Preparation","Bottled Lightning","Mercury Hourglass","Dream Catcher","Happy Flower","Mummified Hand","ClockworkSouvenir","Meat on the Bone","Juzu Bracelet"],"potions_floor_usage":[44,50,50],"damage_taken":[{"damage":18.0,"enemies":"Small Slimes","floor":1.0,"turns":4.0},{"damage":6.0,"enemies":"2 Louse","floor":5.0,"turns":2.0},{"damage":0.0,"enemies":"Cultist","floor":7.0,"turns":3.0},{"damage":0.0,"enemies":"Large Slime","floor":11.0,"turns":4.0},{"damage":6.0,"enemies":"Gremlin Gang","floor":13.0,"turns":4.0},{"damage":10.0,"enemies":"Lagavulin","floor":14.0,"turns":6.0},{"damage":26.0,"enemies":"The Guardian","floor":16.0,"turns":12.0},{"damage":18.0,"enemies":"3 Byrds","floor":18.0,"turns":4.0},{"damage":9.0,"enemies":"Chosen","floor":20.0,"turns":4.0},{"damage":8.0,"enemies":"Gremlin Leader","floor":24.0,"turns":7.0},{"damage":40.0,"enemies":"3 Cultists","floor":25.0,"turns":6.0},{"damage":2.0,"enemies":"Centurion and Healer","floor":27.0,"turns":5.0},{"damage":3.0,"enemies":"Snecko","floor":30.0,"turns":5.0},{"damage":21.0,"enemies":"Automaton","floor":33.0,"turns":8.0},{"damage":0.0,"enemies":"Orb Walker","floor":35.0,"turns":3.0},{"damage":0.0,"enemies":"3 Darklings","floor":37.0,"turns":2.0},{"damage":0,"enemies":"Maw","floor":38,"turns":11},{"damage":0,"enemies":"Spire Growth","floor":39,"turns":7},{"damage":0,"enemies":"3 Darklings","floor":41,"turns":4},{"damage":0,"enemies":"Maw","floor":44,"turns":6},{"damage":0,"enemies":"Giant Head","floor":46,"turns":15},{"damage":0,"enemies":"Writhing Mass","floor":47,"turns":5},{"damage":0,"enemies":"Donu and Deca","floor":50,"turns":8}],"seed_played":"8377499147618218806","potions_obtained":[{"floor":7.0,"key":"SkillPotion"},{"floor":11.0,"key":"Dexterity Potion"},{"floor":16.0,"key":"LiquidBronze"},{"floor":17.0,"key":"EntropicBrew"},{"floor":18.0,"key":"Block Potion"},{"floor":24.0,"key":"Dexterity Potion"},{"floor":25.0,"key":"SteroidPotion"},{"floor":33.0,"key":"Block Potion"},{"floor":35.0,"key":"GamblersBrew"},{"floor":41,"key":"EssenceOfSteel"},{"floor":46,"key":"Fire Potion"},{"floor":47,"key":"Dexterity Potion"}],"is_trial":false,"path_per_floor":["M","?","$","?","M","R","M","R","T","R","M","?","M","E","R","B",null,"M","?","M","$","?","R","E","M","T","M","T","R","M","$","R","B",null,"M","?","M","M","M","R","M","?","T","M","$","E","M","T","R","B",null],"character_chosen":"DEFECT","items_purchased":["Cold Snap","Redo","Bag of Preparation","Happy Flower","Leap+1","ClockworkSouvenir"],"campfire_rested":3,"item_purchase_floors":[3,3,21,31,31,45],"current_hp_per_floor":[57,62,62,55,49,49,49,49,49,49,49,49,43,33,33,7,72,54,54,45,45,45,72,64,24,24,22,22,49,46,46,73,52,82,82,82,82,82,82,82,82,82,82,82,82,82,82,82,82,82],"gold":100,"neow_bonus":"TEN_PERCENT_HP_BONUS","is_prod":false,"is_daily":false,"chose_seed":false,"campfire_upgraded":6,"win_rate":0,"timestamp":1547215020,"path_taken":["M","?","$","?","M","R","M","R","T","R","M","?","?","E","R","BOSS","M","?","?","$","?","R","E","M","T","M","?","R","M","?","R","BOSS","M","?","M","?","M","R","M","?","T","M","$","E","M","?","R","BOSS"],"build_version":"2019-01-10","purchased_purges":1,"victory":true,"max_hp_per_floor":[82,87,87,87,87,87,87,87,87,87,87,87,87,87,87,87,92,92,92,92,92,92,92,92,92,92,92,92,92,92,92,92,92,92,92,92,92,92,92,92,92,92,92,92,92,92,92,92,92,92],"card_choices":[{"not_picked":["Beam Cell","Streamline"],"picked":"Defragment","floor":1.0},{"not_picked":["Rebound","Leap"],"picked":"Go for the Eyes","floor":5.0},{"not_picked":["Stack","Barrage"],"picked":"White Noise","floor":7.0},{"not_picked":["Redo+1","Conserve Battery+1"],"picked":"Echo Form","floor":11.0},{"not_picked":["Turbo+1","Rebound"],"picked":"Loop","floor":13.0},{"not_picked":["Hologram+1","Rebound"],"picked":"Coolheaded+1","floor":14.0},{"not_picked":["All For One","Multi-Cast+1"],"picked":"Buffer","floor":16.0},{"not_picked":["Cold Snap","Blizzard"],"picked":"Redo+1","floor":17.0},{"not_picked":["Streamline","Compile Driver"],"picked":"Capacitor","floor":18.0},{"not_picked":["Streamline","Barrage"],"picked":"Conserve Battery+1","floor":20.0},{"not_picked":["Reprogram+1","Tempest+1","Gash"],"picked":"SKIP","floor":24.0},{"not_picked":["Leap+1","Hologram+1"],"picked":"White Noise+1","floor":25.0},{"not_picked":["Go for the Eyes","Steam Power+1","Rebound"],"picked":"SKIP","floor":27.0},{"not_picked":["Coolheaded+1","Hologram+1"],"picked":"White Noise+1","floor":29.0},{"not_picked":["Barrage","Coolheaded+1"],"picked":"White Noise+1","floor":30.0},{"not_picked":["Multi-Cast+1","Core Surge"],"picked":"Amplify+1","floor":33.0},{"not_picked":["Doom and Gloom","Streamline+1","Barrage"],"picked":"SKIP","floor":35.0},{"not_picked":["Reprogram+1","Loop","Melter"],"picked":"SKIP","floor":37.0},{"not_picked":["Leap+1","Compile Driver+1"],"picked":"FTL","floor":38},{"not_picked":["Barrage","Beam Cell"],"picked":"Conserve Battery+1","floor":39},{"not_picked":["Blizzard","Steam+1","Rainbow+1"],"picked":"SKIP","floor":41},{"not_picked":["Cold Snap","Sunder"],"picked":"Force Field+1","floor":44},{"not_picked":["Redo+1","Leap+1","Steam Power+1"],"picked":"SKIP","floor":46},{"not_picked":["Conserve Battery+1","Steam Power+1"],"picked":"Skim+1","floor":47}],"player_experience":786446,"relics_obtained":[{"floor":9.0,"key":"Toxic Egg 2"},{"floor":14.0,"key":"DataDisk"},{"floor":24.0,"key":"Bottled Lightning"},{"floor":26.0,"key":"Mercury Hourglass"},{"floor":28.0,"key":"Dream Catcher"},{"floor":43,"key":"Mummified Hand"},{"floor":46,"key":"Meat on the Bone"},{"floor":48,"key":"Juzu Bracelet"}],"event_choices":[{"damage_healed":0.0,"max_hp_gain":5.0,"max_hp_loss":0.0,"gold_gain":0.0,"event_name":"Big Fish","player_choice":"Donut","floor":2.0,"gold_loss":0.0,"damage_taken":0.0},{"cards_removed":["Strike_B"],"damage_healed":0.0,"max_hp_gain":0.0,"max_hp_loss":0.0,"gold_gain":0.0,"event_name":"Golden Wing","player_choice":"Card Removal","floor":4.0,"gold_loss":0.0,"damage_taken":7.0},{"cards_removed":["Strike_B"],"damage_healed":0.0,"max_hp_gain":0.0,"max_hp_loss":0.0,"gold_gain":0.0,"event_name":"Purifier","player_choice":"Purged","floor":12.0,"gold_loss":0.0,"damage_taken":0.0},{"damage_healed":0.0,"max_hp_gain":0.0,"max_hp_loss":0.0,"gold_gain":0.0,"event_name":"Designer","player_choice":"Upgrade","floor":19.0,"gold_loss":40.0,"damage_taken":0.0,"cards_upgraded":["Buffer"]},{"damage_healed":0.0,"max_hp_gain":0.0,"max_hp_loss":0.0,"gold_gain":99.0,"event_name":"Nest","player_choice":"Stole From Cult","floor":22.0,"gold_loss":0.0,"damage_taken":0.0},{"damage_healed":0.0,"max_hp_gain":0.0,"max_hp_loss":0.0,"gold_gain":0.0,"cards_transformed":["Strike_B"],"event_name":"Transmorgrifier","player_choice":"Transformed","floor":36.0,"gold_loss":0.0,"damage_taken":0.0,"cards_obtained":["Melter"]},{"damage_healed":0,"gold_gain":0,"player_choice":"Ignored","damage_taken":0,"max_hp_gain":0,"max_hp_loss":0,"event_name":"Mysterious Sphere","floor":42,"gold_loss":0}],"is_beta":true,"boss_relics":[{"not_picked":["Runic Dome","Cursed Key"],"picked":"Tiny House"},{"not_picked":["Philosopher\u0027s Stone","Sozu"],"picked":"FrozenCore"}],"items_purged_floors":[21],"is_endless":false,"potions_floor_spawned":[7,11,16,18,24,25,33,35,38,41,46,47],"ascension_level":13}