{"gold_per_floor":[110,110,120,133,151,151,5,37,37,68,68,82,102,31,31,130,130,148,160,75,75,75,75,75],"floor_reached":24,"playtime":1858,"items_purged":[],"score":216,"play_id":"55eb3c27-e3a0-4b31-ab96-7a509248af00","local_time":"20190520190729","is_ascension_mode":true,"campfire_choices":[{"floor":6,"key":"RECALL"},{"floor":11,"key":"REST"},{"floor":15,"key":"REST"},{"data":"Corpse Explosion","floor":23,"key":"SMITH"}],"neow_cost":"NONE","seed_source_timestamp":516576487192377,"circlet_count":0,"master_deck":["Survivor","Neutralize","Crippling Poison","PiercingWail","Dodge and Roll","Skewer","Flying Knee","Corpse Explosion+1","Caltrops","Terror","Noxious Fumes","A Thousand Cuts","Sucker Punch","Envenom","Grand Finale","Eviscerate","Well Laid Plans","A Thousand Cuts","Unload","Envenom","Phantasmal Killer","Tactician","Crippling Poison","Backstab"],"relics":["Ring of the Snake","NeowsBlessing","Question Card","Bag of Marbles","Mango","Pen Nib","Pandora\u0027s Box","Vajra","Art of War"],"potions_floor_usage":[8,12,13],"damage_taken":[{"damage":0,"enemies":"Small Slimes","floor":1,"turns":1},{"damage":0,"enemies":"Cultist","floor":3,"turns":1},{"damage":0,"enemies":"Jaw Worm","floor":4,"turns":1},{"damage":3,"enemies":"Looter","floor":5,"turns":5},{"damage":20,"enemies":"Gremlin Nob","floor":8,"turns":4},{"damage":58,"enemies":"Lagavulin","floor":10,"turns":11},{"damage":4,"enemies":"Blue Slaver","floor":12,"turns":2},{"damage":0,"enemies":"3 Louse","floor":13,"turns":1},{"damage":8,"enemies":"Hexaghost","floor":16,"turns":9},{"damage":22,"enemies":"Chosen","floor":18,"turns":6},{"damage":13,"enemies":"Spheric Guardian","floor":19,"turns":5},{"damage":51,"enemies":"Gremlin Leader","floor":24,"turns":4}],"seed_played":"9190270656241295055","potions_obtained":[{"floor":1,"key":"GhostInAJar"},{"floor":3,"key":"Poison Potion"},{"floor":10,"key":"AttackPotion"},{"floor":12,"key":"Explosive Potion"},{"floor":19,"key":"Weak Potion"}],"is_trial":false,"path_per_floor":["M","?","M","M","M","R","$","E","T","E","R","M","M","$","R","B",null,"M","M","?","?","T","R","E"],"character_chosen":"THE_SILENT","items_purchased":["Bag of Marbles","Noxious Fumes"],"campfire_rested":2,"item_purchase_floors":[7,14],"current_hp_per_floor":[70,70,70,70,67,67,67,61,61,3,28,24,24,24,49,41,84,62,49,49,49,49,49,0],"gold":75,"neow_bonus":"THREE_ENEMY_KILL","is_prod":false,"is_daily":false,"chose_seed":false,"campfire_upgraded":1,"win_rate":0,"timestamp":1558393649,"path_taken":["M","?","M","M","?","R","$","E","T","E","R","M","?","?","R","BOSS","M","M","?","?","?","R","E"],"build_version":"2019-01-23","purchased_purges":0,"victory":false,"max_hp_per_floor":[70,70,70,70,70,70,70,84,84,84,84,84,84,84,84,84,84,84,84,84,84,84,84,84],"card_choices":[{"not_picked":["Cloak And Dagger","Finisher"],"picked":"Crippling Poison","floor":1},{"not_picked":["Distraction","Riddle With Holes","Slice"],"picked":"PiercingWail","floor":3},{"not_picked":["PiercingWail","Prepared","Calculated Gamble"],"picked":"Dodge and Roll","floor":4},{"not_picked":["PiercingWail","Slice","Prepared"],"picked":"Skewer","floor":5},{"not_picked":["Unload","Predator","Riddle With Holes"],"picked":"Flying Knee","floor":8},{"not_picked":["Bouncing Flask","Slice","Deadly Poison"],"picked":"Corpse Explosion","floor":10},{"not_picked":["Footwork","Quick Slash","Expertise"],"picked":"Caltrops","floor":12},{"not_picked":["Dagger Throw","Setup","Heel Hook"],"picked":"Terror","floor":13},{"not_picked":["After Image","Malaise","Grand Finale"],"picked":"A Thousand Cuts","floor":16},{"not_picked":["Sucker Punch","Riddle With Holes","Underhanded Strike"],"picked":"Crippling Poison","floor":18},{"not_picked":["Backflip","Flying Knee+1","Acrobatics"],"picked":"Backstab","floor":19}],"player_experience":354956,"relics_obtained":[{"floor":8,"key":"Mango"},{"floor":10,"key":"Pen Nib"},{"floor":22,"key":"Art of War"}],"event_choices":[{"damage_healed":0,"gold_gain":0,"player_choice":"Gave Potion","damage_taken":0,"relics_obtained":["Question Card"],"max_hp_gain":0,"max_hp_loss":0,"event_name":"WeMeetAgain","floor":2,"gold_loss":0},{"damage_healed":0,"gold_gain":0,"player_choice":"Obtained Relic","damage_taken":0,"relics_obtained":["Vajra"],"max_hp_gain":0,"max_hp_loss":0,"event_name":"Addict","floor":20,"gold_loss":85},{"damage_healed":0,"gold_gain":0,"player_choice":"Ignored","damage_taken":0,"max_hp_gain":0,"max_hp_loss":0,"event_name":"Ghosts","floor":21,"gold_loss":0}],"is_beta":false,"boss_relics":[{"not_picked":["Ring of the Serpent","Fusion Hammer"],"picked":"Pandora\u0027s Box"}],"items_purged_floors":[],"is_endless":false,"potions_floor_spawned":[1,3,10,12,19],"killed_by":"Gremlin Leader","ascension_level":1}