{"gold_per_floor":[119,2,2,19,33,65,65,94,94,94,132,132,152,170,170,295,295,320,334,370,394,394,432,234,234,234,234,234,234,24,79,79,182,182,193,220,239,252,252,252,278,293,293,293,312,312,327,376,376,376,376,376,5,36,36],"floor_reached":55,"playtime":4732,"items_purged":[],"score":743,"play_id":"ac1dcdc7-e045-4b73-b612-3586837b8916","local_time":"20190704190658","is_ascension_mode":false,"campfire_choices":[{"floor":7.0,"key":"REST"},{"floor":12.0,"key":"REST"},{"data":"Redo","floor":15.0,"key":"SMITH"},{"floor":27.0,"key":"REST"},{"floor":29.0,"key":"REST"},{"data":"Double Energy","floor":32.0,"key":"SMITH"},{"data":"Buffer","floor":40.0,"key":"SMITH"},{"floor":44.0,"key":"RECALL"},{"data":"Echo Form","floor":46.0,"key":"SMITH"},{"floor":49,"key":"REST"},{"data":"Static Discharge","floor":52,"key":"SMITH"}],"neow_cost":"PERCENT_DAMAGE","seed_source_timestamp":1087670279868257,"circlet_count":0,"master_deck":["Strike_B+1","Strike_B+1","Strike_B+1","Defend_B+1","Defend_B+1","Defend_B+1","Defend_B+1","Zap","Dualcast","Chill","Bandage Up","Ball Lightning+1","Steam","Leap","Barrage","Beam Cell","Beam Cell","Redo+1","Capacitor","Buffer+1","Steam+1","FTL","Double Energy+1","Gash","Gash+1","Streamline","Tempest","Echo Form+1","Conserve Battery+1","Rebound","Loop+1","Impatience","Turbo","Zap","Static Discharge+1","Static Discharge+1","Sunder+1","Chaos+1","Meteor Strike","Hologram+1"],"special_seed":0,"relics":["Cracked Core","Sundial","Odd Mushroom","Happy Flower","Bloody Idol","Unceasing Top","Inserter","Red Mask","Letter Opener","Whetstone","Strange Spoon","Tiny Chest","Nuclear Battery","Lantern","The Courier","Toxic Egg 2","Strawberry","Shuriken","Anchor"],"potions_floor_usage":[50,54,55,55],"damage_taken":[{"damage":1.0,"enemies":"Small Slimes","floor":1.0,"turns":3.0},{"damage":0.0,"enemies":"Cultist","floor":4.0,"turns":3.0},{"damage":0.0,"enemies":"2 Louse","floor":5.0,"turns":2.0},{"damage":30.0,"enemies":"Gremlin Nob","floor":6.0,"turns":4.0},{"damage":14.0,"enemies":"The Mushroom Lair","floor":8.0,"turns":3.0},{"damage":25.0,"enemies":"3 Sentries","floor":11.0,"turns":11.0},{"damage":1.0,"enemies":"Looter","floor":13.0,"turns":3.0},{"damage":11.0,"enemies":"Large Slime","floor":14.0,"turns":4.0},{"damage":33.0,"enemies":"The Guardian","floor":16.0,"turns":11.0},{"damage":10.0,"enemies":"Shell Parasite","floor":18.0,"turns":7.0},{"damage":3.0,"enemies":"Spheric Guardian","floor":19.0,"turns":4.0},{"damage":11.0,"enemies":"Masked Bandits","floor":20.0,"turns":5.0},{"damage":11.0,"enemies":"Snecko","floor":21.0,"turns":6.0},{"damage":72.0,"enemies":"Book of Stabbing","floor":23.0,"turns":8.0},{"damage":15.0,"enemies":"Gremlin Leader","floor":31.0,"turns":6.0},{"damage":60.0,"enemies":"Collector","floor":33.0,"turns":10.0},{"damage":26.0,"enemies":"3 Darklings","floor":35.0,"turns":4.0},{"damage":0.0,"enemies":"Orb Walker","floor":37.0,"turns":2.0},{"damage":31.0,"enemies":"Writhing Mass","floor":38.0,"turns":5.0},{"damage":47.0,"enemies":"Reptomancer","floor":41.0,"turns":8.0},{"damage":2.0,"enemies":"Transient","floor":42.0,"turns":5.0},{"damage":0.0,"enemies":"Maw","floor":45.0,"turns":6.0},{"damage":23.0,"enemies":"Jaw Worm Horde","floor":47.0,"turns":5.0},{"damage":46,"enemies":"Donu and Deca","floor":50,"turns":8},{"damage":90,"enemies":"Shield and Spear","floor":54,"turns":6},{"damage":43,"enemies":"The Heart","floor":55,"turns":2}],"seed_played":"8505264411698511509","potions_obtained":[{"floor":1.0,"key":"Ancient Potion"},{"floor":4.0,"key":"GamblersBrew"},{"floor":8.0,"key":"PowerPotion"},{"floor":16.0,"key":"SpeedPotion"},{"floor":18.0,"key":"SkillPotion"},{"floor":21.0,"key":"Strength Potion"},{"floor":23.0,"key":"Block Potion"},{"floor":31.0,"key":"LiquidBronze"},{"floor":35.0,"key":"SkillPotion"},{"floor":37.0,"key":"AttackPotion"},{"floor":42.0,"key":"Poison Potion"},{"floor":54,"key":"SpeedPotion"}],"is_trial":false,"path_per_floor":["M","$","?","M","M","E","R","?","T","?","E","R","M","M","R","B",null,"M","M","?","M","?","E","$","?","T","R","?","R","$","E","R","B",null,"M","T","M","M","?","R","E","M","T","R","M","R","M","T","R","B",null,"R","$","E","B"],"character_chosen":"DEFECT","items_purchased":["Bandage Up","Ball Lightning","Whetstone","Streamline","Strange Spoon","Shuriken","Meteor Strike","Regen Potion"],"campfire_rested":5,"item_purchase_floors":[2,2,24,24,30,53,53,53],"current_hp_per_floor":[67,67,67,71,71,45,71,61,61,39,18,44,47,40,40,11,89,83,84,77,70,70,2,2,2,2,28,28,54,54,57,57,6,89,76,81,86,64,64,64,26,37,37,37,46,46,32,44,72,38,96,96,96,29,0],"gold":36,"neow_bonus":"TWENTY_PERCENT_HP_BONUS","is_prod":false,"is_daily":false,"chose_seed":false,"campfire_upgraded":5,"win_rate":0,"timestamp":1562285218,"path_taken":["M","$","?","?","M","E","R","?","T","?","E","R","M","M","R","BOSS","M","M","?","M","?","E","$","?","T","R","?","R","?","E","R","BOSS","M","?","M","M","?","R","E","M","T","R","M","R","?","?","R","BOSS","R","$","E","BOSS"],"build_version":"2019-07-01","purchased_purges":0,"victory":false,"max_hp_per_floor":[89,89,89,89,89,89,89,89,89,89,89,89,89,89,89,89,89,89,89,89,89,89,89,89,89,89,89,89,89,89,89,89,89,89,89,89,89,89,89,89,89,89,89,89,89,89,89,96,96,96,96,96,96,96,96],"card_choices":[{"not_picked":["Blizzard","Heatsinks"],"picked":"Chill","floor":1.0},{"not_picked":["Recycle","Stack"],"picked":"Steam","floor":4.0},{"not_picked":["Hologram","FTL"],"picked":"Leap","floor":5.0},{"not_picked":["Hologram","Meteor Strike"],"picked":"Barrage","floor":6.0},{"not_picked":["Coolheaded","Consume"],"picked":"Beam Cell","floor":8.0},{"not_picked":["Force Field","Barrage"],"picked":"Beam Cell","floor":11.0},{"not_picked":["Beam Cell","Undo"],"picked":"Redo","floor":13.0},{"not_picked":["Rebound","Ball Lightning"],"picked":"Capacitor","floor":14.0},{"not_picked":["Biased Cognition","Machine Learning"],"picked":"Buffer","floor":16.0},{"not_picked":["Reprogram","Cold Snap"],"picked":"Steam+1","floor":18.0},{"not_picked":["Rebound","Leap"],"picked":"FTL","floor":19.0},{"not_picked":["Blizzard","Hologram"],"picked":"Double Energy","floor":20.0},{"not_picked":["Rebound","Stack"],"picked":"Gash","floor":21.0},{"not_picked":["Biased Cognition","Compile Driver"],"picked":"Gash","floor":23.0},{"not_picked":["Compile Driver","Darkness"],"picked":"Tempest","floor":31.0},{"not_picked":["Biased Cognition","Amplify"],"picked":"Echo Form","floor":33.0},{"not_picked":["Tempest","Coolheaded+1"],"picked":"Conserve Battery+1","floor":35.0},{"not_picked":["Steam","Genetic Algorithm+1"],"picked":"Rebound","floor":37.0},{"not_picked":["Redo","Cold Snap+1"],"picked":"Loop+1","floor":38.0},{"not_picked":["Chill","Redo"],"picked":"Static Discharge+1","floor":41.0},{"not_picked":["Turbo+1","Auto Shields"],"picked":"Static Discharge","floor":42.0},{"not_picked":["FTL+1","Glacier+1"],"picked":"Sunder+1","floor":45.0},{"not_picked":["Steam+1","Compile Driver"],"picked":"Chaos+1","floor":47.0},{"not_picked":["Electrodynamics","Rebound+1"],"picked":"Hologram+1","floor":54}],"player_experience":112369,"relics_obtained":[{"floor":6.0,"key":"Sundial"},{"floor":8.0,"key":"Odd Mushroom"},{"floor":9.0,"key":"Happy Flower"},{"floor":11.0,"key":"Unceasing Top"},{"floor":20.0,"key":"Red Mask"},{"floor":23.0,"key":"Letter Opener"},{"floor":31.0,"key":"Tiny Chest"},{"floor":36.0,"key":"Lantern"},{"floor":41.0,"key":"The Courier"},{"floor":43.0,"key":"Toxic Egg 2"},{"floor":48.0,"key":"Strawberry"},{"floor":54,"key":"Anchor"}],"event_choices":[{"cards_removed":["Strike_B"],"damage_healed":0.0,"max_hp_gain":0.0,"max_hp_loss":0.0,"gold_gain":0.0,"event_name":"Purifier","player_choice":"Purged","floor":3.0,"gold_loss":0.0,"damage_taken":0.0},{"damage_healed":0.0,"max_hp_gain":0.0,"max_hp_loss":0.0,"gold_gain":0.0,"event_name":"Mushrooms","player_choice":"Fought Mushrooms","floor":8.0,"gold_loss":0.0,"damage_taken":0.0},{"damage_healed":0.0,"max_hp_gain":0.0,"max_hp_loss":0.0,"gold_gain":0.0,"event_name":"Golden Idol","player_choice":"Take Damage","floor":10.0,"gold_loss":0.0,"damage_taken":22.0,"relics_obtained":["Golden Idol"]},{"damage_healed":0.0,"max_hp_gain":0.0,"max_hp_loss":0.0,"gold_gain":0.0,"event_name":"Masked Bandits","player_choice":"Fought Bandits","floor":20.0,"gold_loss":0.0,"damage_taken":0.0},{"damage_healed":0.0,"max_hp_gain":0.0,"max_hp_loss":0.0,"gold_gain":0.0,"event_name":"Ghosts","player_choice":"Ignored","floor":22.0,"gold_loss":0.0,"damage_taken":0.0},{"damage_healed":0.0,"max_hp_gain":0.0,"max_hp_loss":0.0,"gold_gain":0.0,"event_name":"Back to Basics","player_choice":"Simplicity","floor":25.0,"gold_loss":0.0,"damage_taken":0.0,"cards_upgraded":["Strike_B","Strike_B","Strike_B","Defend_B","Defend_B","Defend_B","Defend_B"]},{"damage_healed":0.0,"max_hp_gain":0.0,"max_hp_loss":0.0,"gold_gain":0.0,"event_name":"Forgotten Altar","player_choice":"Gave Idol","floor":28.0,"relics_lost":["Golden Idol"],"gold_loss":0.0,"damage_taken":0.0,"relics_obtained":["Bloody Idol"]},{"damage_healed":0.0,"max_hp_gain":0.0,"max_hp_loss":0.0,"gold_gain":0.0,"event_name":"Match and Keep!","player_choice":"3 cards matched","floor":39.0,"gold_loss":0.0,"damage_taken":0.0,"cards_obtained":["Impatience","Turbo","Zap"]}],"is_beta":false,"boss_relics":[{"not_picked":["Eternal Feather","Snecko Eye"],"picked":"Inserter"},{"not_picked":["Pandora\u0027s Box","Coffee Dripper"],"picked":"Nuclear Battery"}],"items_purged_floors":[],"is_endless":false,"potions_floor_spawned":[1,4,8,16,18,21,23,31,35,37,42,54],"killed_by":"The Heart","ascension_level":0}