{"gold_per_floor":[117,117,137,155,173,173,200,200,200,219,234,181,213,242,242,338,338,349,349,360,370,385,385],"floor_reached":23,"playtime":1012,"items_purged":[],"score":205,"play_id":"8659cc3f-42b0-48f6-a9a8-53066130f26f","local_time":"20190706002443","is_ascension_mode":false,"campfire_choices":[{"data":"Biased Cognition","floor":6,"key":"SMITH"},{"floor":8,"key":"REST"},{"floor":15,"key":"REST"}],"neow_cost":"PERCENT_DAMAGE","seed_source_timestamp":1203073994911739,"circlet_count":0,"master_deck":["Strike_B","Strike_B","Strike_B","Strike_B","Defend_B","Defend_B","Defend_B","Defend_B","Zap","Dualcast","Biased Cognition+1","Steam","FTL","Ball Lightning","Tempest","Echo Form","Hologram+1","Self Repair","Beam Cell","Redo+1","Redo+1","Thunder Strike","Self Repair","Biased Cognition+1","Leap+1","Beam Cell"],"relics":["Cracked Core","Toxic Egg 2","Letter Opener","The Courier","Odd Mushroom","Inserter"],"potions_floor_usage":[13,13,21,22,23],"damage_taken":[{"damage":0,"enemies":"Cultist","floor":1,"turns":2},{"damage":0,"enemies":"Small Slimes","floor":3,"turns":3},{"damage":1,"enemies":"Jaw Worm","floor":4,"turns":2},{"damage":7,"enemies":"Blue Slaver","floor":5,"turns":2},{"damage":24,"enemies":"3 Sentries","floor":7,"turns":6},{"damage":9,"enemies":"Exordium Thugs","floor":10,"turns":4},{"damage":9,"enemies":"Exordium Wildlife","floor":11,"turns":3},{"damage":17,"enemies":"Gremlin Nob","floor":13,"turns":4},{"damage":19,"enemies":"The Mushroom Lair","floor":14,"turns":3},{"damage":16,"enemies":"Slime Boss","floor":16,"turns":5},{"damage":5,"enemies":"Spheric Guardian","floor":18,"turns":3},{"damage":19,"enemies":"3 Byrds","floor":20,"turns":4},{"damage":48,"enemies":"Shelled Parasite and Fungi","floor":21,"turns":4},{"damage":45,"enemies":"Snake Plant","floor":22,"turns":5},{"damage":32,"enemies":"Slavers","floor":23,"turns":1}],"seed_played":"1219966686741806381","potions_obtained":[{"floor":4,"key":"Ancient Potion"},{"floor":5,"key":"GamblersBrew"},{"floor":7,"key":"SmokeBomb"},{"floor":10,"key":"Weak Potion"},{"floor":11,"key":"Energy Potion"},{"floor":13,"key":"Explosive Potion"},{"floor":18,"key":"Strength Potion"},{"floor":21,"key":"Regen Potion"}],"is_trial":false,"path_per_floor":["M","?","M","M","M","R","E","R","T","M","M","$","E","?","R","B",null,"M","?","M","M","M","E"],"character_chosen":"DEFECT","items_purchased":["Beam Cell"],"campfire_rested":2,"item_purchase_floors":[12],"current_hp_per_floor":[54,75,75,74,67,67,43,65,65,56,47,47,37,32,54,38,75,75,75,70,36,26,0],"gold":385,"neow_bonus":"THREE_RARE_CARDS","is_prod":false,"is_daily":false,"chose_seed":false,"campfire_upgraded":1,"win_rate":0,"timestamp":1562390683,"path_taken":["M","?","M","M","M","R","E","R","T","M","M","$","E","?","R","BOSS","M","?","?","M","M","E"],"build_version":"2019-07-05","purchased_purges":0,"victory":false,"max_hp_per_floor":[75,75,75,75,75,75,75,75,75,75,75,75,75,75,75,75,75,75,75,75,75,75,75],"card_choices":[{"not_picked":["Machine Learning","Thunder Strike"],"picked":"Biased Cognition","floor":0},{"not_picked":["Skim","Undo"],"picked":"Steam","floor":1},{"not_picked":["Go for the Eyes","Double Energy"],"picked":"FTL","floor":3},{"not_picked":["Steam","Scrape"],"picked":"Ball Lightning","floor":4},{"not_picked":["Rebound","Beam Cell"],"picked":"Tempest","floor":5},{"not_picked":["Blizzard","Rebound"],"picked":"Echo Form","floor":7},{"not_picked":["Steam+1","Turbo+1"],"picked":"Hologram+1","floor":10},{"not_picked":["Sweeping Beam","Rebound"],"picked":"Self Repair","floor":11},{"not_picked":["Beam Cell","Glacier+1"],"picked":"Redo+1","floor":13},{"not_picked":["Go for the Eyes","Chill+1"],"picked":"Redo+1","floor":14},{"not_picked":["Creative AI","Echo Form"],"picked":"Thunder Strike","floor":16},{"not_picked":["Capacitor","Blizzard"],"picked":"Self Repair","floor":18},{"not_picked":["Recycle+1","Aggregate+1"],"picked":"Leap+1","floor":20},{"not_picked":["Chaos+1","Blizzard+1","Rebound"],"picked":"SKIP","floor":21},{"not_picked":["Turbo+1","Hologram+1"],"picked":"Beam Cell","floor":22}],"player_experience":126060,"relics_obtained":[{"floor":7,"key":"Toxic Egg 2"},{"floor":9,"key":"Letter Opener"},{"floor":13,"key":"The Courier"},{"floor":14,"key":"Odd Mushroom"}],"event_choices":[{"damage_healed":25,"gold_gain":0,"player_choice":"Banana","damage_taken":0,"max_hp_gain":0,"max_hp_loss":0,"event_name":"Big Fish","floor":2,"gold_loss":0},{"damage_healed":0,"gold_gain":0,"player_choice":"Fought Mushrooms","damage_taken":0,"max_hp_gain":0,"max_hp_loss":0,"event_name":"Mushrooms","floor":14,"gold_loss":0},{"damage_healed":0,"gold_gain":0,"player_choice":"Copied","damage_taken":0,"max_hp_gain":0,"max_hp_loss":0,"event_name":"Duplicator","floor":19,"gold_loss":0,"cards_obtained":["Biased Cognition"]}],"is_beta":false,"boss_relics":[{"not_picked":["FrozenCore","Fusion Hammer"],"picked":"Inserter"}],"items_purged_floors":[],"is_endless":false,"potions_floor_spawned":[4,5,7,10,11,13,18,21],"killed_by":"Slavers","ascension_level":0}