{"gold_per_floor":[114,130,142,155,170,170,445,445,445,464,484,149,177,252,252,252],"floor_reached":16,"playtime":483,"items_purged":["Regret"],"score":104,"play_id":"2968f624-b72a-4757-b948-59655ba01400","local_time":"20190704020942","is_ascension_mode":false,"campfire_choices":[{"data":"Bash","floor":6,"key":"SMITH"},{"floor":8,"key":"REST"},{"floor":15,"key":"REST"}],"neow_cost":"NONE","seed_source_timestamp":43463103326736,"circlet_count":0,"master_deck":["Strike_R","Strike_R","Strike_R","Strike_R","Strike_R","Defend_R","Defend_R","Defend_R","Defend_R","Bash+1","Rupture","Cleave","Bloodletting","Flex","Panacea","Twin Strike","Combust"],"relics":["Runic Cube","Bag of Preparation","Blood Vial"],"potions_floor_usage":[10,13,16],"damage_taken":[{"damage":3,"enemies":"2 Louse","floor":1,"turns":4},{"damage":9,"enemies":"Cultist","floor":2,"turns":4},{"damage":0,"enemies":"Small Slimes","floor":3,"turns":3},{"damage":16,"enemies":"Blue Slaver","floor":4,"turns":5},{"damage":14,"enemies":"Red Slaver","floor":5,"turns":5},{"damage":20,"enemies":"Large Slime","floor":10,"turns":4},{"damage":18,"enemies":"Exordium Thugs","floor":11,"turns":4},{"damage":10,"enemies":"Gremlin Nob","floor":13,"turns":3},{"damage":30,"enemies":"Hexaghost","floor":16,"turns":4}],"seed_played":"-2564756335941679778","potions_obtained":[{"floor":1,"key":"SteroidPotion"},{"floor":2,"key":"PowerPotion"},{"floor":3,"key":"Explosive Potion"},{"floor":10,"key":"Ancient Potion"}],"is_trial":false,"path_per_floor":["M","M","M","M","M","R","?","R","T","M","M","$","E","?","R","B"],"character_chosen":"IRONCLAD","items_purchased":["Flex","Panacea","Twin Strike","Combust"],"campfire_rested":2,"item_purchase_floors":[12,12,12,12],"current_hp_per_floor":[77,68,68,52,38,38,38,62,62,42,24,24,14,3,27,0],"gold":252,"neow_bonus":"BOSS_RELIC","is_prod":false,"is_daily":false,"chose_seed":false,"campfire_upgraded":1,"win_rate":0,"timestamp":1562227782,"path_taken":["M","M","M","M","M","R","?","R","T","M","?","$","E","?","R","BOSS"],"build_version":"2019-07-01","purchased_purges":1,"victory":false,"max_hp_per_floor":[80,80,80,80,80,80,80,80,80,80,80,80,80,80,80,80],"card_choices":[{"not_picked":["Seeing Red","Clash"],"picked":"Rupture","floor":1},{"not_picked":["Pommel Strike","Body Slam"],"picked":"Cleave","floor":2},{"not_picked":["Anger","Headbutt","Sentinel"],"picked":"SKIP","floor":3},{"not_picked":["Body Slam","Warcry","Corruption"],"picked":"SKIP","floor":4},{"not_picked":["Twin Strike","Hemokinesis"],"picked":"Bloodletting","floor":5},{"not_picked":["Cleave","Clash","Searing Blow"],"picked":"SKIP","floor":10},{"not_picked":["Anger","Flame Barrier","Searing Blow"],"picked":"SKIP","floor":11},{"not_picked":["True Grit","Barricade","Wild Strike"],"picked":"SKIP","floor":13}],"player_experience":1540522,"relics_obtained":[{"floor":9,"key":"Bag of Preparation"},{"floor":13,"key":"Blood Vial"}],"event_choices":[{"damage_healed":0,"gold_gain":275,"player_choice":"Desecrate","damage_taken":0,"max_hp_gain":0,"max_hp_loss":0,"event_name":"Golden Shrine","floor":7,"gold_loss":0,"cards_obtained":["Regret"]},{"damage_healed":0,"gold_gain":75,"player_choice":"Gather Gold","damage_taken":11,"max_hp_gain":0,"max_hp_loss":0,"event_name":"World of Goop","floor":14,"gold_loss":0}],"is_beta":false,"boss_relics":[],"items_purged_floors":[12],"is_endless":false,"potions_floor_spawned":[1,2,3,10],"killed_by":"Hexaghost","ascension_level":0}