{"gold_per_floor":[111,126,126,142,153,182,202,220,269,269,20,38,68,85,85,187,217,230,240,250,260,260,260,185,0,0,0,0,20,31,31],"floor_reached":31,"playtime":3363,"items_purged":["Normality"],"score":303,"play_id":"3c5b3b44-799d-402a-96fd-e1e632b7474e","local_time":"20190223173416","is_ascension_mode":false,"campfire_choices":[{"floor":10.0,"key":"REST"},{"data":"Neutralize","floor":15.0,"key":"SMITH"},{"floor":23.0,"key":"REST"},{"floor":28.0,"key":"REST"}],"neow_cost":"NONE","seed_source_timestamp":0,"circlet_count":0,"master_deck":["Defend_G","Defend_G","Defend_G","Defend_G","Strike_G","Strike_G","Strike_G","Strike_G","Strike_G","Survivor+1","Neutralize+1","Predator","Outmaneuver","Poisoned Stab","Well Laid Plans","Crippling Poison","Dash","Dodge and Roll+1","Caltrops","Blade Dance+1","Venomology+1","Concentrate+1","Burst+1","Shame","Parasite","Calculated Gamble+1","Dagger Throw","Skewer+1","Footwork","Ghostly+1","Ghostly+1","Ghostly+1","Ghostly+1","Ghostly+1","Corpse Explosion+1","Deflect+1"],"special_seed":0,"relics":["Ring of the Snake","Toxic Egg 2","Bronze Scales","Pantograph","Turnip","Calling Bell","Tiny Chest","Kunai","Peace Pipe","Potion Belt"],"potions_floor_usage":[30,30,31],"damage_taken":[{"damage":1.0,"enemies":"Cultist","floor":1.0,"turns":4.0},{"damage":3.0,"enemies":"Jaw Worm","floor":2.0,"turns":3.0},{"damage":5.0,"enemies":"Small Slimes","floor":4.0,"turns":2.0},{"damage":11.0,"enemies":"Blue Slaver","floor":5.0,"turns":4.0},{"damage":14.0,"enemies":"Lagavulin","floor":6.0,"turns":7.0},{"damage":9.0,"enemies":"Large Slime","floor":7.0,"turns":7.0},{"damage":6.0,"enemies":"Exordium Wildlife","floor":8.0,"turns":4.0},{"damage":1.0,"enemies":"Looter","floor":12.0,"turns":3.0},{"damage":6.0,"enemies":"3 Sentries","floor":13.0,"turns":8.0},{"damage":1.0,"enemies":"Blue Slaver","floor":14.0,"turns":3.0},{"damage":42.0,"enemies":"The Guardian","floor":16.0,"turns":10.0},{"damage":13.0,"enemies":"Shell Parasite","floor":18.0,"turns":6.0},{"damage":24.0,"enemies":"Spheric Guardian","floor":19.0,"turns":6.0},{"damage":6.0,"enemies":"3 Cultists","floor":20.0,"turns":6.0},{"damage":23.0,"enemies":"Shelled Parasite and Fungi","floor":21.0,"turns":4.0},{"damage":1.0,"enemies":"Centurion and Healer","floor":29.0,"turns":13.0},{"damage":14,"enemies":"Sentry and Sphere","floor":30,"turns":9},{"damage":14,"enemies":"Slavers","floor":31,"turns":1}],"seed_played":"-4137833273415808281","potions_obtained":[{"floor":5.0,"key":"Swift Potion"},{"floor":6.0,"key":"Ancient Potion"},{"floor":12.0,"key":"GhostInAJar"},{"floor":20.0,"key":"LiquidBronze"},{"floor":29.0,"key":"Block Potion"}],"is_trial":false,"path_per_floor":["M","M","?","M","M","E","M","M","T","R","$","M","E","M","R","B",null,"M","M","M","M","?","R","$","?","T","$","R","M","M","E"],"character_chosen":"THE_SILENT","items_purchased":["Pantograph"],"campfire_rested":3,"item_purchase_floors":[11],"current_hp_per_floor":[69,66,66,61,50,36,27,21,21,42,42,41,35,34,34,17,70,57,33,27,4,4,14,14,14,14,14,24,23,9,0],"gold":31,"neow_bonus":"UPGRADE_CARD","is_prod":false,"is_daily":false,"chose_seed":false,"campfire_upgraded":1,"win_rate":0,"timestamp":1550961256,"path_taken":["M","M","?","M","?","E","M","M","T","R","$","M","E","M","R","BOSS","M","M","?","M","?","R","?","?","T","$","R","M","M","E"],"build_version":"2019-01-23","purchased_purges":1,"victory":false,"max_hp_per_floor":[70,70,70,70,70,70,70,70,70,70,70,70,70,70,70,70,70,70,70,70,70,35,35,35,35,35,35,35,35,35,35],"card_choices":[{"not_picked":["Poisoned Stab","Prepared"],"picked":"Predator","floor":1.0},{"not_picked":["Dagger Throw","Prepared"],"picked":"Outmaneuver","floor":2.0},{"not_picked":["Acrobatics","Bouncing Flask"],"picked":"Well Laid Plans","floor":4.0},{"not_picked":["Poisoned Stab","Dodge and Roll"],"picked":"Crippling Poison","floor":5.0},{"not_picked":["Footwork","Skewer"],"picked":"Dash","floor":6.0},{"not_picked":["Slice","Prepared+1"],"picked":"Dodge and Roll+1","floor":7.0},{"not_picked":["Heel Hook","Tactician+1"],"picked":"Caltrops","floor":8.0},{"not_picked":["Eviscerate","Slice"],"picked":"Blade Dance+1","floor":12.0},{"not_picked":["Noxious Fumes","Crippling Poison+1"],"picked":"Venomology+1","floor":13.0},{"not_picked":["Expertise+1","Riddle With Holes"],"picked":"Concentrate+1","floor":14.0},{"not_picked":["Grand Finale","Doppelganger+1"],"picked":"Burst+1","floor":16.0},{"not_picked":["Infinite Blades","Choke"],"picked":"Calculated Gamble+1","floor":18.0},{"not_picked":["Catalyst+1","Prepared+1"],"picked":"Dagger Throw","floor":19.0},{"not_picked":["Bane+1","Backflip+1"],"picked":"Skewer+1","floor":20.0},{"not_picked":["Well Laid Plans","Poisoned Stab"],"picked":"Footwork","floor":21.0},{"not_picked":["Bouncing Flask+1","PiercingWail+1"],"picked":"Corpse Explosion+1","floor":29.0},{"not_picked":["Prepared+1","Catalyst+1"],"picked":"Deflect+1","floor":30}],"player_experience":252566,"relics_obtained":[{"floor":6.0,"key":"Toxic Egg 2"},{"floor":9.0,"key":"Bronze Scales"},{"floor":13.0,"key":"Turnip"},{"floor":17.0,"key":"Tiny Chest"},{"floor":17.0,"key":"Kunai"},{"floor":17.0,"key":"Peace Pipe"},{"floor":26.0,"key":"Potion Belt"}],"event_choices":[{"damage_healed":0.0,"max_hp_gain":0.0,"max_hp_loss":0.0,"gold_gain":0.0,"cards_transformed":["Defend_G"],"event_name":"Transmorgrifier","player_choice":"Transformed","floor":3.0,"gold_loss":0.0,"damage_taken":0.0,"cards_obtained":["Poisoned Stab"]},{"damage_healed":0.0,"max_hp_gain":0.0,"max_hp_loss":35.0,"gold_gain":0.0,"event_name":"Ghosts","player_choice":"Became a Ghost","floor":22.0,"gold_loss":0.0,"damage_taken":0.0,"cards_obtained":["Ghostly","Ghostly","Ghostly","Ghostly","Ghostly"]},{"damage_healed":0.0,"max_hp_gain":0.0,"max_hp_loss":0.0,"gold_gain":0.0,"event_name":"Masked Bandits","player_choice":"Paid Fearfully","floor":25.0,"gold_loss":185.0,"damage_taken":0.0}],"is_beta":false,"boss_relics":[{"not_picked":["Fusion Hammer","Sozu"],"picked":"Calling Bell"}],"items_purged_floors":[24],"is_endless":false,"potions_floor_spawned":[5,6,12,14,19,20,29],"killed_by":"Slavers","ascension_level":0}