{"gold_per_floor":[111,33,51,69,89,89,119,130,154,169,197,211,65,65,65,160,160,172,184,16,28,43,43,60,73,97,107,126,159,177,188,188,188],"floor_reached":33,"playtime":2627,"items_purged":[],"score":279,"play_id":"c7e40d1f-bc2c-4e72-8cb5-0dad1ea46c27","local_time":"20180915155305","is_ascension_mode":false,"campfire_choices":[{"data":"Perfected Strike","floor":6,"key":"SMITH"},{"data":"Metallicize","floor":15,"key":"SMITH"},{"data":"Barricade","floor":23,"key":"SMITH"},{"floor":32,"key":"REST"}],"neow_cost":"NONE","seed_source_timestamp":367605455528837,"circlet_count":0,"master_deck":["Strike_R","Strike_R","Strike_R","Strike_R","Strike_R","Defend_R","Defend_R","Defend_R","Defend_R","Bash","Perfected Strike+1","Reckless Charge","Flame Barrier","Iron Wave","Thunderclap","Flex","Demon Form","Metallicize+1","Thunderclap","Barricade+1","Flex","Shrug It Off+1","Heavy Blade","Cleave","Pommel Strike","Iron Wave","Perfected Strike+1","Blood for Blood","Pommel Strike","Thunderclap","Flex","Shrug It Off+1","Shrug It Off"],"relics":["Black Blood","Odd Mushroom","Blood Vial","Omamori","Bronze Scales","WarpedTongs","Bag of Marbles","Dream Catcher","Potion Belt"],"potions_floor_usage":[10,11,16,22,24,24,29,30,30,33],"damage_taken":[{"damage":8,"enemies":"Jaw Worm","floor":1,"turns":5},{"damage":1,"enemies":"2 Louse","floor":3,"turns":3},{"damage":7,"enemies":"Small Slimes","floor":4,"turns":4},{"damage":8,"enemies":"Red Slaver","floor":5,"turns":4},{"damage":8,"enemies":"The Mushroom Lair","floor":7,"turns":5},{"damage":0,"enemies":"Looter","floor":8,"turns":1},{"damage":11,"enemies":"Exordium Thugs","floor":10,"turns":4},{"damage":21,"enemies":"Lagavulin","floor":11,"turns":5},{"damage":8,"enemies":"Exordium Wildlife","floor":12,"turns":4},{"damage":14,"enemies":"Slime Boss","floor":16,"turns":5},{"damage":20,"enemies":"Chosen","floor":18,"turns":3},{"damage":16,"enemies":"2 Thieves","floor":19,"turns":3},{"damage":6,"enemies":"Cultist and Chosen","floor":21,"turns":8},{"damage":37,"enemies":"Snake Plant","floor":22,"turns":3},{"damage":31,"enemies":"Chosen and Byrds","floor":24,"turns":6},{"damage":13,"enemies":"3 Cultists","floor":25,"turns":4},{"damage":18,"enemies":"Snake Plant","floor":27,"turns":3},{"damage":19,"enemies":"Chosen and Byrds","floor":28,"turns":5},{"damage":18,"enemies":"Book of Stabbing","floor":29,"turns":3},{"damage":35,"enemies":"Shelled Parasite and Fungi","floor":30,"turns":6},{"damage":13,"enemies":"Cultist and Chosen","floor":31,"turns":7},{"damage":63,"enemies":"Automaton","floor":33,"turns":6}],"seed_played":"-5067112563003693162","potions_obtained":[{"floor":5,"key":"SteroidPotion"},{"floor":8,"key":"PowerPotion"},{"floor":10,"key":"Weak Potion"},{"floor":11,"key":"Fire Potion"},{"floor":18,"key":"SkillPotion"},{"floor":21,"key":"PowerPotion"},{"floor":24,"key":"Fruit Juice"},{"floor":28,"key":"FearPotion"},{"floor":29,"key":"Regen Potion"},{"floor":31,"key":"Poison Potion"}],"is_trial":false,"path_per_floor":["M","$","M","M","M","R","?","M","T","M","E","M","$","?","R","B",null,"M","M","$","M","M","R","M","M","T","M","M","E","M","M","R"],"character_chosen":"IRONCLAD","items_purchased":["LiquidBronze","Bronze Scales","Bag of Marbles","Heavy Blade"],"campfire_rested":1,"item_purchase_floors":[2,13,20,20],"current_hp_per_floor":[86,86,88,87,85,85,83,88,88,83,70,70,70,70,70,64,88,78,74,74,80,55,55,41,40,40,34,27,21,13,12,39,0],"gold":188,"neow_bonus":"TEN_PERCENT_HP_BONUS","is_prod":false,"is_daily":false,"chose_seed":false,"campfire_upgraded":3,"win_rate":0.0,"timestamp":1537044785,"path_taken":["M","$","M","M","M","R","?","M","T","M","E","?","?","?","R","BOSS","M","M","$","M","M","R","M","M","T","M","M","E","M","M","R","BOSS"],"build_version":"2018-09-06","purchased_purges":0,"victory":false,"max_hp_per_floor":[88,88,88,88,88,88,88,88,88,88,88,88,88,88,88,88,88,88,88,88,88,88,88,93,93,93,93,93,93,93,93,93,93],"card_choices":[{"not_picked":["Pommel Strike","True Grit"],"picked":"Perfected Strike","floor":1},{"not_picked":["Hemokinesis","Cleave"],"picked":"Reckless Charge","floor":3},{"not_picked":["Thunderclap","Ghostly Armor"],"picked":"Flame Barrier","floor":4},{"not_picked":["Blood for Blood","Entrench"],"picked":"Iron Wave","floor":5},{"not_picked":["Hemokinesis","Sever Soul"],"picked":"Thunderclap","floor":7},{"not_picked":["Intimidate","Warcry"],"picked":"Flex","floor":8},{"not_picked":["True Grit","Flex"],"picked":"Demon Form","floor":10},{"not_picked":["Armaments","Clash"],"picked":"Metallicize","floor":11},{"not_picked":["Burning Pact","Infernal Blade"],"picked":"Thunderclap","floor":12},{"not_picked":["Feed","Double Tap"],"picked":"Barricade","floor":16},{"not_picked":["Perfected Strike","Clash"],"picked":"Flex","floor":18},{"not_picked":["Rupture+1","Bludgeon"],"picked":"Shrug It Off+1","floor":19},{"not_picked":["Feel No Pain","Clothesline"],"picked":"Cleave","floor":21},{"not_picked":["Warcry","Perfected Strike"],"picked":"Pommel Strike","floor":22},{"not_picked":["Heavy Blade","Headbutt"],"picked":"Iron Wave","floor":24},{"not_picked":["True Grit","Armaments"],"picked":"Perfected Strike+1","floor":25},{"not_picked":["Clash","Infernal Blade"],"picked":"Blood for Blood","floor":27},{"not_picked":["Shrug It Off","Headbutt"],"picked":"Pommel Strike","floor":28},{"not_picked":["Sever Soul+1","Feed"],"picked":"Thunderclap","floor":29},{"not_picked":["Body Slam+1","Twin Strike"],"picked":"Flex","floor":30},{"not_picked":["Twin Strike","Armaments"],"picked":"Shrug It Off+1","floor":31},{"not_picked":["Anger","Battle Trance+1"],"picked":"Shrug It Off","floor":32}],"player_experience":14857,"relics_obtained":[{"floor":7,"key":"Odd Mushroom"},{"floor":9,"key":"Blood Vial"},{"floor":11,"key":"Omamori"},{"floor":26,"key":"Dream Catcher"},{"floor":29,"key":"Potion Belt"}],"event_choices":[{"event_name":"Mushrooms","player_choice":"Fought Mushrooms","floor":7,"damage_taken":0},{"event_name":"Accursed Blacksmith","player_choice":"Rummage","floor":14,"damage_taken":0}],"is_beta":false,"boss_relics":[{"not_picked":["Busted Crown","Snecko Eye"],"picked":"Black Blood"}],"items_purged_floors":[],"is_endless":false,"potions_floor_spawned":[5,8,10,11,18,21,24,28,29,31],"killed_by":"Automaton","ascension_level":0}