{"gold_per_floor":[116,116,137,155,175,175,196,211,237,29,29,48,84,84,84,179,179,199,66,114,129,129,129],"floor_reached":23,"playtime":1081,"items_purged":["Writhe"],"score":376,"play_id":"44cca0f7-2f2f-494c-832f-d967625feb35","local_time":"20190221174357","is_ascension_mode":true,"campfire_choices":[{"data":"Catalyst","floor":6.0,"key":"SMITH"},{"floor":15.0,"key":"REST"}],"neow_cost":"CURSE","seed_source_timestamp":680145240643863,"circlet_count":0,"master_deck":["AscendersBane","Defend_G","Defend_G","Defend_G","Defend_G","Defend_G","Strike_G","Strike_G","Survivor","Neutralize","Corpse Explosion","Flying Knee","Catalyst+1","After Image","Escape Plan","Deadly Poison","Reflex","Noxious Fumes","Escape Plan","Caltrops","Dash","Unload","After Image","Well Laid Plans","Cloak And Dagger","Footwork"],"special_seed":0,"relics":["Ring of the Snake","Bloody Idol","Juzu Bracelet","Blood Vial","Empty Cage","PreservedInsect"],"potions_floor_usage":[16,23,23],"damage_taken":[{"damage":0.0,"enemies":"2 Louse","floor":1.0,"turns":2.0},{"damage":0.0,"enemies":"Small Slimes","floor":3.0,"turns":3.0},{"damage":1.0,"enemies":"Cultist","floor":4.0,"turns":3.0},{"damage":4.0,"enemies":"2 Fungi Beasts","floor":5.0,"turns":4.0},{"damage":22.0,"enemies":"Large Slime","floor":7.0,"turns":10.0},{"damage":4.0,"enemies":"3 Louse","floor":8.0,"turns":4.0},{"damage":0.0,"enemies":"2 Fungi Beasts","floor":12.0,"turns":4.0},{"damage":1.0,"enemies":"Lagavulin","floor":13.0,"turns":7.0},{"damage":8,"enemies":"The Guardian","floor":16,"turns":7},{"damage":18,"enemies":"Spheric Guardian","floor":18,"turns":6},{"damage":7,"enemies":"Chosen","floor":21,"turns":5},{"damage":43,"enemies":"Slavers","floor":23,"turns":4}],"seed_played":"2375936136859376284","potions_obtained":[{"floor":1.0,"key":"Energy Potion"},{"floor":4.0,"key":"GhostInAJar"},{"floor":8.0,"key":"AttackPotion"},{"floor":12.0,"key":"Swift Potion"},{"floor":21,"key":"SpeedPotion"}],"is_trial":false,"path_per_floor":["M","?","M","M","M","R","M","M","T","$","?","M","E","?","R","B",null,"M","$","T","M","?","E"],"character_chosen":"THE_SILENT","items_purchased":["Noxious Fumes","Escape Plan","Well Laid Plans","Cloak And Dagger"],"campfire_rested":1,"item_purchase_floors":[10,10,19,19],"current_hp_per_floor":[59,36,36,35,31,31,9,5,5,5,5,5,4,4,23,17,54,38,38,38,33,33,0],"gold":129,"neow_bonus":"THREE_RARE_CARDS","is_prod":false,"is_daily":false,"chose_seed":false,"campfire_upgraded":1,"win_rate":0,"timestamp":1550789037,"path_taken":["M","?","M","M","M","R","M","M","T","$","?","M","E","?","R","BOSS","M","$","?","M","?","E"],"build_version":"2019-02-06","purchased_purges":1,"victory":false,"max_hp_per_floor":[66,66,66,66,66,66,66,66,66,66,66,66,66,66,66,66,66,66,66,66,66,66,66],"card_choices":[{"not_picked":["Burst","Unload"],"picked":"Corpse Explosion","floor":0.0},{"not_picked":["Acrobatics","Calculated Gamble"],"picked":"Flying Knee","floor":1.0},{"not_picked":["Dagger Spray","Poisoned Stab"],"picked":"Catalyst","floor":3.0},{"not_picked":["Flying Knee","Finisher"],"picked":"After Image","floor":4.0},{"not_picked":["Prepared","Outmaneuver"],"picked":"Escape Plan","floor":5.0},{"not_picked":["Tactician","Expertise"],"picked":"Deadly Poison","floor":7.0},{"not_picked":["Dagger Spray","Tactician"],"picked":"Reflex","floor":8.0},{"not_picked":["Sucker Punch","Outmaneuver"],"picked":"Caltrops","floor":12.0},{"not_picked":["Underhanded Strike","Flying Knee"],"picked":"Dash","floor":13.0},{"not_picked":["Adrenaline","Night Terror"],"picked":"After Image","floor":16},{"not_picked":["Setup","Tactician","Accuracy+1"],"picked":"SKIP","floor":18},{"not_picked":["Backflip","Acrobatics"],"picked":"Footwork","floor":21}],"player_experience":1003519,"relics_obtained":[{"floor":9.0,"key":"Juzu Bracelet"},{"floor":13.0,"key":"Blood Vial"},{"floor":20,"key":"PreservedInsect"}],"event_choices":[{"damage_healed":0.0,"max_hp_gain":0.0,"max_hp_loss":0.0,"gold_gain":0.0,"event_name":"Golden Idol","player_choice":"Take Damage","floor":2.0,"gold_loss":0.0,"damage_taken":23.0,"relics_obtained":["Golden Idol"]},{"damage_healed":0.0,"max_hp_gain":0.0,"max_hp_loss":0.0,"gold_gain":0.0,"event_name":"Liars Game","player_choice":"Ignored","floor":11.0,"gold_loss":0.0,"damage_taken":0.0},{"damage_healed":0.0,"max_hp_gain":0.0,"max_hp_loss":0.0,"gold_gain":0.0,"cards_transformed":["Strike_G"],"event_name":"Transmorgrifier","player_choice":"Transformed","floor":14.0,"gold_loss":0.0,"damage_taken":0.0,"cards_obtained":["Unload"]},{"damage_healed":0,"gold_gain":0,"player_choice":"Gave Idol","damage_taken":0,"relics_obtained":["Bloody Idol"],"max_hp_gain":0,"max_hp_loss":0,"event_name":"Forgotten Altar","floor":22,"relics_lost":["Golden Idol"],"gold_loss":0}],"is_beta":true,"boss_relics":[{"not_picked":["Ectoplasm","Coffee Dripper"],"picked":"Empty Cage"}],"items_purged_floors":[10],"is_endless":false,"potions_floor_spawned":[1,4,8,12,21],"killed_by":"Slavers","ascension_level":19}