{"gold_per_floor":[119,38,56,56,75,75,106,116,139,165,165,230,247,247,247,342,342,356,301,301,301,284,298,309,309,364,289,88,88,120,137,137,137],"floor_reached":33,"playtime":1826,"items_purged":["Strike_G"],"score":289,"play_id":"ce701fbe-41ac-4e07-9ba4-b120e6482b5d","local_time":"20190725225618","is_ascension_mode":true,"campfire_choices":[{"data":"Blur","floor":6,"key":"SMITH"},{"data":"Backflip","floor":11,"key":"SMITH"},{"floor":15,"key":"REST"},{"floor":29,"key":"REST"},{"floor":32,"key":"REST"}],"neow_cost":"NONE","seed_source_timestamp":3110209083648300,"circlet_count":0,"master_deck":["Strike_G","Strike_G","Strike_G","Defend_G","Defend_G","Defend_G","Defend_G","Survivor","Neutralize","Blur+1","Backflip","Sucker Punch","PiercingWail","Noxious Fumes","Blade Dance","Backflip+1","Dash","Acrobatics+1","Underhanded Strike","Envenom","Bane","RitualDagger","Outmaneuver+1","Acrobatics+1","PiercingWail+1","Crippling Poison+1","Footwork+1","Bouncing Flask+1"],"relics":["Ring of the Serpent","NeowsBlessing","Ancient Tea Set","Smiling Mask","Juzu Bracelet","Toxic Egg 2","Mummified Hand","Tiny Chest","Centennial Puzzle","Strawberry","Omamori"],"potions_floor_usage":[7,7,13,24,31,31,33],"damage_taken":[{"damage":0,"enemies":"Cultist","floor":1,"turns":1},{"damage":0,"enemies":"Small Slimes","floor":3,"turns":1},{"damage":0,"enemies":"Jaw Worm","floor":5,"turns":1},{"damage":15,"enemies":"Gremlin Nob","floor":7,"turns":6},{"damage":0,"enemies":"Looter","floor":8,"turns":4},{"damage":21,"enemies":"3 Sentries","floor":10,"turns":11},{"damage":22,"enemies":"Gremlin Nob","floor":12,"turns":6},{"damage":0,"enemies":"3 Louse","floor":13,"turns":1},{"damage":24,"enemies":"Hexaghost","floor":16,"turns":15},{"damage":13,"enemies":"3 Byrds","floor":18,"turns":7},{"damage":11,"enemies":"2 Thieves","floor":22,"turns":4},{"damage":3,"enemies":"Snake Plant","floor":23,"turns":6},{"damage":16,"enemies":"Shelled Parasite and Fungi","floor":24,"turns":8},{"damage":12,"enemies":"Book of Stabbing","floor":30,"turns":8},{"damage":15,"enemies":"3 Cultists","floor":31,"turns":5},{"damage":47,"enemies":"Champ","floor":33,"turns":8}],"seed_played":"-2496330135565392176","potions_obtained":[{"floor":1,"key":"SpeedPotion"},{"floor":5,"key":"SkillPotion"},{"floor":10,"key":"Explosive Potion"},{"floor":16,"key":"Dexterity Potion"},{"floor":21,"key":"GamblersBrew"},{"floor":21,"key":"Strength Potion"},{"floor":22,"key":"GhostInAJar"},{"floor":24,"key":"SneckoOil"}],"is_trial":false,"path_per_floor":["M","$","M","?","M","R","E","M","T","E","R","?","M","T","R","B",null,"M","?","?","?","M","M","M","?","T","?","$","R","E","M","R","B"],"character_chosen":"THE_SILENT","items_purchased":["Backflip","Sucker Punch","Strawberry"],"campfire_rested":3,"item_purchase_floors":[2,2,28],"current_hp_per_floor":[70,70,70,63,63,63,48,48,48,27,27,5,5,5,26,2,70,57,57,51,51,40,37,21,21,21,21,28,51,39,24,47,0],"gold":137,"neow_bonus":"THREE_ENEMY_KILL","is_prod":false,"is_daily":false,"chose_seed":false,"campfire_upgraded":2,"win_rate":0,"timestamp":1564120578,"path_taken":["M","$","?","?","M","R","E","M","T","E","R","?","M","?","R","BOSS","M","?","?","?","M","M","M","?","T","?","$","R","E","M","R","BOSS"],"build_version":"2019-07-17","purchased_purges":1,"victory":false,"max_hp_per_floor":[70,70,70,70,70,70,70,70,70,70,70,70,70,70,70,70,70,70,70,70,70,70,70,70,70,70,70,77,77,77,77,77,77],"card_choices":[{"not_picked":["Distraction","Deflect"],"picked":"Blur","floor":1},{"not_picked":["Endless Agony","Expertise"],"picked":"PiercingWail","floor":3},{"not_picked":["Sucker Punch","Acrobatics"],"picked":"Noxious Fumes","floor":5},{"not_picked":["Eviscerate","Masterful Stab"],"picked":"Blade Dance","floor":7},{"not_picked":["Bane","Flying Knee"],"picked":"Backflip","floor":8},{"not_picked":["Prepared","Catalyst"],"picked":"Dash","floor":10},{"not_picked":["Grand Finale","Underhanded Strike"],"picked":"Acrobatics+1","floor":12},{"not_picked":["Flechettes","Reflex+1"],"picked":"Underhanded Strike","floor":13},{"not_picked":["Night Terror+1","Wraith Form v2"],"picked":"Envenom","floor":16},{"not_picked":["Leg Sweep+1","Accuracy"],"picked":"Bane","floor":18},{"not_picked":["Underhanded Strike","Predator+1"],"picked":"Outmaneuver+1","floor":22},{"not_picked":["Sucker Punch","Finisher+1"],"picked":"Acrobatics+1","floor":23},{"not_picked":["Endless Agony","Bouncing Flask+1"],"picked":"PiercingWail+1","floor":24},{"not_picked":["Venomology+1","Prepared+1"],"picked":"Footwork+1","floor":30},{"not_picked":["Dodge and Roll+1","Acrobatics+1"],"picked":"Bouncing Flask+1","floor":31}],"player_experience":89062,"relics_obtained":[{"floor":7,"key":"Ancient Tea Set"},{"floor":9,"key":"Smiling Mask"},{"floor":10,"key":"Juzu Bracelet"},{"floor":14,"key":"Mummified Hand"},{"floor":26,"key":"Centennial Puzzle"},{"floor":30,"key":"Omamori"}],"event_choices":[{"cards_removed":["Defend_G"],"damage_healed":0,"gold_gain":0,"player_choice":"Card Removal","damage_taken":7,"max_hp_gain":0,"max_hp_loss":0,"event_name":"Golden Wing","floor":4,"gold_loss":0},{"damage_healed":0,"gold_gain":0,"player_choice":"Searched \u00273\u0027 times","damage_taken":0,"relics_obtained":["Toxic Egg 2"],"max_hp_gain":0,"max_hp_loss":0,"event_name":"Dead Adventurer","floor":12,"gold_loss":0},{"damage_healed":0,"gold_gain":0,"player_choice":"Obtained Relic","damage_taken":0,"relics_obtained":["Tiny Chest"],"max_hp_gain":0,"max_hp_loss":0,"event_name":"Addict","floor":19,"gold_loss":85},{"damage_healed":0,"gold_gain":0,"player_choice":"Joined the Cult","damage_taken":6,"max_hp_gain":0,"max_hp_loss":0,"event_name":"Nest","floor":20,"gold_loss":0,"cards_obtained":["RitualDagger"]},{"damage_healed":0,"gold_gain":0,"player_choice":"Got Potions","damage_taken":0,"max_hp_gain":0,"max_hp_loss":0,"event_name":"Lab","floor":21,"gold_loss":0},{"damage_healed":0,"gold_gain":0,"player_choice":"Read","damage_taken":0,"max_hp_gain":0,"max_hp_loss":0,"event_name":"The Library","floor":25,"gold_loss":0,"cards_obtained":["Crippling Poison"]},{"cards_removed":["Strike_G"],"damage_healed":0,"gold_gain":0,"player_choice":"Gave Gold","damage_taken":0,"max_hp_gain":0,"max_hp_loss":0,"event_name":"Beggar","floor":27,"gold_loss":75}],"is_beta":false,"boss_relics":[{"not_picked":["Ectoplasm","Sozu"],"picked":"Ring of the Serpent"}],"items_purged_floors":[28],"is_endless":false,"potions_floor_spawned":[1,5,10,16,22,24,30],"killed_by":"Champ","ascension_level":1}