{"gold_per_floor":[113,113,123,123,141,141,141,159,207,207,220,250,250,250,250,350,350,369,369,369,319,333,333,333,333,333,348,623,637,637,653,653,755,755,765,779,791,866,882,882,882],"floor_reached":41,"playtime":1963,"items_purged":[],"score":443,"play_id":"77dbb261-02a7-4b31-9932-67a830723a05","local_time":"20181230143850","is_ascension_mode":false,"campfire_choices":[{"data":"Flame Barrier","floor":6,"key":"SMITH"},{"data":"Bash","floor":10,"key":"SMITH"},{"data":"Armaments","floor":15,"key":"SMITH"},{"data":"Limit Break","floor":23,"key":"SMITH"},{"data":"Demon Form","floor":25,"key":"SMITH"},{"data":"Bite","floor":32,"key":"SMITH"},{"data":"Heavy Blade","floor":40,"key":"SMITH"}],"neow_cost":"NONE","seed_source_timestamp":279666091517480,"circlet_count":0,"master_deck":["Defend_R","Defend_R","Defend_R","Defend_R","Bash+1","Exhume","Flame Barrier+1","Pommel Strike","Armaments+1","Limit Break+1","Iron Wave+1","Bite+1","Bite","Bite","Bite","Bite","Demon Form+1","Spot Weakness+1","Infernal Blade+1","Offering","Normality","Clumsy","Normality","Sentinel+1","Disarm+1","Sword Boomerang","Heavy Blade+1"],"relics":["Burning Blood","Juzu Bracelet","Blue Candle","Self Forming Clay","Eternal Feather","MutagenicStrength","Bottled Tornado","Calling Bell","Red Skull","Darkstone Periapt","Champion Belt"],"potions_floor_usage":[12,18,27,31,39,41],"damage_taken":[{"damage":0,"enemies":"2 Louse","floor":1,"turns":3},{"damage":10,"enemies":"Jaw Worm","floor":3,"turns":4},{"damage":0,"enemies":"Cultist","floor":5,"turns":5},{"damage":8,"enemies":"Exordium Wildlife","floor":8,"turns":6},{"damage":17,"enemies":"Large Slime","floor":11,"turns":8},{"damage":0,"enemies":"Lagavulin","floor":12,"turns":10},{"damage":37,"enemies":"Slime Boss","floor":16,"turns":12},{"damage":32,"enemies":"Chosen","floor":18,"turns":5},{"damage":5,"enemies":"Shell Parasite","floor":22,"turns":9},{"damage":40,"enemies":"Cultist and Chosen","floor":27,"turns":6},{"damage":4,"enemies":"Snecko","floor":29,"turns":6},{"damage":26,"enemies":"Chosen and Byrds","floor":31,"turns":5},{"damage":45,"enemies":"Champ","floor":33,"turns":10},{"damage":22,"enemies":"3 Shapes","floor":35,"turns":7},{"damage":26,"enemies":"Orb Walker","floor":36,"turns":4},{"damage":31,"enemies":"Writhing Mass","floor":37,"turns":6},{"damage":23,"enemies":"4 Shapes","floor":39,"turns":8},{"damage":55,"enemies":"Reptomancer","floor":41,"turns":3}],"seed_played":"4498823690752678690","potions_obtained":[{"floor":1,"key":"Explosive Potion"},{"floor":5,"key":"Energy Potion"},{"floor":7,"key":"Dexterity Potion"},{"floor":7,"key":"PowerPotion"},{"floor":16,"key":"Strength Potion"},{"floor":22,"key":"Energy Potion"},{"floor":29,"key":"AttackPotion"},{"floor":31,"key":"FearPotion"},{"floor":37,"key":"PowerPotion"}],"is_trial":false,"path_per_floor":["M","?","M","?","M","R","?","M","T","R","M","E","T","?","R","B",null,"M","?","?","?","M","R","?","R","T","M","?","M","?","M","R","B",null,"M","M","M","?","M","R","E"],"character_chosen":"IRONCLAD","items_purchased":[],"campfire_rested":0,"item_purchase_floors":[],"current_hp_per_floor":[80,73,69,69,75,75,75,73,73,73,64,72,72,69,69,40,80,54,54,54,54,66,75,75,80,80,59,59,73,73,67,76,65,80,68,53,43,35,25,40,0],"gold":882,"neow_bonus":"ONE_RANDOM_RARE_CARD","is_prod":false,"is_daily":false,"chose_seed":false,"campfire_upgraded":7,"win_rate":0,"timestamp":1546198730,"path_taken":["M","?","M","?","M","R","?","?","T","R","M","E","?","?","R","BOSS","M","?","?","?","M","R","?","R","T","M","?","M","?","M","R","BOSS","M","M","M","?","M","R","E"],"build_version":"2018-12-25","purchased_purges":0,"victory":false,"max_hp_per_floor":[80,80,80,80,80,80,80,80,80,80,80,80,80,80,80,80,80,80,80,80,80,80,80,80,80,80,80,80,80,80,80,80,80,80,80,80,80,80,80,80,80],"card_choices":[{"not_picked":["Reckless Charge","True Grit"],"picked":"Flame Barrier","floor":1},{"not_picked":["Twin Strike","Havoc"],"picked":"Pommel Strike","floor":3},{"not_picked":["Headbutt","Anger","Bloodletting"],"picked":"SKIP","floor":5},{"not_picked":["Immolate","Anger","Hemokinesis"],"picked":"SKIP","floor":8},{"not_picked":["Power Through","Flex"],"picked":"Armaments","floor":11},{"not_picked":["Sword Boomerang","Rupture","Flex"],"picked":"SKIP","floor":12},{"not_picked":["Bludgeon","Berserk"],"picked":"Limit Break","floor":16},{"not_picked":["Combust","Armaments"],"picked":"Iron Wave+1","floor":18},{"not_picked":["Wild Strike","Clothesline","Anger"],"picked":"SKIP","floor":22},{"not_picked":["Sentinel","Uppercut","Pommel Strike"],"picked":"SKIP","floor":27},{"not_picked":["Entrench+1","Body Slam"],"picked":"Spot Weakness+1","floor":29},{"not_picked":["Armaments","Pommel Strike+1"],"picked":"Infernal Blade+1","floor":31},{"not_picked":["Brutality","Demon Form"],"picked":"Offering","floor":33},{"not_picked":["Cleave","Rupture"],"picked":"Sentinel+1","floor":35},{"not_picked":["Spot Weakness","Seeing Red"],"picked":"Disarm+1","floor":36},{"not_picked":["Perfected Strike+1","Rampage+1"],"picked":"Sword Boomerang","floor":37},{"not_picked":["Flex+1","Brutality"],"picked":"Heavy Blade","floor":39}],"player_experience":696217,"relics_obtained":[{"floor":9,"key":"Blood Vial"},{"floor":12,"key":"Juzu Bracelet"},{"floor":13,"key":"Blue Candle"},{"floor":26,"key":"Bottled Tornado"},{"floor":34,"key":"Red Skull"},{"floor":34,"key":"Darkstone Periapt"},{"floor":34,"key":"Champion Belt"}],"event_choices":[{"cards_removed":["Strike_R"],"damage_healed":0,"gold_gain":0,"player_choice":"Card Removal","damage_taken":7,"max_hp_gain":0,"max_hp_loss":0,"event_name":"Golden Wing","floor":2,"gold_loss":0},{"damage_healed":0,"gold_gain":0,"player_choice":"Leave","damage_taken":0,"max_hp_gain":0,"max_hp_loss":0,"event_name":"The Cleric","floor":4,"gold_loss":0},{"damage_healed":0,"gold_gain":0,"player_choice":"Got Potions","damage_taken":0,"max_hp_gain":0,"max_hp_loss":0,"event_name":"Lab","floor":7,"gold_loss":0},{"damage_healed":0,"gold_gain":0,"player_choice":"Success","damage_taken":3,"relics_obtained":["Self Forming Clay"],"max_hp_gain":0,"max_hp_loss":0,"event_name":"Scrap Ooze","floor":14,"gold_loss":0},{"damage_healed":0,"gold_gain":0,"player_choice":"Became a vampire (Vial)","damage_taken":0,"max_hp_gain":0,"max_hp_loss":0,"event_name":"Vampires","floor":19,"relics_lost":["Blood Vial"],"gold_loss":0,"cards_obtained":["Bite","Bite","Bite","Bite","Bite"]},{"damage_healed":0,"gold_gain":0,"player_choice":"Inject Mutagens","damage_taken":0,"relics_obtained":["MutagenicStrength"],"max_hp_gain":0,"max_hp_loss":0,"event_name":"Drug Dealer","floor":20,"gold_loss":0},{"damage_healed":0,"gold_gain":0,"player_choice":"Bet on Murderer","damage_taken":0,"max_hp_gain":0,"max_hp_loss":0,"event_name":"The Joust","floor":21,"gold_loss":50},{"damage_healed":0,"gold_gain":0,"player_choice":"Read","damage_taken":0,"max_hp_gain":0,"max_hp_loss":0,"event_name":"The Library","floor":24,"gold_loss":0,"cards_obtained":["Demon Form"]},{"damage_healed":0,"gold_gain":275,"player_choice":"Desecrate","damage_taken":0,"max_hp_gain":0,"max_hp_loss":0,"event_name":"Golden Shrine","floor":28,"gold_loss":0,"cards_obtained":["Regret"]},{"cards_removed":["Regret"],"damage_healed":0,"gold_gain":0,"player_choice":"Purged","damage_taken":0,"max_hp_gain":0,"max_hp_loss":0,"event_name":"Purifier","floor":30,"gold_loss":0},{"damage_healed":0,"gold_gain":75,"player_choice":"Touch","damage_taken":8,"max_hp_gain":0,"max_hp_loss":0,"event_name":"FaceTrader","floor":38,"gold_loss":0}],"is_beta":true,"boss_relics":[{"not_picked":["Sozu","Empty Cage"],"picked":"Eternal Feather"},{"not_picked":["White Beast Statue","Cursed Key"],"picked":"Calling Bell"}],"items_purged_floors":[],"is_endless":false,"potions_floor_spawned":[1,5,16,22,29,31,35,37],"killed_by":"Reptomancer","ascension_level":0}