{"gold_per_floor":[113,125,125,141,157,182,182,195,195,195,195,195,220,67,67,67],"floor_reached":16,"playtime":1186,"items_purged":[],"score":155,"play_id":"1ecd1eef-8f4c-4499-a132-dba32fefeda5","local_time":"20190102010706","is_ascension_mode":true,"campfire_choices":[{"data":"Body Slam","floor":7.0,"key":"SMITH"},{"data":"Entrench","floor":10.0,"key":"SMITH"},{"data":"Disarm","floor":12.0,"key":"SMITH"},{"data":"Metallicize","floor":15.0,"key":"SMITH"}],"neow_cost":"NONE","seed_source_timestamp":132560711491687,"circlet_count":0,"master_deck":["AscendersBane","Strike_R","Strike_R","Strike_R","Strike_R","Strike_R","Defend_R","Defend_R","Defend_R","Defend_R","Bash","Ghostly Armor","Metallicize+1","Body Slam+1","Entrench+1","Disarm+1","Pummel"],"special_seed":0,"relics":["Burning Blood","NeowsBlessing","Darkstone Periapt","Bag of Marbles","Golden Idol","Odd Mushroom","Bag of Preparation"],"potions_floor_usage":[],"damage_taken":[{"damage":0.0,"enemies":"Cultist","floor":1.0,"turns":1.0},{"damage":0.0,"enemies":"Jaw Worm","floor":2.0,"turns":1.0},{"damage":0.0,"enemies":"Small Slimes","floor":4.0,"turns":1.0},{"damage":12.0,"enemies":"Looter","floor":5.0,"turns":5.0},{"damage":39.0,"enemies":"3 Sentries","floor":6.0,"turns":15.0},{"damage":0.0,"enemies":"3 Louse","floor":8.0,"turns":5.0},{"damage":16.0,"enemies":"The Mushroom Lair","floor":13.0,"turns":7.0},{"damage":26,"enemies":"The Guardian","floor":16,"turns":7}],"seed_played":"8175660932498286260","potions_obtained":[{"floor":1.0,"key":"EntropicBrew"},{"floor":2.0,"key":"FearPotion"},{"floor":3.0,"key":"Poison Potion"}],"is_trial":false,"path_per_floor":["M","M","?","M","M","E","R","M","T","R","?","R","?","$","R","B"],"character_chosen":"IRONCLAD","items_purchased":["Bag of Preparation"],"campfire_rested":0,"item_purchase_floors":[14],"current_hp_per_floor":[78,80,80,80,74,41,41,47,47,47,27,27,17,17,17,0],"gold":67,"neow_bonus":"THREE_ENEMY_KILL","is_prod":false,"is_daily":false,"chose_seed":false,"campfire_upgraded":4,"win_rate":0,"timestamp":1546409226,"path_taken":["M","?","?","M","?","E","R","M","T","R","?","R","?","$","R","BOSS"],"build_version":"2019-01-01v2","purchased_purges":0,"victory":false,"max_hp_per_floor":[80,80,80,80,80,80,80,80,80,80,80,80,80,80,80,80],"card_choices":[{"not_picked":["Pummel","Inflame"],"picked":"Ghostly Armor","floor":1.0},{"not_picked":["Pommel Strike","Fire Breathing"],"picked":"Metallicize","floor":2.0},{"not_picked":["Rupture","Seeing Red"],"picked":"Body Slam","floor":4.0},{"not_picked":["Anger","Flex","Perfected Strike"],"picked":"SKIP","floor":5.0},{"not_picked":["Pummel","Infernal Blade"],"picked":"Entrench","floor":6.0},{"not_picked":["Shrug It Off","Bloodletting"],"picked":"Disarm","floor":8.0},{"not_picked":["Sword Boomerang","Hemokinesis"],"picked":"Pummel","floor":13.0}],"player_experience":724308,"relics_obtained":[{"floor":6.0,"key":"Darkstone Periapt"},{"floor":9.0,"key":"Bag of Marbles"},{"floor":13.0,"key":"Odd Mushroom"}],"event_choices":[{"damage_healed":0.0,"max_hp_gain":0.0,"max_hp_loss":0.0,"gold_gain":0.0,"event_name":"Lab","player_choice":"Got Potions","floor":3.0,"gold_loss":0.0,"damage_taken":0.0},{"damage_healed":0.0,"max_hp_gain":0.0,"max_hp_loss":0.0,"gold_gain":0.0,"event_name":"Golden Idol","player_choice":"Take Damage","floor":11.0,"gold_loss":0.0,"damage_taken":20.0,"relics_obtained":["Golden Idol"]},{"damage_healed":0.0,"max_hp_gain":0.0,"max_hp_loss":0.0,"gold_gain":0.0,"event_name":"Mushrooms","player_choice":"Fought Mushrooms","floor":13.0,"gold_loss":0.0,"damage_taken":0.0}],"is_beta":true,"boss_relics":[],"items_purged_floors":[],"is_endless":false,"potions_floor_spawned":[1,2,6],"killed_by":"The Guardian","ascension_level":11}