{"gold_per_floor":[119,135,135,135,63,63,80,3,3,28,38,52,52,52,52,153,153,169,188,188,188,204,204,204],"floor_reached":24,"playtime":1891,"items_purged":[],"score":255,"play_id":"73f7f103-5884-44e2-93f7-4a7c1b5f542b","local_time":"20181111074713","is_ascension_mode":true,"campfire_choices":[{"data":"Loop","floor":6,"key":"SMITH"},{"data":"Loop","floor":13,"key":"SMITH"},{"data":"Static Discharge","floor":15,"key":"SMITH"},{"floor":23,"key":"REST"}],"neow_cost":"NONE","seed_source_timestamp":311825980084117,"circlet_count":0,"master_deck":["Strike_B","Strike_B","Defend_B","Defend_B","Defend_B","Defend_B","Zap","Dualcast","Loop+1","Redo","Glacier","Double Energy","Static Discharge+1","Double Energy","Loop+1","Reboot","Aggregate","Conserve Battery","Chill+1"],"relics":["Cracked Core","Anchor","Cables","Dodecahedron","Nuclear Battery"],"potions_floor_usage":[16,19],"damage_taken":[{"damage":0,"enemies":"Small Slimes","floor":1,"turns":2},{"damage":0,"enemies":"Jaw Worm","floor":2,"turns":4},{"damage":0,"enemies":"Cultist","floor":7,"turns":5},{"damage":9,"enemies":"3 Sentries","floor":10,"turns":12},{"damage":12,"enemies":"Looter","floor":11,"turns":3},{"damage":10,"enemies":"Lots of Slimes","floor":12,"turns":3},{"damage":31,"enemies":"Slime Boss","floor":16,"turns":9},{"damage":2,"enemies":"Chosen","floor":18,"turns":5},{"damage":12,"enemies":"Shell Parasite","floor":19,"turns":5},{"damage":24,"enemies":"3 Cultists","floor":22,"turns":5},{"damage":46,"enemies":"Gremlin Leader","floor":24,"turns":4}],"seed_played":"8784535161406483616","potions_obtained":[{"floor":7,"key":"Ancient Potion"},{"floor":10,"key":"Ancient Potion"},{"floor":16,"key":"SkillPotion"},{"floor":22,"key":"Weak Potion"}],"is_trial":false,"path_per_floor":["M","M","?","?","$","R","M","$","T","E","M","M","R","?","R","B",null,"M","M","?","?","M","R","E"],"character_chosen":"DEFECT","items_purchased":["Glacier","Static Discharge"],"campfire_rested":1,"item_purchase_floors":[5,8],"current_hp_per_floor":[68,68,68,68,68,68,68,68,68,59,47,37,37,37,37,6,58,56,44,44,37,13,35,0],"gold":204,"neow_bonus":"RANDOM_COMMON_RELIC","is_prod":false,"is_daily":false,"chose_seed":false,"campfire_upgraded":3,"win_rate":0,"timestamp":1541940433,"path_taken":["M","M","?","?","$","R","M","?","T","E","?","M","R","?","R","BOSS","M","?","?","?","?","R","E"],"build_version":"2018-11-08","purchased_purges":0,"victory":false,"max_hp_per_floor":[75,75,75,75,75,75,75,75,75,75,75,75,75,75,75,75,75,75,75,75,75,75,75,75],"card_choices":[{"not_picked":["Stack","Rebound","Barrage"],"picked":"SKIP","floor":1},{"not_picked":["Barrage","Sweeping Beam"],"picked":"Loop","floor":2},{"not_picked":["Reprogram","FTL"],"picked":"Double Energy","floor":7},{"not_picked":["Go for the Eyes","Beam Cell"],"picked":"Double Energy","floor":10},{"not_picked":["Leap","Sweeping Beam","Rebound"],"picked":"SKIP","floor":11},{"not_picked":["Sweeping Beam","Glacier"],"picked":"Loop","floor":12},{"not_picked":["All For One","Core Surge"],"picked":"Reboot","floor":16},{"not_picked":["Scrape","Blizzard"],"picked":"Aggregate","floor":18},{"not_picked":["Compile Driver","Go for the Eyes+1"],"picked":"Conserve Battery","floor":19},{"not_picked":["Coolheaded","Cold Snap"],"picked":"Chill+1","floor":22}],"player_experience":352925,"relics_obtained":[{"floor":9,"key":"Cables"},{"floor":10,"key":"Dodecahedron"}],"event_choices":[{"damage_healed":0,"gold_gain":0,"cards_transformed":["Strike_B"],"player_choice":"Change","damage_taken":0,"max_hp_gain":0,"max_hp_loss":0,"event_name":"Living Wall","floor":3,"gold_loss":0,"cards_obtained":["Redo"]},{"damage_healed":0,"gold_gain":0,"player_choice":"Leave","damage_taken":0,"max_hp_gain":0,"max_hp_loss":0,"event_name":"The Cleric","floor":4,"gold_loss":0},{"cards_removed":["Strike_B"],"damage_healed":0,"gold_gain":0,"player_choice":"Offered Basic","damage_taken":0,"max_hp_gain":0,"max_hp_loss":0,"event_name":"Bonfire Elementals","floor":14,"gold_loss":0},{"damage_healed":0,"gold_gain":0,"player_choice":"Ignored","damage_taken":0,"max_hp_gain":0,"max_hp_loss":0,"event_name":"Cursed Tome","floor":20,"gold_loss":0},{"damage_healed":0,"gold_gain":0,"player_choice":"","damage_taken":7,"max_hp_gain":0,"max_hp_loss":0,"event_name":"Knowing Skull","floor":21,"potions_obtained":[],"gold_loss":0,"cards_obtained":[]}],"is_beta":true,"boss_relics":[{"not_picked":["Sozu","Philosopher\u0027s Stone"],"picked":"Nuclear Battery"}],"items_purged_floors":[],"is_endless":false,"potions_floor_spawned":[7,10,16,22],"killed_by":"Gremlin Leader","ascension_level":6}