{"gold_per_floor":[118,118,118,118,131,44,44,56,105,164,178,190,225,225,225,225],"floor_reached":16,"playtime":1019,"items_purged":[],"score":110,"play_id":"7f88abbe-4ba8-44c2-9e15-a7edd9756c71","local_time":"20190704143827","is_ascension_mode":false,"campfire_choices":[{"floor":7,"key":"REST"},{"floor":15,"key":"REST"}],"neow_cost":"CURSE","seed_source_timestamp":1081491347592599,"circlet_count":0,"master_deck":["Strike_B","Strike_B","Strike_B","Strike_B","Defend_B","Defend_B","Defend_B","Defend_B+1","Zap","Dualcast","Creative AI+1","Chaos","Sweeping Beam","Bandage Up","Ball Lightning","Go for the Eyes","Ball Lightning","Tempest","Injury"],"relics":["Cracked Core","Blood Vial","Tiny Chest","Matryoshka","Golden Idol"],"potions_floor_usage":[],"damage_taken":[{"damage":15,"enemies":"Jaw Worm","floor":1,"turns":4},{"damage":7,"enemies":"Small Slimes","floor":5,"turns":4},{"damage":7,"enemies":"2 Louse","floor":8,"turns":2},{"damage":44,"enemies":"Lagavulin","floor":10,"turns":6},{"damage":6,"enemies":"Red Slaver","floor":11,"turns":3},{"damage":3,"enemies":"Looter","floor":12,"turns":3},{"damage":15,"enemies":"3 Sentries","floor":13,"turns":6},{"damage":44,"enemies":"The Guardian","floor":16,"turns":9}],"seed_played":"100750273436807620","potions_obtained":[{"floor":5,"key":"FocusPotion"},{"floor":11,"key":"SpeedPotion"}],"is_trial":false,"path_per_floor":["M","?","?","?","M","$","R","M","T","E","M","M","E","?","R","B"],"character_chosen":"DEFECT","items_purchased":["Bandage Up"],"campfire_rested":2,"item_purchase_floors":[6],"current_hp_per_floor":[60,60,45,45,38,38,60,57,57,19,19,22,13,13,35,0],"gold":225,"neow_bonus":"THREE_RARE_CARDS","is_prod":false,"is_daily":false,"chose_seed":false,"campfire_upgraded":0,"win_rate":0,"timestamp":1562269107,"path_taken":["M","?","?","?","?","$","R","M","T","E","M","M","E","?","R","BOSS"],"build_version":"2019-07-01","purchased_purges":0,"victory":false,"max_hp_per_floor":[75,75,75,75,75,75,75,75,75,75,75,75,75,75,75,75],"card_choices":[{"not_picked":["Machine Learning","Thunder Strike"],"picked":"Creative AI","floor":0},{"not_picked":["Leap","Scrape"],"picked":"Chaos","floor":1},{"not_picked":["Reinforced Body","Hologram"],"picked":"Sweeping Beam","floor":5},{"not_picked":["Hologram","Beam Cell"],"picked":"Ball Lightning","floor":8},{"not_picked":["Chill","Barrage"],"picked":"Go for the Eyes","floor":10},{"not_picked":["Stack","Reprogram"],"picked":"Ball Lightning","floor":11},{"not_picked":["Turbo","Coolheaded","Creative AI"],"picked":"SKIP","floor":12},{"not_picked":["Lockon","Ball Lightning"],"picked":"Tempest","floor":13}],"player_experience":109823,"relics_obtained":[{"floor":9,"key":"Blood Vial"},{"floor":10,"key":"Tiny Chest"},{"floor":13,"key":"Matryoshka"}],"event_choices":[{"damage_healed":0,"gold_gain":0,"player_choice":"Leave","damage_taken":0,"max_hp_gain":0,"max_hp_loss":0,"event_name":"The Cleric","floor":2,"gold_loss":0},{"damage_healed":0,"gold_gain":0,"player_choice":"Entered Light","damage_taken":15,"max_hp_gain":0,"max_hp_loss":0,"event_name":"Shining Light","floor":3,"gold_loss":0,"cards_upgraded":["Defend_B","Creative AI"]},{"cards_removed":["Clumsy"],"damage_healed":0,"gold_gain":0,"player_choice":"Purged","damage_taken":0,"max_hp_gain":0,"max_hp_loss":0,"event_name":"Purifier","floor":4,"gold_loss":0},{"damage_healed":0,"gold_gain":0,"player_choice":"Take Wound","damage_taken":0,"relics_obtained":["Golden Idol"],"max_hp_gain":0,"max_hp_loss":0,"event_name":"Golden Idol","floor":14,"gold_loss":0,"cards_obtained":["Injury"]}],"is_beta":false,"boss_relics":[],"items_purged_floors":[],"is_endless":false,"potions_floor_spawned":[5,11],"killed_by":"The Guardian","ascension_level":0}