{"gold_per_floor":[112,212,225,244,261,261,261,294,344,344,344,344,359,393,393,495,495,511,521,344,362,106,106,131,27,27,27,37,63,82,98,98,98],"floor_reached":33,"playtime":3452,"items_purged":["Strike_R","Strike_R"],"score":354,"play_id":"a0ad7cf0-9062-4ee2-bad5-038eb8d1b0a9","local_time":"20190724104233","is_ascension_mode":true,"campfire_choices":[{"data":"Bash","floor":6,"key":"SMITH"},{"data":"Twin Strike","floor":11,"key":"SMITH"},{"floor":15,"key":"REST"},{"data":"Double Tap","floor":23,"key":"SMITH"},{"data":"True Grit","floor":27,"key":"SMITH"},{"floor":32,"key":"REST"}],"neow_cost":"NONE","seed_source_timestamp":255585476572453,"circlet_count":0,"master_deck":["Strike_R","Strike_R","Defend_R","Defend_R","Defend_R","Defend_R","Bash+1","Twin Strike+1","Clothesline","Cleave+1","Reckless Charge","Armaments","Ghostly Armor","Double Tap+1","Perfected Strike+1","Evolve","True Grit+1","Shrug It Off+1","True Grit","Power Through","Pommel Strike","Burning Pact","Fire Breathing+1"],"relics":["Burning Blood","Juzu Bracelet","Kunai","PreservedInsect","Dream Catcher","Mark of Pain","Lantern","Shuriken","Ornamental Fan","Ancient Tea Set"],"potions_floor_usage":[14,16,16,16,16,16,18,19,21,29,29,30,33],"damage_taken":[{"damage":8,"enemies":"2 Louse","floor":1,"turns":2},{"damage":11,"enemies":"Cultist","floor":3,"turns":4},{"damage":11,"enemies":"Jaw Worm","floor":4,"turns":5},{"damage":0,"enemies":"Large Slime","floor":5,"turns":4},{"damage":31,"enemies":"Lagavulin","floor":8,"turns":6},{"damage":9,"enemies":"Blue Slaver","floor":13,"turns":2},{"damage":0,"enemies":"Gremlin Nob","floor":14,"turns":2},{"damage":26,"enemies":"Hexaghost","floor":16,"turns":9},{"damage":9,"enemies":"Shell Parasite","floor":18,"turns":5},{"damage":4,"enemies":"3 Byrds","floor":19,"turns":3},{"damage":6,"enemies":"Cultist and Chosen","floor":21,"turns":6},{"damage":29,"enemies":"Book of Stabbing","floor":24,"turns":7},{"damage":13,"enemies":"Centurion and Healer","floor":28,"turns":4},{"damage":6,"enemies":"Gremlin Leader","floor":29,"turns":8},{"damage":16,"enemies":"Shelled Parasite and Fungi","floor":30,"turns":6},{"damage":36,"enemies":"3 Cultists","floor":31,"turns":7},{"damage":63,"enemies":"Collector","floor":33,"turns":10}],"seed_played":"-1833457025997968643","potions_obtained":[{"floor":1,"key":"SmokeBomb"},{"floor":8,"key":"Strength Potion"},{"floor":10,"key":"Energy Potion"},{"floor":10,"key":"EntropicBrew"},{"floor":14,"key":"EntropicBrew"},{"floor":19,"key":"FairyPotion"},{"floor":21,"key":"FearPotion"},{"floor":29,"key":"Fruit Juice"},{"floor":31,"key":"AttackPotion"}],"is_trial":false,"path_per_floor":["M","?","M","M","M","R","?","E","T","?","R","?","M","E","R","B",null,"M","M","$","M","$","R","E","$","T","R","M","E","M","M","R","B"],"character_chosen":"IRONCLAD","items_purchased":["True Grit","Swift Potion","Lantern","Power Through","Pommel Strike"],"campfire_rested":2,"item_purchase_floors":[20,20,22,25,25],"current_hp_per_floor":[78,78,73,68,74,74,74,49,49,49,49,49,46,52,76,56,80,77,79,79,79,79,79,56,56,56,56,49,54,44,14,39,0],"gold":98,"neow_bonus":"RANDOM_COMMON_RELIC","is_prod":false,"is_daily":false,"chose_seed":false,"campfire_upgraded":4,"win_rate":0,"timestamp":1563982953,"path_taken":["M","?","M","M","M","R","?","E","T","?","R","?","M","E","R","BOSS","M","M","$","M","$","R","E","?","T","R","M","E","M","M","R","BOSS"],"build_version":"2019-07-17","purchased_purges":2,"victory":false,"max_hp_per_floor":[80,80,80,80,80,80,80,80,80,80,80,80,80,80,80,80,80,80,80,80,80,80,80,80,80,80,80,80,85,85,85,85,85],"card_choices":[{"not_picked":["Sentinel","Armaments"],"picked":"Twin Strike","floor":1},{"not_picked":["Havoc","Warcry","Sword Boomerang"],"picked":"SKIP","floor":3},{"not_picked":["Shockwave","Shrug It Off"],"picked":"Clothesline","floor":4},{"not_picked":["True Grit","Dropkick"],"picked":"Cleave","floor":5},{"not_picked":["Power Through","Burning Pact","Cleave"],"picked":"SKIP","floor":8},{"not_picked":["Power Through","Body Slam"],"picked":"Reckless Charge","floor":13},{"not_picked":["Combust","Headbutt"],"picked":"Armaments","floor":14},{"not_picked":["Sever Soul","Havoc"],"picked":"Ghostly Armor","floor":15},{"not_picked":["Brutality","Bludgeon"],"picked":"Double Tap","floor":16},{"not_picked":["Headbutt","Sword Boomerang+1"],"picked":"Perfected Strike+1","floor":18},{"not_picked":["Burning Pact+1","Body Slam"],"picked":"Evolve","floor":19},{"not_picked":["Burning Pact","Armaments+1"],"picked":"Shrug It Off+1","floor":21},{"not_picked":["Sword Boomerang","Corruption"],"picked":"True Grit","floor":24},{"not_picked":["Power Through","Headbutt","Clash"],"picked":"SKIP","floor":28},{"not_picked":["Shockwave","Iron Wave"],"picked":"Burning Pact","floor":29},{"not_picked":["Second Wind","Clothesline","Warcry"],"picked":"SKIP","floor":30},{"not_picked":["Perfected Strike","Pummel+1"],"picked":"Fire Breathing+1","floor":31}],"player_experience":228412,"relics_obtained":[{"floor":8,"key":"Kunai"},{"floor":9,"key":"PreservedInsect"},{"floor":14,"key":"Dream Catcher"},{"floor":24,"key":"Shuriken"},{"floor":26,"key":"Ornamental Fan"},{"floor":29,"key":"Ancient Tea Set"}],"event_choices":[{"damage_healed":0,"gold_gain":100,"player_choice":"Pray","damage_taken":0,"max_hp_gain":0,"max_hp_loss":0,"event_name":"Golden Shrine","floor":2,"gold_loss":0},{"cards_removed":["Strike_R"],"damage_healed":0,"gold_gain":0,"player_choice":"Forget","damage_taken":0,"max_hp_gain":0,"max_hp_loss":0,"event_name":"Living Wall","floor":7,"gold_loss":0},{"damage_healed":0,"gold_gain":0,"player_choice":"Got Potions","damage_taken":0,"max_hp_gain":0,"max_hp_loss":0,"event_name":"Lab","floor":10,"gold_loss":0},{"damage_healed":0,"gold_gain":0,"player_choice":"Upgraded","damage_taken":0,"max_hp_gain":0,"max_hp_loss":0,"event_name":"Upgrade Shrine","floor":12,"gold_loss":0,"cards_upgraded":["Cleave"]}],"is_beta":false,"boss_relics":[{"not_picked":["Ectoplasm","White Beast Statue"],"picked":"Mark of Pain"}],"items_purged_floors":[20,22],"is_endless":false,"potions_floor_spawned":[1,8,13,14,19,21,28,29,31],"killed_by":"Collector","ascension_level":2}