{"gold_per_floor":[361,375,10,21,21,40,40,55,81,81,81,106,121,135,135,234,234,250,250,271,291,315,315],"floor_reached":23,"playtime":1222,"items_purged":[],"score":417,"play_id":"c53f8c63-a5fc-4715-ad29-0715223c687f","local_time":"20190306152814","is_ascension_mode":true,"campfire_choices":[{"data":"Armaments","floor":7.0,"key":"SMITH"},{"data":"Demon Form","floor":15.0,"key":"SMITH"}],"neow_cost":"TEN_PERCENT_HP_LOSS","seed_source_timestamp":187736876409053,"circlet_count":0,"master_deck":["AscendersBane","Strike_R","Strike_R","Defend_R","Defend_R","Defend_R","Defend_R","Bash","Body Slam","Metallicize","Metallicize","True Grit","Shrug It Off","Armaments+1","Injury","Battle Trance","Spot Weakness","True Grit","Limit Break","Disarm","Demon Form+1","Impervious","Infernal Blade+1","Clothesline+1","Dark Embrace+1","Metallicize","Heavy Blade","Armaments","Cleave+1"],"special_seed":0,"relics":["Burning Blood","Oddly Smooth Stone","Golden Idol","Bag of Preparation","Astrolabe"],"potions_floor_usage":[23],"damage_taken":[{"damage":9.0,"enemies":"Small Slimes","floor":1.0,"turns":4.0},{"damage":3.0,"enemies":"2 Louse","floor":2.0,"turns":4.0},{"damage":5.0,"enemies":"Cultist","floor":4.0,"turns":6.0},{"damage":4.0,"enemies":"Large Slime","floor":6.0,"turns":13.0},{"damage":6.0,"enemies":"Lots of Slimes","floor":8.0,"turns":6.0},{"damage":3.0,"enemies":"Looter","floor":12.0,"turns":4.0},{"damage":0.0,"enemies":"3 Louse","floor":13.0,"turns":4.0},{"damage":9.0,"enemies":"Large Slime","floor":14.0,"turns":9.0},{"damage":35.0,"enemies":"Slime Boss","floor":16.0,"turns":9.0},{"damage":20.0,"enemies":"Shell Parasite","floor":18.0,"turns":8.0},{"damage":9.0,"enemies":"Chosen","floor":20.0,"turns":4.0},{"damage":20.0,"enemies":"Snecko","floor":21.0,"turns":6.0},{"damage":12.0,"enemies":"Snake Plant","floor":22.0,"turns":7.0},{"damage":23,"enemies":"Slavers","floor":23,"turns":2}],"seed_played":"2741087791326518448","potions_obtained":[{"floor":1.0,"key":"SteroidPotion"},{"floor":6.0,"key":"PowerPotion"},{"floor":14.0,"key":"EssenceOfSteel"},{"floor":18.0,"key":"SpeedPotion"}],"is_trial":false,"path_per_floor":["M","M","$","M","?","M","R","M","T","?","?","M","M","M","R","B",null,"M","?","M","M","M","E"],"character_chosen":"IRONCLAD","items_purchased":["Oddly Smooth Stone","Metallicize","True Grit","Shrug It Off"],"campfire_rested":0,"item_purchase_floors":[3,3,3,3],"current_hp_per_floor":[65,68,68,68,68,68,68,68,68,73,73,73,73,70,70,41,65,51,44,41,27,21,0],"gold":315,"neow_bonus":"TWO_FIFTY_GOLD","is_prod":false,"is_daily":false,"chose_seed":false,"campfire_upgraded":2,"win_rate":0,"timestamp":1551904094,"path_taken":["M","M","$","M","?","M","R","M","T","?","?","?","M","M","R","BOSS","M","?","M","?","M","E"],"build_version":"2019-02-06","purchased_purges":0,"victory":false,"max_hp_per_floor":[68,68,68,68,68,68,68,68,68,73,73,73,73,73,73,73,73,73,73,73,73,73,73],"card_choices":[{"not_picked":["Anger","Havoc"],"picked":"Body Slam","floor":1.0},{"not_picked":["Pommel Strike","Disarm"],"picked":"Metallicize","floor":2.0},{"not_picked":["Twin Strike","Cleave"],"picked":"Armaments","floor":4.0},{"not_picked":["Wild Strike","Clash"],"picked":"Battle Trance","floor":6.0},{"not_picked":["Clothesline","Anger"],"picked":"Spot Weakness","floor":8.0},{"not_picked":["Pommel Strike","Armaments"],"picked":"Disarm","floor":12.0},{"not_picked":["Clothesline","Uppercut"],"picked":"Demon Form","floor":13.0},{"not_picked":["Havoc","Sword Boomerang","Thunderclap"],"picked":"SKIP","floor":14.0},{"not_picked":["Exhume","Juggernaut"],"picked":"Impervious","floor":16.0},{"not_picked":["Anger","Carnage"],"picked":"Metallicize","floor":18.0},{"not_picked":["Combust","Perfected Strike"],"picked":"Heavy Blade","floor":20.0},{"not_picked":["Uppercut","Twin Strike"],"picked":"Armaments","floor":21.0},{"not_picked":["Headbutt","Sword Boomerang","Cleave+1"],"picked":"SKIP","floor":22.0},{"not_picked":["Headbutt","Sword Boomerang"],"picked":"Cleave+1","floor":22.0}],"player_experience":1034717,"relics_obtained":[{"floor":9.0,"key":"Bag of Preparation"}],"event_choices":[{"damage_healed":0.0,"max_hp_gain":0.0,"max_hp_loss":0.0,"gold_gain":0.0,"event_name":"Golden Idol","player_choice":"Take Wound","floor":5.0,"gold_loss":0.0,"damage_taken":0.0,"relics_obtained":["Golden Idol"],"cards_obtained":["Injury"]},{"damage_healed":0.0,"max_hp_gain":5.0,"max_hp_loss":0.0,"gold_gain":0.0,"event_name":"Big Fish","player_choice":"Donut","floor":10.0,"gold_loss":0.0,"damage_taken":0.0},{"damage_healed":0.0,"max_hp_gain":0.0,"max_hp_loss":0.0,"gold_gain":0.0,"event_name":"Match and Keep!","player_choice":"2 cards matched","floor":11.0,"gold_loss":0.0,"damage_taken":0.0,"cards_obtained":["True Grit","Limit Break"]},{"damage_healed":0.0,"max_hp_gain":0.0,"max_hp_loss":0.0,"gold_gain":0.0,"event_name":"Knowing Skull","player_choice":"","floor":19.0,"potions_obtained":[],"gold_loss":0.0,"damage_taken":7.0,"cards_obtained":[]}],"is_beta":true,"boss_relics":[{"not_picked":["Busted Crown","Orrery"],"picked":"Astrolabe"}],"items_purged_floors":[],"is_endless":false,"potions_floor_spawned":[1,6,12,14,18],"killed_by":"Slavers","ascension_level":19}