{"gold_per_floor":[114,126,201,201,215,215,234,234,234,261,281,315,330,346,346,445,445,432,432,8,22,22,22,32,60,60,60],"floor_reached":27,"playtime":3091,"items_purged":[],"score":295,"play_id":"26baca59-7ee7-48dc-8f0b-aac276b00e10","local_time":"20190626221405","is_ascension_mode":false,"campfire_choices":[{"data":"Distraction","floor":6,"key":"SMITH"},{"data":"Tools of the Trade","floor":8,"key":"SMITH"},{"data":"Cloak And Dagger","floor":15,"key":"SMITH"},{"data":"Blade Dance","floor":23,"key":"SMITH"}],"neow_cost":"NONE","seed_source_timestamp":415511237105022,"circlet_count":0,"master_deck":["Defend_G","Defend_G","Defend_G","Defend_G","Defend_G","Survivor","Neutralize","Masterful Stab","Distraction+1","Accuracy","Tools of the Trade+1","Dagger Spray+1","Catalyst","Dodge and Roll","Accuracy","Cloak And Dagger+1","Doppelganger","Crippling Poison","Blade Dance+1","Accuracy","Poisoned Stab","Poisoned Stab+1","Bite","Bite","Bite","Bite+1","Bite","Dodge and Roll","Backstab"],"relics":["Coffee Dripper","The Courier","Paper Crane","Meat on the Bone","Lizard Tail","Enchiridion","Membership Card","Pantograph","Mummified Hand","Whetstone","Kunai"],"potions_floor_usage":[10,12,12,14,16,16,21],"damage_taken":[{"damage":6,"enemies":"Jaw Worm","floor":1,"turns":6},{"damage":0,"enemies":"2 Louse","floor":2,"turns":3},{"damage":0,"enemies":"Cultist","floor":5,"turns":4},{"damage":0,"enemies":"Looter","floor":7,"turns":4},{"damage":13,"enemies":"3 Sentries","floor":10,"turns":3},{"damage":2,"enemies":"2 Fungi Beasts","floor":11,"turns":2},{"damage":0,"enemies":"Lagavulin","floor":12,"turns":5},{"damage":11,"enemies":"Exordium Wildlife","floor":13,"turns":5},{"damage":0,"enemies":"Red Slaver","floor":14,"turns":1},{"damage":10,"enemies":"The Guardian","floor":16,"turns":17},{"damage":30,"enemies":"2 Thieves","floor":18,"turns":4},{"damage":1,"enemies":"Spheric Guardian","floor":21,"turns":3},{"damage":35,"enemies":"Snake Plant","floor":24,"turns":5},{"damage":47,"enemies":"Book of Stabbing","floor":25,"turns":7},{"damage":26,"enemies":"Gremlin Leader","floor":27,"turns":1}],"seed_played":"8728054641482333969","potions_obtained":[{"floor":1,"key":"SkillPotion"},{"floor":4,"key":"Ancient Potion"},{"floor":4,"key":"Explosive Potion"},{"floor":10,"key":"FearPotion"},{"floor":11,"key":"PowerPotion"},{"floor":12,"key":"Ancient Potion"},{"floor":13,"key":"Fire Potion"},{"floor":18,"key":"Explosive Potion"},{"floor":24,"key":"SpeedPotion"},{"floor":25,"key":"Strength Potion"}],"is_trial":false,"path_per_floor":["M","M","?","?","M","R","M","R","T","E","M","E","M","M","R","B",null,"M","?","$","M","?","R","M","E","T","E"],"character_chosen":"THE_SILENT","items_purchased":["Membership Card","Pantograph","Blade Dance","Accuracy","Mummified Hand","Poisoned Stab"],"campfire_rested":0,"item_purchase_floors":[20,20,20,20,20,20],"current_hp_per_floor":[64,64,53,53,53,53,53,53,53,40,38,38,39,39,39,41,70,40,24,24,35,35,35,24,26,26,0],"gold":60,"neow_bonus":"BOSS_RELIC","is_prod":false,"is_daily":false,"chose_seed":false,"campfire_upgraded":4,"win_rate":0,"timestamp":1561605245,"path_taken":["M","M","?","?","M","R","?","R","T","E","M","E","M","M","R","BOSS","M","?","$","M","?","R","M","E","T","E"],"build_version":"2019-01-23","purchased_purges":0,"victory":false,"max_hp_per_floor":[70,70,70,70,70,70,70,70,70,70,70,70,70,70,70,70,70,70,70,70,70,49,49,49,49,49,49],"card_choices":[{"not_picked":["Expertise","PiercingWail"],"picked":"Masterful Stab","floor":1},{"not_picked":["Poisoned Stab","Prepared"],"picked":"Distraction","floor":2},{"not_picked":["Flying Knee","Quick Slash"],"picked":"Accuracy","floor":5},{"not_picked":["Dagger Spray","Masterful Stab"],"picked":"Tools of the Trade","floor":7},{"not_picked":["Malaise","Flying Knee"],"picked":"Dagger Spray","floor":10},{"not_picked":["Backflip","Slice"],"picked":"Catalyst","floor":11},{"not_picked":["Sucker Punch","Expertise"],"picked":"Dodge and Roll","floor":12},{"not_picked":["Riddle With Holes","Eviscerate"],"picked":"Accuracy","floor":13},{"not_picked":["Blur","Terror"],"picked":"Cloak And Dagger","floor":14},{"not_picked":["Adrenaline","Night Terror"],"picked":"Doppelganger","floor":16},{"not_picked":["Calculated Gamble","Choke"],"picked":"Crippling Poison","floor":18},{"not_picked":["Deflect","Sucker Punch"],"picked":"Poisoned Stab+1","floor":21},{"not_picked":["Acrobatics","Underhanded Strike"],"picked":"Dodge and Roll","floor":24},{"not_picked":["Die Die Die","Outmaneuver"],"picked":"Backstab","floor":25}],"player_experience":103177,"relics_obtained":[{"floor":9,"key":"The Courier"},{"floor":10,"key":"Paper Crane"},{"floor":12,"key":"Meat on the Bone"},{"floor":19,"key":"Enchiridion"},{"floor":25,"key":"Whetstone"},{"floor":26,"key":"Kunai"}],"event_choices":[{"damage_healed":0,"gold_gain":75,"player_choice":"Gather Gold","damage_taken":11,"max_hp_gain":0,"max_hp_loss":0,"event_name":"World of Goop","floor":3,"gold_loss":0},{"damage_healed":0,"gold_gain":0,"player_choice":"Got Potions","damage_taken":0,"max_hp_gain":0,"max_hp_loss":0,"event_name":"Lab","floor":4,"gold_loss":0},{"damage_healed":0,"gold_gain":0,"player_choice":"Obtained Book","damage_taken":16,"max_hp_gain":0,"max_hp_loss":0,"event_name":"Cursed Tome","floor":19,"gold_loss":0},{"damage_healed":0,"gold_gain":0,"player_choice":"Became a vampire","damage_taken":0,"max_hp_gain":0,"max_hp_loss":21,"event_name":"Vampires","floor":22,"gold_loss":0,"cards_obtained":["Bite","Bite","Bite","Bite","Bite"]}],"is_beta":false,"boss_relics":[{"not_picked":["Cursed Key","Tiny House"],"picked":"Lizard Tail"}],"items_purged_floors":[],"is_endless":false,"potions_floor_spawned":[1,10,11,12,13,18,24,25],"killed_by":"Gremlin Leader","ascension_level":0}