{"path_per_floor":["M","$","?","M","M","R","E","R","T","?","M","M","$","M","R","B",null,"M","M","$","?","$","R","M","?","T","M","R","M","R","?","R","B",null,"M","?","M","?","$","R","E","M","T","M","R","?","M","M","R","B"],"character_chosen":"IRONCLAD","items_purchased":["Metallicize","Shrug It Off","Blood Vial","Omamori"],"gold_per_floor":[111,75,75,89,100,100,128,128,128,128,143,157,133,144,144,242,242,256,181,33,33,33,33,51,51,76,92,92,109,109,109,109,206,206,219,219,229,229,4,4,29,39,39,52,52,52,69,85,85,85],"floor_reached":51,"campfire_rested":2,"playtime":4527,"current_hp_per_floor":[80,80,80,80,80,80,69,69,69,69,75,80,80,80,80,58,80,66,66,66,66,66,66,50,50,50,58,58,14,14,14,38,39,80,60,60,61,80,80,80,73,50,50,48,48,48,32,28,52,54],"items_purged":["Writhe"],"gold":85,"score":685,"play_id":"a43690c1-e1df-4399-bc77-4e2f2559fb7c","local_time":"20180507204709","is_prod":false,"is_daily":false,"chose_seed":false,"is_ascension_mode":true,"campfire_upgraded":8,"timestamp":1525740429,"path_taken":["M","$","?","M","?","R","E","R","T","?","?","M","$","M","R","BOSS","M","M","?","?","$","R","M","?","T","M","R","?","R","?","R","BOSS","M","?","?","?","$","R","E","M","T","M","R","?","M","?","R","BOSS"],"build_version":"2018-05-03","seed_source_timestamp":343273149299078,"purchased_purges":3,"victory":true,"master_deck":["Defend_R","Defend_R","Defend_R","Defend_R","Bash","Flame Barrier+1","Metallicize+1","Disarm","Flex","Metallicize+1","Pommel Strike","Shrug It Off","Demon Form+1","Barricade+1","Sentinel+1","Carnage+1","Fiend Fire+1","Fire Breathing+1","Battle Trance+1","Armaments","Heavy Blade+1","Spot Weakness","Ghostly Armor","Entrench+1","Panache"],"max_hp_per_floor":[80,80,80,80,80,80,80,80,80,80,80,80,80,80,80,80,80,80,80,80,80,80,80,80,80,80,80,80,80,80,80,80,80,80,80,80,80,80,80,80,80,80,80,80,80,80,80,80,80,80],"relics":["Burning Blood","Pantograph","Astrolabe","Blood Vial","Art of War","Nloth\u0027s Gift","Runic Cube","Omamori","Du-Vu Doll","Lantern"],"card_choices":[{"not_picked":["Anger","Pommel Strike"],"picked":"Flame Barrier","floor":1},{"not_picked":["Twin Strike","Shrug It Off"],"picked":"Disarm","floor":4},{"not_picked":["Wild Strike","Thunderclap"],"picked":"Flex","floor":5},{"not_picked":["Clothesline","Twin Strike"],"picked":"Metallicize","floor":7},{"not_picked":["Warcry","Wild Strike"],"picked":"Pommel Strike","floor":12},{"not_picked":["True Grit","Heavy Blade"],"picked":"Demon Form","floor":14},{"not_picked":["Bludgeon","Double Tap"],"picked":"Barricade","floor":16},{"not_picked":["Second Wind","Clash"],"picked":"Fire Breathing","floor":18},{"not_picked":["Pommel Strike","Warcry"],"picked":"Battle Trance","floor":19},{"not_picked":["Inflame","Warcry"],"picked":"Armaments","floor":24},{"not_picked":["True Grit","Flex"],"picked":"Spot Weakness","floor":29},{"not_picked":["Flex","Dropkick"],"picked":"Ghostly Armor","floor":42},{"not_picked":["Iron Wave","Second Wind"],"picked":"Entrench","floor":44},{"not_picked":["Trip","Dark Shackles"],"picked":"Panache","floor":46}],"player_experience":195832,"potions_floor_usage":[16,16,19,29,29,50,50,50],"damage_taken":[{"damage":4,"enemies":"2 Louse","floor":1,"turns":3},{"damage":0,"enemies":"Cultist","floor":4,"turns":4},{"damage":3,"enemies":"Jaw Worm","floor":5,"turns":5},{"damage":17,"enemies":"Lagavulin","floor":7,"turns":10},{"damage":0,"enemies":"3 Louse","floor":11,"turns":3},{"damage":0,"enemies":"Exordium Thugs","floor":12,"turns":8},{"damage":1,"enemies":"Red Slaver","floor":14,"turns":6},{"damage":28,"enemies":"Hexaghost","floor":16,"turns":10},{"damage":20,"enemies":"Chosen","floor":18,"turns":7},{"damage":6,"enemies":"2 Thieves","floor":19,"turns":5},{"damage":24,"enemies":"Centurion and Healer","floor":24,"turns":14},{"damage":0,"enemies":"Snecko","floor":27,"turns":4},{"damage":52,"enemies":"Chosen and Byrds","floor":29,"turns":8},{"damage":32,"enemies":"Automaton","floor":33,"turns":13},{"damage":26,"enemies":"3 Shapes","floor":35,"turns":8},{"damage":7,"enemies":"Orb Walker","floor":37,"turns":5},{"damage":13,"enemies":"Nemesis","floor":41,"turns":9},{"damage":31,"enemies":"Sphere and 2 Shapes","floor":42,"turns":8},{"damage":10,"enemies":"Maw","floor":44,"turns":13},{"damage":24,"enemies":"3 Darklings","floor":47,"turns":12},{"damage":12,"enemies":"Sphere and 2 Shapes","floor":48,"turns":10},{"damage":31,"enemies":"Time Eater","floor":50,"turns":14}],"event_choices":[{"event_name":"The Cleric","player_choice":"Leave","floor":3,"damage_taken":0},{"event_name":"Living Wall","player_choice":"Forget","floor":10,"damage_taken":0},{"event_name":"Back to Basics","player_choice":"Elegance","floor":21,"damage_taken":0},{"event_name":"The Library","player_choice":"Read","floor":25,"damage_taken":0},{"event_name":"N\u0027loth","player_choice":"Traded a Blue Candle","floor":31,"damage_taken":0},{"event_name":"Tomb of Lord Red Mask","player_choice":"Ignored","floor":36,"damage_taken":0},{"event_name":"Winding Halls","player_choice":"Writhe","floor":38,"damage_taken":0},{"event_name":"SensoryStone","player_choice":"Memory 1","floor":46,"damage_taken":0}],"boss_relics":[{"not_picked":["Lizard Tail","Mark of Pain"],"picked":"Astrolabe"},{"not_picked":["Black Star","Runic Pyramid"],"picked":"Runic Cube"}],"potions_floor_spawned":[4,11,24,27,33,35,41,47],"seed_played":"7776934620865390405","ascension_level":1,"is_trial":false}