{"gold_per_floor":[116,136,154,154,171,171,183,183,183,193,193,193,209,225,225,302,302,316,326,24,38,38,38,48,48,48,67,67,67,78,78,78,152,152,163,163,182,197,157,157,157],"floor_reached":41,"playtime":1787,"items_purged":[],"score":928,"play_id":"3f992bb7-eefe-43e7-b8de-2ef43be92781","local_time":"20190430160832","is_ascension_mode":true,"campfire_choices":[{"data":"Recycle","floor":6.0,"key":"SMITH"},{"data":"Darkness","floor":8.0,"key":"SMITH"},{"data":"Conserve Battery","floor":12.0,"key":"SMITH"},{"data":"Loop","floor":15.0,"key":"SMITH"},{"floor":23.0,"key":"REST"},{"floor":25.0,"key":"REST"},{"floor":28.0,"key":"REST"},{"floor":32.0,"key":"REST"},{"floor":40,"key":"REST"}],"neow_cost":"NONE","seed_source_timestamp":590412153991939,"circlet_count":0,"master_deck":["AscendersBane","Strike_B","Defend_B","Defend_B","Defend_B","Defend_B","Zap","Dualcast","Darkness+1","Recycle+1","Defragment+1","Compile Driver","Conserve Battery+1","Loop+1","White Noise","Biased Cognition","Hologram+1","Tempest+1","Beam Cell+1","Stack","Stack","White Noise","Coolheaded","Go for the Eyes","Conserve Battery","Leap+1","Shame","Doom and Gloom","Echo Form","Doom and Gloom","Chill+1","FTL","Loop"],"special_seed":0,"relics":["FrozenCore","Centennial Puzzle","Pear","Symbiotic Virus","Astrolabe","Regal Pillow","MutagenicStrength","The Courier","Enchiridion","Dream Catcher"],"potions_floor_usage":[38,41,41],"damage_taken":[{"damage":2.0,"enemies":"2 Louse","floor":1.0,"turns":2.0},{"damage":1.0,"enemies":"Cultist","floor":2.0,"turns":3.0},{"damage":9.0,"enemies":"Jaw Worm","floor":3.0,"turns":4.0},{"damage":9.0,"enemies":"Exordium Wildlife","floor":5.0,"turns":4.0},{"damage":6.0,"enemies":"Looter","floor":7.0,"turns":4.0},{"damage":0.0,"enemies":"2 Fungi Beasts","floor":10.0,"turns":2.0},{"damage":3.0,"enemies":"Blue Slaver","floor":13.0,"turns":3.0},{"damage":0.0,"enemies":"Large Slime","floor":14.0,"turns":3.0},{"damage":24.0,"enemies":"Hexaghost","floor":16.0,"turns":6.0},{"damage":23.0,"enemies":"2 Thieves","floor":18.0,"turns":3.0},{"damage":16.0,"enemies":"Shell Parasite","floor":19.0,"turns":2.0},{"damage":29.0,"enemies":"Shelled Parasite and Fungi","floor":21.0,"turns":3.0},{"damage":38.0,"enemies":"3 Cultists","floor":24.0,"turns":5.0},{"damage":9.0,"enemies":"Snake Plant","floor":27.0,"turns":3.0},{"damage":16.0,"enemies":"Centurion and Healer","floor":30.0,"turns":5.0},{"damage":0.0,"enemies":"Champ","floor":33.0,"turns":10.0},{"damage":10.0,"enemies":"Orb Walker","floor":35.0,"turns":3.0},{"damage":36.0,"enemies":"3 Darklings","floor":37.0,"turns":4.0},{"damage":25,"enemies":"Transient","floor":38,"turns":6},{"damage":46,"enemies":"Jaw Worm Horde","floor":41,"turns":4}],"seed_played":"6445357926328523299","potions_obtained":[{"floor":1.0,"key":"Explosive Potion"},{"floor":7.0,"key":"PowerPotion"},{"floor":10.0,"key":"Swift Potion"},{"floor":13.0,"key":"Regen Potion"},{"floor":18.0,"key":"Ancient Potion"},{"floor":21.0,"key":"Energy Potion"},{"floor":35.0,"key":"EssenceOfSteel"},{"floor":39,"key":"Strength Potion"},{"floor":39,"key":"Energy Potion"}],"is_trial":false,"path_per_floor":["M","M","M","?","M","R","M","R","T","M","?","R","M","M","R","B",null,"M","M","$","M","?","R","M","R","T","M","R","?","M","?","R","B",null,"M","?","M","M","?","R","M"],"character_chosen":"DEFECT","items_purchased":["Regal Pillow","White Noise","Block Potion"],"campfire_rested":5,"item_purchase_floors":[20,20,20],"current_hp_per_floor":[62,61,52,52,43,43,37,37,47,47,47,47,44,44,44,35,70,47,31,31,2,2,41,3,42,42,33,72,51,35,35,74,74,79,69,69,33,8,8,46,0],"gold":157,"neow_bonus":"RANDOM_COMMON_RELIC","is_prod":false,"is_daily":false,"chose_seed":false,"campfire_upgraded":4,"win_rate":0,"timestamp":1556654912,"path_taken":["M","M","M","?","M","R","M","R","T","?","?","R","M","M","R","BOSS","M","M","$","M","?","R","M","R","T","M","R","?","M","?","R","BOSS","M","?","M","M","?","R","M"],"build_version":"2019-04-23","purchased_purges":0,"victory":false,"max_hp_per_floor":[71,71,71,71,71,71,71,71,81,81,81,81,81,81,81,81,81,81,81,81,81,81,81,81,81,81,81,81,81,81,81,81,81,81,81,77,77,77,77,77,77],"card_choices":[{"not_picked":["Gash","Turbo"],"picked":"Darkness","floor":1.0},{"not_picked":["Turbo","Ball Lightning"],"picked":"Recycle","floor":2.0},{"not_picked":["BootSequence","Conserve Battery"],"picked":"Defragment","floor":3.0},{"not_picked":["Rebound","Aggregate","Scrape"],"picked":"SKIP","floor":5.0},{"not_picked":["Barrage","Recycle"],"picked":"Compile Driver","floor":7.0},{"not_picked":["Recycle","Turbo"],"picked":"Conserve Battery","floor":10.0},{"not_picked":["Go for the Eyes","Coolheaded"],"picked":"Loop","floor":13.0},{"not_picked":["Redo","Fusion"],"picked":"White Noise","floor":14.0},{"not_picked":["Meteor Strike","Thunder Strike"],"picked":"Biased Cognition","floor":16.0},{"not_picked":["Compile Driver","Streamline"],"picked":"Stack","floor":18.0},{"not_picked":["Barrage","Hologram"],"picked":"Stack","floor":19.0},{"not_picked":["Skim","Barrage"],"picked":"Coolheaded","floor":21.0},{"not_picked":["Turbo","Recycle"],"picked":"Go for the Eyes","floor":24.0},{"not_picked":["Rebound","Gash"],"picked":"Conserve Battery","floor":27.0},{"not_picked":["Self Repair","Stack"],"picked":"Leap+1","floor":30.0},{"not_picked":["Auto Shields","Gash"],"picked":"Doom and Gloom","floor":32.0},{"not_picked":["Electrodynamics","Biased Cognition"],"picked":"Echo Form","floor":33.0},{"not_picked":["Scrape","Conserve Battery"],"picked":"Doom and Gloom","floor":35.0},{"not_picked":["Leap+1","Blizzard"],"picked":"Chill+1","floor":37.0},{"not_picked":["Compile Driver","Beam Cell"],"picked":"FTL","floor":38},{"not_picked":["Streamline","Go for the Eyes"],"picked":"Loop","floor":40}],"player_experience":1072882,"relics_obtained":[{"floor":9.0,"key":"Pear"},{"floor":26.0,"key":"The Courier"},{"floor":29.0,"key":"Enchiridion"}],"event_choices":[{"damage_healed":0.0,"max_hp_gain":0.0,"max_hp_loss":0.0,"gold_gain":0.0,"event_name":"Accursed Blacksmith","player_choice":"Forge","floor":4.0,"gold_loss":0.0,"damage_taken":0.0,"cards_upgraded":["Defragment"]},{"damage_healed":0.0,"max_hp_gain":0.0,"max_hp_loss":0.0,"gold_gain":0.0,"event_name":"Dead Adventurer","player_choice":"Searched \u00271\u0027 times","floor":11.0,"gold_loss":0.0,"damage_taken":0.0,"relics_obtained":["Symbiotic Virus"]},{"damage_healed":0.0,"max_hp_gain":0.0,"max_hp_loss":0.0,"gold_gain":0.0,"event_name":"Drug Dealer","player_choice":"Inject Mutagens","floor":22.0,"gold_loss":0.0,"damage_taken":0.0,"relics_obtained":["MutagenicStrength"]},{"damage_healed":0.0,"max_hp_gain":0.0,"max_hp_loss":0.0,"gold_gain":0.0,"event_name":"Cursed Tome","player_choice":"Obtained Book","floor":29.0,"gold_loss":0.0,"damage_taken":21.0},{"damage_healed":0.0,"max_hp_gain":0.0,"max_hp_loss":0.0,"gold_gain":0.0,"event_name":"Addict","player_choice":"Stole Relic","floor":31.0,"gold_loss":0.0,"damage_taken":0.0,"relics_obtained":["Dream Catcher"],"cards_obtained":["Shame"]},{"damage_healed":0.0,"max_hp_gain":0.0,"max_hp_loss":4.0,"gold_gain":0.0,"event_name":"Winding Halls","player_choice":"Max HP","floor":36.0,"gold_loss":0.0,"damage_taken":0.0},{"damage_healed":0,"gold_gain":0,"player_choice":"Bought 3 Potions","damage_taken":0,"max_hp_gain":0,"max_hp_loss":0,"event_name":"The Woman in Blue","floor":39,"gold_loss":0}],"is_beta":true,"boss_relics":[{"not_picked":["Snecko Eye","Fusion Hammer"],"picked":"Astrolabe"},{"not_picked":["Nuclear Battery","Empty Cage"],"picked":"FrozenCore"}],"items_purged_floors":[],"is_endless":false,"potions_floor_spawned":[1,7,10,13,18,21,35],"killed_by":"Jaw Worm Horde","ascension_level":20}