{"gold_per_floor":[115,115,115,132,0,0,29,41,64,83,83,93,93,106,106,184,184,196,196,108,108,108,128,128,147,217,230,230],"floor_reached":28,"playtime":2147,"items_purged":[],"score":465,"play_id":"8360bc7b-a5b8-4e84-a12a-40813095107e","local_time":"20190213140332","is_ascension_mode":true,"campfire_choices":[{"data":"Footwork","floor":11.0,"key":"SMITH"},{"data":"Footwork","floor":13.0,"key":"SMITH"},{"data":"Neutralize","floor":15.0,"key":"SMITH"},{"floor":24.0,"key":"REST"}],"neow_cost":"NONE","seed_source_timestamp":1295285811734507,"circlet_count":0,"master_deck":["AscendersBane","Defend_G","Defend_G+1","Defend_G","Defend_G","Defend_G","Strike_G","Strike_G","Strike_G","Strike_G","Strike_G","Survivor","Neutralize+1","Footwork+1","Bouncing Flask+1","Footwork+1","Dodge and Roll","PiercingWail","Dodge and Roll","Crippling Poison","After Image","Blur","Blur","Deflect","Dodge and Roll","Prepared"],"special_seed":0,"relics":["Ring of the Snake","NeowsBlessing","Strawberry","Spirit Poop","Oddly Smooth Stone","Ancient Tea Set","White Beast Statue","Dodecahedron","Bottled Tornado"],"potions_floor_usage":[28],"damage_taken":[{"damage":0.0,"enemies":"2 Louse","floor":1.0,"turns":1.0},{"damage":0.0,"enemies":"Cultist","floor":4.0,"turns":1.0},{"damage":0.0,"enemies":"3 Sentries","floor":7.0,"turns":1.0},{"damage":0.0,"enemies":"Jaw Worm","floor":8.0,"turns":7.0},{"damage":1.0,"enemies":"Exordium Wildlife","floor":10.0,"turns":8.0},{"damage":2.0,"enemies":"Lots of Slimes","floor":12.0,"turns":7.0},{"damage":0.0,"enemies":"Large Slime","floor":14.0,"turns":9.0},{"damage":19.0,"enemies":"Hexaghost","floor":16.0,"turns":12.0},{"damage":7.0,"enemies":"3 Byrds","floor":18.0,"turns":6.0},{"damage":0.0,"enemies":"Shell Parasite","floor":23.0,"turns":13.0},{"damage":1.0,"enemies":"Centurion and Healer","floor":25.0,"turns":20.0},{"damage":70.0,"enemies":"3 Cultists","floor":27.0,"turns":9.0},{"damage":24,"enemies":"Cultist and Chosen","floor":28,"turns":3}],"seed_played":"6034487042913315991","potions_obtained":[{"floor":1.0,"key":"PowerPotion"},{"floor":4.0,"key":"AttackPotion"},{"floor":10.0,"key":"Weak Potion"},{"floor":18.0,"key":"FearPotion"},{"floor":23.0,"key":"Swift Potion"},{"floor":25.0,"key":"LiquidBronze"},{"floor":27.0,"key":"Explosive Potion"}],"is_trial":false,"path_per_floor":["M","?","?","M","$","?","E","M","T","M","R","M","R","M","R","B",null,"M","?","$","?","?","M","R","M","T","M","M"],"character_chosen":"THE_SILENT","items_purchased":["Footwork","Dodge and Roll","Blur"],"campfire_rested":1,"item_purchase_floors":[5,5,20],"current_hp_per_floor":[59,66,66,66,66,44,44,44,44,43,43,41,41,41,41,22,60,53,53,53,53,53,53,73,72,72,2,0],"gold":230,"neow_bonus":"THREE_ENEMY_KILL","is_prod":false,"is_daily":false,"chose_seed":false,"campfire_upgraded":3,"win_rate":0,"timestamp":1550084612,"path_taken":["M","?","?","?","?","?","E","M","T","?","R","?","R","M","R","BOSS","M","?","$","?","?","?","R","M","T","M","?"],"build_version":"2019-02-06","purchased_purges":0,"victory":false,"max_hp_per_floor":[66,73,73,73,73,73,73,73,73,73,73,73,73,73,73,73,73,73,73,73,73,73,73,73,73,73,73,73],"card_choices":[{"not_picked":["Backflip","Well Laid Plans"],"picked":"Footwork","floor":1.0},{"not_picked":["Acrobatics","Dagger Throw"],"picked":"Bouncing Flask","floor":4.0},{"not_picked":["Reflex","Expertise"],"picked":"PiercingWail","floor":7.0},{"not_picked":["Bane","Infinite Blades"],"picked":"Dodge and Roll","floor":8.0},{"not_picked":["Concentrate","Slice","Blade Dance"],"picked":"SKIP","floor":10.0},{"not_picked":["Eviscerate","Acrobatics"],"picked":"Crippling Poison","floor":12.0},{"not_picked":["Outmaneuver","Underhanded Strike","Setup"],"picked":"SKIP","floor":14.0},{"not_picked":["Wraith Form v2","Doppelganger"],"picked":"After Image","floor":16.0},{"not_picked":["Flying Knee+1","Slice","Dagger Throw"],"picked":"SKIP","floor":18.0},{"not_picked":["PiercingWail","Blade Dance"],"picked":"Deflect","floor":23.0},{"not_picked":["PiercingWail","Blade Dance"],"picked":"Dodge and Roll","floor":25.0},{"not_picked":["Outmaneuver","Poisoned Stab"],"picked":"Prepared","floor":27.0}],"player_experience":946409,"relics_obtained":[{"floor":7.0,"key":"Oddly Smooth Stone"},{"floor":9.0,"key":"Ancient Tea Set"},{"floor":26.0,"key":"Bottled Tornado"}],"event_choices":[{"damage_healed":0.0,"max_hp_gain":0.0,"max_hp_loss":0.0,"gold_gain":0.0,"event_name":"Big Fish","player_choice":"Box","floor":2.0,"gold_loss":0.0,"damage_taken":0.0,"relics_obtained":["Strawberry"],"cards_obtained":["Regret"]},{"cards_removed":["Regret"],"damage_healed":0.0,"max_hp_gain":0.0,"max_hp_loss":0.0,"gold_gain":0.0,"event_name":"Bonfire Elementals","player_choice":"Offered Curse","floor":3.0,"gold_loss":0.0,"damage_taken":0.0,"relics_obtained":["Spirit Poop"]},{"damage_healed":0.0,"max_hp_gain":0.0,"max_hp_loss":0.0,"gold_gain":0.0,"event_name":"Shining Light","player_choice":"Entered Light","floor":6.0,"gold_loss":0.0,"damage_taken":22.0,"cards_upgraded":["Defend_G","Bouncing Flask"]},{"damage_healed":0.0,"max_hp_gain":0.0,"max_hp_loss":0.0,"gold_gain":0.0,"event_name":"Ghosts","player_choice":"Ignored","floor":19.0,"gold_loss":0.0,"damage_taken":0.0},{"damage_healed":0.0,"max_hp_gain":0.0,"max_hp_loss":0.0,"gold_gain":0.0,"event_name":"The Library","player_choice":"Read","floor":21.0,"gold_loss":0.0,"damage_taken":0.0,"cards_obtained":["Blur"]},{"damage_healed":0.0,"max_hp_gain":0.0,"max_hp_loss":0.0,"gold_gain":0.0,"event_name":"WeMeetAgain","player_choice":"Gave Potion","floor":22.0,"gold_loss":0.0,"damage_taken":0.0,"relics_obtained":["Dodecahedron"]}],"is_beta":true,"boss_relics":[{"not_picked":["Busted Crown","HoveringKite"],"picked":"White Beast Statue"}],"items_purged_floors":[],"is_endless":false,"potions_floor_spawned":[1,4,10,14,16,18,23,25,27],"killed_by":"Cultist and Chosen","ascension_level":18}