{"gold_per_floor":[115,115,140,156,156,156,156,156,238,238,188,35,62,75,75,196,196,216,216,315,335,350,350,375,389,412,412,412],"floor_reached":28,"playtime":1315,"items_purged":["Defend_G"],"score":218,"play_id":"08946a1d-d48f-4e65-8714-6e06fb3d669a","local_time":"20190704202944","is_ascension_mode":true,"campfire_choices":[{"data":"Glass Knife","floor":6,"key":"SMITH"},{"data":"Survivor","floor":8,"key":"SMITH"},{"data":"Masterful Stab","floor":15,"key":"SMITH"},{"data":"A Thousand Cuts","floor":23,"key":"SMITH"},{"data":"Blur","floor":27,"key":"SMITH"}],"neow_cost":"NONE","seed_source_timestamp":1019230127465600,"circlet_count":0,"master_deck":["Strike_G","Defend_G","Defend_G","Defend_G","Defend_G","Survivor+1","Neutralize","Dagger Throw","Flying Knee","Glass Knife+1","Blur+1","Masterful Stab+1","Underhanded Strike","A Thousand Cuts+1","Caltrops+1","Sucker Punch+1","Leg Sweep+1"],"relics":["Ring of the Snake","Golden Idol","WingedGreaves","Tiny Chest","Letter Opener","Art of War","Empty Cage","Toxic Egg 2","Bronze Scales"],"potions_floor_usage":[16,21,22],"damage_taken":[{"damage":0,"enemies":"2 Louse","floor":1,"turns":2},{"damage":0,"enemies":"Jaw Worm","floor":3,"turns":4},{"damage":0,"enemies":"Small Slimes","floor":4,"turns":3},{"damage":0,"enemies":"Red Slaver","floor":14,"turns":2},{"damage":57,"enemies":"Hexaghost","floor":16,"turns":10},{"damage":0,"enemies":"Spheric Guardian","floor":18,"turns":3},{"damage":6,"enemies":"2 Thieves","floor":21,"turns":4},{"damage":7,"enemies":"Centurion and Healer","floor":22,"turns":6},{"damage":21,"enemies":"Snake Plant","floor":24,"turns":3},{"damage":11,"enemies":"Shelled Parasite and Fungi","floor":25,"turns":5},{"damage":0,"enemies":"Slavers","floor":28,"turns":1}],"seed_played":"7545497598643980718","potions_obtained":[{"floor":4,"key":"LiquidBronze"},{"floor":16,"key":"Dexterity Potion"},{"floor":21,"key":"Weak Potion"},{"floor":24,"key":"Poison Potion"}],"is_trial":false,"path_per_floor":["M","?","M","M","?","R","?","R","T","T","?","$","T","M","R","B",null,"M","T","?","M","M","R","M","M","T","R","E"],"character_chosen":"THE_SILENT","items_purchased":["Masterful Stab"],"campfire_rested":0,"item_purchase_floors":[12],"current_hp_per_floor":[77,71,71,71,64,64,64,64,64,64,64,64,64,64,64,7,71,71,71,71,65,58,58,37,26,26,26,26],"gold":412,"neow_bonus":"TEN_PERCENT_HP_BONUS","is_prod":false,"is_daily":false,"chose_seed":false,"campfire_upgraded":5,"win_rate":0,"timestamp":1562286584,"path_taken":["M","?","M","M","?","R","?","R","T","?","?","$","?","M","R","BOSS","M","?","?","M","M","R","M","M","T","R","E"],"build_version":"2019-07-01","purchased_purges":1,"victory":false,"max_hp_per_floor":[77,71,71,71,71,71,71,71,71,71,71,71,71,71,71,71,71,71,71,71,71,71,71,71,71,71,71,71],"card_choices":[{"not_picked":["Sucker Punch","Deflect"],"picked":"Dagger Throw","floor":1},{"not_picked":["Poisoned Stab","Deadly Poison"],"picked":"Flying Knee","floor":3},{"not_picked":["Deadly Poison","Blur"],"picked":"Glass Knife","floor":4},{"not_picked":["Cloak And Dagger","Blur"],"picked":"Underhanded Strike","floor":14},{"not_picked":["Malaise","Phantasmal Killer"],"picked":"A Thousand Cuts","floor":16},{"not_picked":["Calculated Gamble+1","Bane+1"],"picked":"Caltrops+1","floor":18},{"not_picked":["Infinite Blades","PiercingWail+1"],"picked":"Sucker Punch+1","floor":21},{"not_picked":["PiercingWail+1","Slice+1"],"picked":"Leg Sweep+1","floor":22},{"not_picked":["Underhanded Strike+1","Bane+1","PiercingWail+1"],"picked":"SKIP","floor":24},{"not_picked":["Flying Knee","Skewer","Poisoned Stab"],"picked":"SKIP","floor":25}],"player_experience":601162,"relics_obtained":[{"floor":9,"key":"Tiny Chest"},{"floor":10,"key":"Letter Opener"},{"floor":13,"key":"Art of War"},{"floor":19,"key":"Toxic Egg 2"},{"floor":26,"key":"Bronze Scales"}],"event_choices":[{"damage_healed":0,"gold_gain":0,"player_choice":"Lose Max HP","damage_taken":0,"relics_obtained":["Golden Idol"],"max_hp_gain":0,"max_hp_loss":6,"event_name":"Golden Idol","floor":2,"gold_loss":0},{"damage_healed":0,"gold_gain":0,"player_choice":"Success","damage_taken":7,"relics_obtained":["WingedGreaves"],"max_hp_gain":0,"max_hp_loss":0,"event_name":"Scrap Ooze","floor":5,"gold_loss":0},{"damage_healed":0,"gold_gain":0,"cards_transformed":["Strike_G"],"player_choice":"Change","damage_taken":0,"max_hp_gain":0,"max_hp_loss":0,"event_name":"Living Wall","floor":7,"gold_loss":0,"cards_obtained":["Blur"]},{"cards_removed":["Strike_G"],"damage_healed":0,"gold_gain":0,"player_choice":"Card Removal","damage_taken":0,"max_hp_gain":0,"max_hp_loss":0,"event_name":"The Cleric","floor":11,"gold_loss":50},{"damage_healed":0,"gold_gain":99,"player_choice":"Stole From Cult","damage_taken":0,"max_hp_gain":0,"max_hp_loss":0,"event_name":"Nest","floor":20,"gold_loss":0}],"is_beta":false,"boss_relics":[{"not_picked":["Fusion Hammer","Ectoplasm"],"picked":"Empty Cage"}],"items_purged_floors":[12],"is_endless":false,"potions_floor_spawned":[4,16,21,24],"killed_by":"Slavers","ascension_level":1}