{"gold_per_floor":[114,149,149,149,149,149,207,207,207,246,260,43,101,120,120,265,265,265,265,165,135,135,135,135,135,135,135,10,10,10,10,10,10,10,10,10,10,10,10,10,10,10,10,10,10,10,10,10,10,10],"floor_reached":51,"playtime":6489,"items_purged":["Strike_G","Defend_G","Defend_G"],"score":1184,"play_id":"b2f4fa80-12c3-49d6-90ab-020b468f6c99","local_time":"20190705144114","daily_mods":["Allstar","Time Dilation","Elite Swarm"],"is_ascension_mode":false,"campfire_choices":[{"floor":6,"key":"REST"},{"data":"Panache","floor":8,"key":"SMITH"},{"floor":15,"key":"REST"},{"data":"A Thousand Cuts","floor":30,"key":"SMITH"},{"data":"Cloak And Dagger","floor":32,"key":"SMITH"},{"data":"After Image","floor":49,"key":"SMITH"}],"neow_cost":"","seed_source_timestamp":0,"circlet_count":0,"master_deck":["Strike_G","Strike_G","Strike_G+1","Strike_G+1","Defend_G","Defend_G","Defend_G","Survivor","Neutralize","Panache+1","HandOfGreed","Violence","Enlightenment","Mayhem","Cloak And Dagger+1","Deflect","Bullet Time","Prepared+1","Cloak And Dagger+1","A Thousand Cuts+1","Adrenaline+1","Acrobatics+1","Escape Plan+1","Adrenaline+1","Burst+1","Caltrops","Blade Dance+1","Escape Plan+1","After Image+1"],"special_seed":18082,"relics":["Ring of the Snake","Golden Idol","Boot","Toxic Egg 2","Odd Mushroom","Ornamental Fan","Ectoplasm","Vajra","Blood Vial","Blue Candle","Regal Pillow","Letter Opener","Coffee Dripper","Kunai","Torii","Juzu Bracelet","The Specimen","Anchor"],"potions_floor_usage":[16,31,44,50,50],"damage_taken":[{"damage":0,"enemies":"Jaw Worm","floor":1,"turns":2},{"damage":0,"enemies":"Small Slimes","floor":2,"turns":2},{"damage":5,"enemies":"Gremlin Nob","floor":7,"turns":4},{"damage":0,"enemies":"2 Louse","floor":10,"turns":2},{"damage":13,"enemies":"The Mushroom Lair","floor":11,"turns":4},{"damage":0,"enemies":"3 Sentries","floor":13,"turns":2},{"damage":0,"enemies":"2 Fungi Beasts","floor":14,"turns":2},{"damage":0,"enemies":"Slime Boss","floor":16,"turns":5},{"damage":0,"enemies":"Spheric Guardian","floor":18,"turns":3},{"damage":0,"enemies":"2 Thieves","floor":21,"turns":2},{"damage":0,"enemies":"Snake Plant","floor":22,"turns":2},{"damage":6,"enemies":"Book of Stabbing","floor":23,"turns":4},{"damage":0,"enemies":"Shelled Parasite and Fungi","floor":24,"turns":2},{"damage":0,"enemies":"Gremlin Leader","floor":25,"turns":3},{"damage":11,"enemies":"Slavers","floor":27,"turns":4},{"damage":0,"enemies":"Book of Stabbing","floor":31,"turns":3},{"damage":0,"enemies":"Champ","floor":33,"turns":4},{"damage":0,"enemies":"3 Darklings","floor":35,"turns":2},{"damage":0,"enemies":"3 Shapes","floor":36,"turns":1},{"damage":0,"enemies":"3 Darklings","floor":37,"turns":2},{"damage":0,"enemies":"4 Shapes","floor":38,"turns":3},{"damage":0,"enemies":"Sphere and 2 Shapes","floor":39,"turns":2},{"damage":0,"enemies":"Giant Head","floor":40,"turns":5},{"damage":0,"enemies":"Writhing Mass","floor":41,"turns":1},{"damage":0,"enemies":"Reptomancer","floor":42,"turns":2},{"damage":9,"enemies":"Maw","floor":44,"turns":5},{"damage":7,"enemies":"Nemesis","floor":45,"turns":3},{"damage":0,"enemies":"4 Shapes","floor":46,"turns":3},{"damage":0,"enemies":"Spire Growth","floor":47,"turns":2},{"damage":0,"enemies":"Giant Head","floor":48,"turns":4},{"damage":0,"enemies":"Awakened One","floor":50,"turns":6}],"seed_played":"7892048526688102029","potions_obtained":[{"floor":1,"key":"FairyPotion"},{"floor":7,"key":"Dexterity Potion"},{"floor":10,"key":"PowerPotion"},{"floor":18,"key":"LiquidBronze"},{"floor":21,"key":"Swift Potion"},{"floor":38,"key":"FearPotion"},{"floor":39,"key":"Fire Potion"},{"floor":47,"key":"EssenceOfSteel"},{"floor":48,"key":"Weak Potion"}],"is_trial":false,"path_per_floor":["M","M","?","?","?","R","E","R","T","M","?","$","E","M","R","B",null,"M","?","$","M","M","E","M","E","T","E","$","?","R","E","R","B",null,"M","M","M","M","M","E","M","E","T","M","E","M","M","E","R","B",null],"character_chosen":"THE_SILENT","items_purchased":["A Thousand Cuts"],"campfire_rested":2,"item_purchase_floors":[12],"current_hp_per_floor":[70,70,56,39,39,60,55,55,55,55,42,42,42,42,63,63,70,70,70,70,70,70,64,64,64,64,55,55,55,55,57,57,59,70,70,70,70,70,70,70,70,70,70,61,56,58,60,62,62,64],"gold":10,"neow_bonus":"","is_prod":false,"is_daily":true,"chose_seed":false,"campfire_upgraded":4,"win_rate":0,"timestamp":1562362874,"path_taken":["M","M","?","?","?","R","E","R","T","M","?","$","E","?","R","BOSS","M","?","$","M","M","E","?","E","T","E","$","?","R","E","R","BOSS","M","M","M","M","M","E","M","E","T","M","E","M","M","E","R","BOSS"],"build_version":"2019-07-01","purchased_purges":3,"victory":true,"max_hp_per_floor":[70,70,70,70,70,70,70,70,70,70,70,70,70,70,70,70,70,70,70,70,70,70,70,70,70,70,70,70,70,70,70,70,70,70,70,70,70,70,70,70,70,70,70,70,70,70,70,70,70,70],"card_choices":[{"not_picked":["Sucker Punch","Concentrate"],"picked":"Cloak And Dagger","floor":1},{"not_picked":["Dagger Throw","Cloak And Dagger"],"picked":"Deflect","floor":2},{"not_picked":["Wraith Form v2","Unload"],"picked":"Bullet Time","floor":7},{"not_picked":["Catalyst+1","Endless Agony"],"picked":"Prepared+1","floor":10},{"not_picked":["Predator","Flying Knee"],"picked":"Cloak And Dagger+1","floor":11},{"not_picked":["Grand Finale","Storm of Steel+1"],"picked":"Adrenaline+1","floor":13},{"not_picked":["Cloak And Dagger+1","Dagger Throw"],"picked":"Acrobatics+1","floor":14},{"not_picked":["Flechettes+1","Bane+1","Dagger Throw"],"picked":"SKIP","floor":18},{"not_picked":["Dodge and Roll+1","Caltrops"],"picked":"Escape Plan+1","floor":21},{"not_picked":["Underhanded Strike","Backflip+1","Catalyst+1"],"picked":"SKIP","floor":22},{"not_picked":["Die Die Die","Unload"],"picked":"Adrenaline+1","floor":23},{"not_picked":["Cloak And Dagger+1","Calculated Gamble+1","Dagger Throw"],"picked":"SKIP","floor":24},{"not_picked":["A Thousand Cuts","Unload","Storm of Steel+1"],"picked":"SKIP","floor":25},{"not_picked":["Bullet Time+1","Storm of Steel+1","Corpse Explosion+1"],"picked":"SKIP","floor":27},{"not_picked":["Glass Knife","Grand Finale"],"picked":"Burst+1","floor":31},{"not_picked":["Poisoned Stab","Masterful Stab"],"picked":"Caltrops","floor":35},{"not_picked":["Deadly Poison+1","Poisoned Stab","PiercingWail+1"],"picked":"SKIP","floor":36},{"not_picked":["Skewer+1","Reflex+1","PiercingWail+1"],"picked":"SKIP","floor":37},{"not_picked":["All Out Attack","Outmaneuver+1","Finisher"],"picked":"SKIP","floor":38},{"not_picked":["Quick Slash+1","Slice"],"picked":"Blade Dance+1","floor":39},{"not_picked":["Tools of the Trade","Burst+1","Malaise+1"],"picked":"SKIP","floor":40},{"not_picked":["Dodge and Roll+1","Footwork+1"],"picked":"Escape Plan+1","floor":41},{"not_picked":["Grand Finale","Glass Knife"],"picked":"After Image","floor":42},{"not_picked":["Deadly Poison+1","Dodge and Roll+1","Backflip+1"],"picked":"SKIP","floor":44},{"not_picked":["Doppelganger+1","Unload","A Thousand Cuts"],"picked":"SKIP","floor":45},{"not_picked":["Predator+1","Quick Slash+1","Dagger Spray"],"picked":"SKIP","floor":46},{"not_picked":["Masterful Stab","Dagger Throw+1","Flying Knee+1"],"picked":"SKIP","floor":47},{"not_picked":["Wraith Form v2","Glass Knife","Unload"],"picked":"SKIP","floor":48}],"player_experience":73339,"relics_obtained":[{"floor":7,"key":"Boot"},{"floor":9,"key":"Toxic Egg 2"},{"floor":11,"key":"Odd Mushroom"},{"floor":13,"key":"Ornamental Fan"},{"floor":23,"key":"Vajra"},{"floor":25,"key":"Blood Vial"},{"floor":26,"key":"Blue Candle"},{"floor":27,"key":"Regal Pillow"},{"floor":31,"key":"Letter Opener"},{"floor":40,"key":"Kunai"},{"floor":42,"key":"Torii"},{"floor":43,"key":"Juzu Bracelet"},{"floor":45,"key":"The Specimen"},{"floor":48,"key":"Anchor"}],"event_choices":[{"damage_healed":0,"gold_gain":0,"player_choice":"Entered Light","damage_taken":14,"max_hp_gain":0,"max_hp_loss":0,"event_name":"Shining Light","floor":3,"gold_loss":0,"cards_upgraded":["Strike_G","Strike_G"]},{"damage_healed":0,"gold_gain":0,"player_choice":"Take Damage","damage_taken":17,"relics_obtained":["Golden Idol"],"max_hp_gain":0,"max_hp_loss":0,"event_name":"Golden Idol","floor":4,"gold_loss":0},{"damage_healed":0,"gold_gain":0,"player_choice":"Ignored","damage_taken":0,"max_hp_gain":0,"max_hp_loss":0,"event_name":"Liars Game","floor":5,"gold_loss":0},{"damage_healed":0,"gold_gain":0,"player_choice":"Fought Mushrooms","damage_taken":0,"max_hp_gain":0,"max_hp_loss":0,"event_name":"Mushrooms","floor":11,"gold_loss":0},{"damage_healed":0,"gold_gain":200,"player_choice":"Gold","damage_taken":0,"max_hp_gain":0,"max_hp_loss":0,"event_name":"Wheel of Change","floor":19,"gold_loss":0},{"damage_healed":0,"gold_gain":0,"player_choice":"Ignored","damage_taken":0,"max_hp_gain":0,"max_hp_loss":0,"event_name":"N\u0027loth","floor":29,"gold_loss":0}],"is_beta":false,"boss_relics":[{"not_picked":["Pandora\u0027s Box","Astrolabe"],"picked":"Ectoplasm"},{"not_picked":["Runic Dome","Calling Bell"],"picked":"Coffee Dripper"}],"items_purged_floors":[12,20,28],"is_endless":false,"potions_floor_spawned":[1,7,10,18,21,24,38,39,40,42,47,48],"ascension_level":0}