{"gold_per_floor":[118,129,142,155,155,155,175,175,175,175,202,215,228,247,247,247],"floor_reached":16,"playtime":994,"items_purged":[],"score":117,"play_id":"212354a3-caf4-461e-a29d-60d8730aa200","local_time":"20190719145051","is_ascension_mode":true,"campfire_choices":[{"data":"Dualcast","floor":6,"key":"SMITH"},{"data":"Zap","floor":10,"key":"SMITH"},{"data":"Leap","floor":15,"key":"SMITH"}],"neow_cost":"NONE","seed_source_timestamp":652369846770700,"circlet_count":0,"master_deck":["Strike_B","Strike_B","Strike_B","Strike_B","Defend_B","Defend_B","Defend_B","Defend_B","Zap+1","Dualcast+1","Conserve Battery+1","Reinforced Body","Rip and Tear+1","Ball Lightning","Leap+1","Self Repair","Doom and Gloom"],"relics":["Cracked Core","Smiling Mask","Blood Vial"],"potions_floor_usage":[7,7,11,16,16,16],"damage_taken":[{"damage":0,"enemies":"Small Slimes","floor":1,"turns":3},{"damage":1,"enemies":"2 Louse","floor":2,"turns":2},{"damage":0,"enemies":"Cultist","floor":3,"turns":4},{"damage":1,"enemies":"Looter","floor":4,"turns":3},{"damage":24,"enemies":"Gremlin Gang","floor":7,"turns":4},{"damage":13,"enemies":"Lagavulin","floor":11,"turns":5},{"damage":8,"enemies":"Exordium Thugs","floor":12,"turns":4},{"damage":5,"enemies":"3 Louse","floor":13,"turns":3},{"damage":0,"enemies":"Large Slime","floor":14,"turns":4},{"damage":23,"enemies":"The Guardian","floor":16,"turns":6}],"seed_played":"1951022317305384306","potions_obtained":[{"floor":3,"key":"SkillPotion"},{"floor":4,"key":"Poison Potion"},{"floor":7,"key":"FocusPotion"},{"floor":8,"key":"Strength Potion"},{"floor":8,"key":"Strength Potion"},{"floor":14,"key":"Swift Potion"}],"is_trial":false,"path_per_floor":["M","M","M","M","?","R","M","?","T","R","E","M","M","M","R","B"],"character_chosen":"DEFECT","items_purchased":[],"campfire_rested":0,"item_purchase_floors":[],"current_hp_per_floor":[82,81,81,80,64,64,40,40,40,40,27,21,18,27,27,6],"gold":247,"neow_bonus":"TEN_PERCENT_HP_BONUS","is_prod":false,"is_daily":false,"chose_seed":false,"campfire_upgraded":3,"win_rate":0,"timestamp":1563562251,"path_taken":["M","M","M","M","?","R","M","?","T","R","E","M","?","M","R","BOSS"],"build_version":"2019-07-17","purchased_purges":0,"victory":false,"max_hp_per_floor":[82,82,82,82,82,82,82,82,82,82,82,82,82,82,82,82],"card_choices":[{"not_picked":["Capacitor","Coolheaded"],"picked":"Conserve Battery","floor":1},{"not_picked":["Conserve Battery","Capacitor"],"picked":"Reinforced Body","floor":2},{"not_picked":["Coolheaded","Steam","BootSequence"],"picked":"SKIP","floor":3},{"not_picked":["Scrape","Coolheaded"],"picked":"Rip and Tear","floor":4},{"not_picked":["Go for the Eyes","Blizzard"],"picked":"Ball Lightning","floor":7},{"not_picked":["Barrage","Auto Shields"],"picked":"Leap","floor":11},{"not_picked":["Barrage","Genetic Algorithm","Compile Driver"],"picked":"SKIP","floor":12},{"not_picked":["Hologram","Go for the Eyes"],"picked":"Self Repair","floor":13},{"not_picked":["Leap","Stack"],"picked":"Doom and Gloom","floor":14}],"player_experience":753548,"relics_obtained":[{"floor":9,"key":"Smiling Mask"},{"floor":11,"key":"Blood Vial"}],"event_choices":[{"damage_healed":0,"gold_gain":0,"player_choice":"Entered Light","damage_taken":16,"max_hp_gain":0,"max_hp_loss":0,"event_name":"Shining Light","floor":5,"gold_loss":0,"cards_upgraded":["Rip and Tear","Conserve Battery"]},{"damage_healed":0,"gold_gain":0,"player_choice":"Got Potions","damage_taken":0,"max_hp_gain":0,"max_hp_loss":0,"event_name":"Lab","floor":8,"gold_loss":0}],"is_beta":false,"boss_relics":[],"items_purged_floors":[],"is_endless":false,"potions_floor_spawned":[3,4,7,14],"killed_by":"The Guardian","ascension_level":2}