{"gold_per_floor":[116,135,153,153,54,54,80,80,80,97,113,148,163,182,182,279,279,298,298,298,18,32,32,52,52,52,84,101,101,115,115,115,213,213,228,85,96,115,133,167,167,167,218,10,10,40,14,0,0,0],"floor_reached":50,"playtime":4775,"items_purged":[],"score":582,"play_id":"d078ef51-639d-4bc8-bfab-8328499d8c9d","local_time":"20180915135918","is_ascension_mode":false,"campfire_choices":[{"data":"Flex","floor":6,"key":"SMITH"},{"floor":15,"key":"REST"},{"data":"Demon Form","floor":23,"key":"SMITH"},{"data":"Blood for Blood","floor":25,"key":"SMITH"},{"data":"Flex","floor":29,"key":"SMITH"},{"floor":32,"key":"REST"},{"data":"Metallicize","floor":42,"key":"SMITH"},{"data":"Heavy Blade","floor":49,"key":"SMITH"}],"neow_cost":"PERCENT_DAMAGE","seed_source_timestamp":358628700123375,"circlet_count":0,"master_deck":["Strike_R","Strike_R","Strike_R","Strike_R","Strike_R","Defend_R","Defend_R","Defend_R","Defend_R","Bash","Thunderclap","Shrug It Off","Iron Wave","Flex+1","Reckless Charge","Flex+1","Flame Barrier","Thunderclap","Combust","Heavy Blade+1","Demon Form+1","Blood for Blood+1","Perfected Strike","Twin Strike","Shrug It Off+1","Metallicize+1","Flame Barrier","Reaper","Thunderclap+1","Thunderclap","Cleave","Fire Breathing+1","Headbutt+1","Impervious","Pommel Strike"],"relics":["Burning Blood","Pocketwatch","Thread and Needle","Pen Nib","Busted Crown","Enchiridion","Ornamental Fan","Bottled Lightning","Charon\u0027s Ashes","Eternal Feather","Bronze Scales","Mummified Hand","Ancient Tea Set","ClockworkSouvenir","Red Skull","Red Mask"],"potions_floor_usage":[16,16,27,33,33,40,40,50],"damage_taken":[{"damage":1,"enemies":"Cultist","floor":1,"turns":4},{"damage":15,"enemies":"Jaw Worm","floor":2,"turns":5},{"damage":0,"enemies":"Small Slimes","floor":3,"turns":3},{"damage":22,"enemies":"Gremlin Nob","floor":7,"turns":4},{"damage":0,"enemies":"Looter","floor":10,"turns":3},{"damage":0,"enemies":"3 Louse","floor":11,"turns":2},{"damage":9,"enemies":"3 Sentries","floor":12,"turns":8},{"damage":11,"enemies":"Lots of Slimes","floor":13,"turns":3},{"damage":0,"enemies":"Exordium Wildlife","floor":14,"turns":3},{"damage":20,"enemies":"The Guardian","floor":16,"turns":11},{"damage":24,"enemies":"3 Byrds","floor":18,"turns":5},{"damage":0,"enemies":"Chosen","floor":22,"turns":3},{"damage":19,"enemies":"3 Cultists","floor":24,"turns":5},{"damage":15,"enemies":"Book of Stabbing","floor":27,"turns":5},{"damage":2,"enemies":"Snecko","floor":28,"turns":3},{"damage":14,"enemies":"Sentry and Sphere","floor":30,"turns":5},{"damage":30,"enemies":"Collector","floor":33,"turns":6},{"damage":13,"enemies":"Orb Walker","floor":35,"turns":5},{"damage":2,"enemies":"3 Darklings","floor":37,"turns":3},{"damage":7,"enemies":"Spire Growth","floor":38,"turns":4},{"damage":44,"enemies":"Maw","floor":39,"turns":6},{"damage":65,"enemies":"Nemesis","floor":40,"turns":7},{"damage":24,"enemies":"Giant Head","floor":46,"turns":7},{"damage":126,"enemies":"Awakened One","floor":50,"turns":11}],"seed_played":"2342925988770297433","potions_obtained":[{"floor":2,"key":"PowerPotion"},{"floor":3,"key":"GamblersBrew"},{"floor":13,"key":"Swift Potion"},{"floor":14,"key":"SkillPotion"},{"floor":16,"key":"LiquidBronze"},{"floor":18,"key":"GamblersBrew"},{"floor":24,"key":"SkillPotion"},{"floor":27,"key":"LiquidBronze"},{"floor":30,"key":"Swift Potion"},{"floor":37,"key":"SkillPotion"},{"floor":38,"key":"Ancient Potion"},{"floor":46,"key":"Strength Potion"}],"is_trial":false,"path_per_floor":["M","M","M","?","$","R","E","?","T","M","M","E","M","M","R","B",null,"M","?","?","$","M","R","M","R","T","E","M","R","M","$","R","B",null,"M","$","M","M","M","E","?","R","T","$","$","E","$","?","R"],"character_chosen":"IRONCLAD","items_purchased":["Flex","LiquidBronze","Ornamental Fan","Blood for Blood","Bronze Scales","ClockworkSouvenir","Pommel Strike"],"campfire_rested":2,"item_purchase_floors":[5,5,21,21,36,44,47],"current_hp_per_floor":[74,65,71,71,71,71,55,60,60,66,72,69,64,70,100,86,101,83,67,72,72,78,78,65,65,65,56,60,60,52,52,82,58,101,94,94,98,101,70,12,88,88,88,88,88,70,70,70,88,0],"gold":0,"neow_bonus":"TWENTY_PERCENT_HP_BONUS","is_prod":false,"is_daily":false,"chose_seed":false,"campfire_upgraded":6,"win_rate":0.0,"timestamp":1537037958,"path_taken":["M","M","?","?","$","R","E","?","T","M","M","E","?","M","R","BOSS","M","?","?","?","M","R","M","R","T","E","M","R","M","$","R","BOSS","M","$","M","?","M","E","?","R","T","?","$","E","$","?","R","BOSS"],"build_version":"2018-09-06","purchased_purges":0,"victory":false,"max_hp_per_floor":[96,96,96,96,96,96,96,101,101,101,101,101,101,101,101,101,101,101,101,101,101,101,101,101,101,101,101,101,101,101,101,101,101,101,101,101,101,101,101,101,88,88,88,88,88,88,88,88,88,88],"card_choices":[{"not_picked":["Carnage","Heavy Blade"],"picked":"Thunderclap","floor":1},{"not_picked":["Hemokinesis","True Grit"],"picked":"Shrug It Off","floor":2},{"not_picked":["Flex","Pommel Strike"],"picked":"Iron Wave","floor":3},{"not_picked":["Clash","Feel No Pain"],"picked":"Reckless Charge","floor":7},{"not_picked":["Juggernaut","Corruption"],"picked":"Flex","floor":10},{"not_picked":["Cleave","Reckless Charge"],"picked":"Flame Barrier","floor":11},{"not_picked":["Second Wind","Cleave"],"picked":"Thunderclap","floor":12},{"not_picked":["Burning Pact","Body Slam"],"picked":"Combust","floor":13},{"not_picked":["Whirlwind","Warcry"],"picked":"Heavy Blade","floor":14},{"not_picked":["Impervious","Fiend Fire"],"picked":"Demon Form","floor":16},{"not_picked":[],"picked":"Sword Boomerang","floor":18},{"not_picked":[],"picked":"Perfected Strike","floor":22},{"not_picked":[],"picked":"Twin Strike","floor":24},{"not_picked":[],"picked":"Shrug It Off+1","floor":27},{"not_picked":[],"picked":"Metallicize","floor":28},{"not_picked":[],"picked":"Flame Barrier","floor":30},{"not_picked":[],"picked":"Reaper","floor":33},{"not_picked":[],"picked":"Thunderclap+1","floor":35},{"not_picked":[],"picked":"Thunderclap","floor":37},{"not_picked":[],"picked":"Cleave","floor":38},{"not_picked":[],"picked":"Fire Breathing+1","floor":39},{"not_picked":[],"picked":"Headbutt+1","floor":40},{"not_picked":[],"picked":"Impervious","floor":46}],"player_experience":10082,"relics_obtained":[{"floor":7,"key":"Pocketwatch"},{"floor":9,"key":"Thread and Needle"},{"floor":12,"key":"Pen Nib"},{"floor":19,"key":"Enchiridion"},{"floor":26,"key":"Bottled Lightning"},{"floor":27,"key":"Charon\u0027s Ashes"},{"floor":40,"key":"Mummified Hand"},{"floor":43,"key":"Ancient Tea Set"},{"floor":46,"key":"Red Skull"}],"event_choices":[{"event_name":"Shining Light","player_choice":"Ignored","floor":4,"damage_taken":0},{"event_name":"Big Fish","player_choice":"Donut","floor":8,"damage_taken":0},{"event_name":"Cursed Tome","player_choice":"Obtained Book","floor":19,"damage_taken":0},{"event_name":"Bonfire Elementals","player_choice":"COMMON","floor":20,"damage_taken":0},{"event_name":"The Moai Head","player_choice":"Heal","floor":41,"damage_taken":0},{"event_name":"Tomb of Lord Red Mask","player_choice":"Paid","floor":48,"damage_taken":0}],"is_beta":false,"boss_relics":[{"not_picked":["Empty Cage","Ectoplasm"],"picked":"Busted Crown"},{"not_picked":["Cursed Key","Fusion Hammer"],"picked":"Eternal Feather"}],"items_purged_floors":[],"is_endless":false,"potions_floor_spawned":[2,3,13,14,16,18,24,27,30,37,38,46],"killed_by":"Awakened One","ascension_level":0}