{"gold_per_floor":[112,35,47,47,57,57,73,84,111,36,36,95,95,95,95,167,167,185,185,219,219,219,219,231,243,270,298,310,322,347,2,2,75,75,95,95,106,6,17,43,43,43],"floor_reached":42,"playtime":2502,"items_purged":["Pain","Writhe"],"score":753,"play_id":"76a7a60a-712a-4e09-9a66-ed3d54b201c0","local_time":"20190116125247","is_ascension_mode":true,"campfire_choices":[{"data":"Footwork","floor":6.0,"key":"SMITH"},{"data":"Neutralize","floor":11.0,"key":"SMITH"},{"data":"Bouncing Flask","floor":13.0,"key":"SMITH"},{"floor":15.0,"key":"REST"},{"floor":23.0,"key":"REST"},{"floor":29.0,"key":"REST"},{"floor":32.0,"key":"REST"},{"floor":41.0,"key":"REST"}],"neow_cost":"NONE","seed_source_timestamp":492463787499626,"circlet_count":0,"master_deck":["AscendersBane","Defend_G+1","Defend_G+1","Defend_G+1","Defend_G+1","Defend_G+1","Strike_G+1","Strike_G+1","Strike_G+1","Strike_G+1","Strike_G+1","Survivor","Neutralize+1","Deflect","Footwork+1","Deflect","Dagger Throw","Bouncing Flask+1","Predator","Bullet Time","Burst","Sucker Punch","Cloak And Dagger","Writhe","Caltrops","Well Laid Plans","PiercingWail","Footwork","Malaise","Crippling Poison","Caltrops","Distraction","Predator+1","Dagger Throw+1","Adrenaline","Acrobatics+1","Calculated Gamble+1"],"special_seed":0,"relics":["Ring of the Snake","Blood Vial","WarpedTongs","Whetstone","Bronze Scales","Juzu Bracelet","White Beast Statue","Red Mask","Tingsha","Question Card","MawBank","Regal Pillow","TwistedFunnel","Orrery","Dodecahedron"],"potions_floor_usage":[42],"damage_taken":[{"damage":1.0,"enemies":"Cultist","floor":1.0,"turns":6.0},{"damage":8.0,"enemies":"2 Louse","floor":3.0,"turns":5.0},{"damage":3.0,"enemies":"Small Slimes","floor":5.0,"turns":6.0},{"damage":3.0,"enemies":"Exordium Wildlife","floor":7.0,"turns":5.0},{"damage":1.0,"enemies":"2 Fungi Beasts","floor":8.0,"turns":2.0},{"damage":36.0,"enemies":"Gremlin Nob","floor":12.0,"turns":5.0},{"damage":6.0,"enemies":"Hexaghost","floor":16.0,"turns":8.0},{"damage":6.0,"enemies":"3 Byrds","floor":18.0,"turns":3.0},{"damage":23.0,"enemies":"Masked Bandits","floor":20.0,"turns":5.0},{"damage":1.0,"enemies":"Spheric Guardian","floor":24.0,"turns":4.0},{"damage":16.0,"enemies":"Snake Plant","floor":25.0,"turns":4.0},{"damage":20.0,"enemies":"Sentry and Sphere","floor":27.0,"turns":5.0},{"damage":1.0,"enemies":"Chosen and Byrds","floor":30.0,"turns":4.0},{"damage":37.0,"enemies":"Champ","floor":33.0,"turns":13.0},{"damage":25.0,"enemies":"3 Shapes","floor":35.0,"turns":3.0},{"damage":16.0,"enemies":"3 Darklings","floor":37.0,"turns":6.0},{"damage":7.0,"enemies":"Sphere and 2 Shapes","floor":39.0,"turns":4.0},{"damage":32.0,"enemies":"Reptomancer","floor":40.0,"turns":12.0},{"damage":41,"enemies":"Giant Head","floor":42,"turns":8}],"seed_played":"-6932764706401089353","potions_obtained":[{"floor":5.0,"key":"Strength Potion"},{"floor":7.0,"key":"AttackPotion"},{"floor":12.0,"key":"SmokeBomb"},{"floor":16.0,"key":"AttackPotion"},{"floor":18.0,"key":"Ancient Potion"},{"floor":20.0,"key":"SkillPotion"},{"floor":24.0,"key":"SkillPotion"},{"floor":25.0,"key":"SpeedPotion"},{"floor":27.0,"key":"SkillPotion"},{"floor":33.0,"key":"LiquidBronze"},{"floor":35.0,"key":"Block Potion"},{"floor":37.0,"key":"GamblersBrew"},{"floor":39.0,"key":"Energy Potion"},{"floor":40.0,"key":"AttackPotion"}],"is_trial":false,"path_per_floor":["M","$","M","?","M","R","M","M","T","$","R","?","R","?","R","B",null,"M","?","?","?","T","R","M","M","T","M","?","R","M","$","R","B",null,"M","?","M","$","M","E","R","E"],"character_chosen":"THE_SILENT","items_purchased":["Footwork","Regal Pillow","TwistedFunnel"],"campfire_rested":5,"item_purchase_floors":[2,31,31],"current_hp_per_floor":[60,60,54,54,53,53,52,53,53,53,53,19,19,14,33,29,57,53,35,14,14,14,35,36,22,22,4,4,25,26,26,62,27,60,37,51,37,37,32,2,38,0],"gold":43,"neow_bonus":"RANDOM_COMMON_RELIC","is_prod":false,"is_daily":false,"chose_seed":false,"campfire_upgraded":3,"win_rate":0,"timestamp":1547661167,"path_taken":["M","$","?","?","M","R","M","M","T","?","R","?","R","?","R","BOSS","M","?","?","?","?","R","M","M","T","M","?","R","M","$","R","BOSS","M","?","M","$","M","E","R","E"],"build_version":"2019-01-14v2","purchased_purges":2,"victory":false,"max_hp_per_floor":[66,66,66,66,66,66,66,66,66,66,66,66,66,66,66,66,66,66,71,71,71,71,71,71,71,71,71,71,71,71,71,71,71,71,71,71,71,71,71,71,71,71],"card_choices":[{"not_picked":["Underhanded Strike","Catalyst"],"picked":"Deflect","floor":1.0},{"not_picked":["Sucker Punch","Catalyst"],"picked":"Deflect","floor":3.0},{"not_picked":["Heel Hook","Tactician"],"picked":"Dagger Throw","floor":5.0},{"not_picked":["Deadly Poison","Setup"],"picked":"Bouncing Flask","floor":7.0},{"not_picked":["Sucker Punch","Blade Dance"],"picked":"Predator","floor":8.0},{"not_picked":["Sucker Punch","Outmaneuver"],"picked":"Bullet Time","floor":12.0},{"not_picked":["A Thousand Cuts","Storm of Steel"],"picked":"Burst","floor":16.0},{"not_picked":["Slice","Underhanded Strike"],"picked":"Sucker Punch","floor":18.0},{"not_picked":["Choke","Endless Agony"],"picked":"Cloak And Dagger","floor":20.0},{"not_picked":["Acrobatics+1","Flying Knee","Masterful Stab"],"picked":"Caltrops","floor":24.0},{"not_picked":["Prepared","Blade Dance","Endless Agony"],"picked":"Well Laid Plans","floor":25.0},{"not_picked":["Phantasmal Killer","Flechettes","Cloak And Dagger"],"picked":"PiercingWail","floor":27.0},{"not_picked":["Skewer","Caltrops","Acrobatics"],"picked":"Footwork","floor":30.0},{"not_picked":["Bullet Time","Wraith Form v2","Night Terror"],"picked":"Malaise","floor":33.0},{"not_picked":["Cloak And Dagger","Quick Slash","Underhanded Strike"],"picked":"Crippling Poison","floor":34.0},{"not_picked":["Finisher","Reflex","Cloak And Dagger"],"picked":"Caltrops","floor":34.0},{"not_picked":["Quick Slash","Flying Knee","Concentrate"],"picked":"Distraction","floor":34.0},{"not_picked":["Acrobatics","Bane","Tactician"],"picked":"Predator+1","floor":34.0},{"not_picked":["Bane","Prepared","Finisher"],"picked":"Dagger Throw+1","floor":34.0},{"not_picked":["Sucker Punch+1","Prepared","Setup+1"],"picked":"Adrenaline","floor":35.0},{"not_picked":["Deflect","Dagger Spray","Infinite Blades"],"picked":"Acrobatics+1","floor":37.0},{"not_picked":["Deflect","Blade Dance","Crippling Poison","Setup"],"picked":"SKIP","floor":39.0},{"not_picked":["Blade Dance","Burst","Reflex"],"picked":"Calculated Gamble+1","floor":40.0}],"player_experience":833668,"relics_obtained":[{"floor":9.0,"key":"Whetstone"},{"floor":12.0,"key":"Bronze Scales"},{"floor":20.0,"key":"Red Mask"},{"floor":22.0,"key":"Question Card"},{"floor":26.0,"key":"MawBank"},{"floor":40.0,"key":"Dodecahedron"}],"event_choices":[{"damage_healed":0.0,"max_hp_gain":0.0,"max_hp_loss":0.0,"gold_gain":0.0,"event_name":"Accursed Blacksmith","player_choice":"Rummage","floor":4.0,"gold_loss":0.0,"damage_taken":0.0,"relics_obtained":["WarpedTongs"],"cards_obtained":["Pain"]},{"damage_healed":0.0,"max_hp_gain":0.0,"max_hp_loss":0.0,"gold_gain":0.0,"event_name":"Dead Adventurer","player_choice":"Searched \u00271\u0027 times","floor":12.0,"gold_loss":0.0,"damage_taken":0.0},{"damage_healed":0.0,"max_hp_gain":0.0,"max_hp_loss":0.0,"gold_gain":0.0,"event_name":"Scrap Ooze","player_choice":"Success","floor":14.0,"gold_loss":0.0,"damage_taken":5.0,"relics_obtained":["Juzu Bracelet"]},{"damage_healed":0.0,"max_hp_gain":5.0,"max_hp_loss":0.0,"gold_gain":0.0,"event_name":"Forgotten Altar","player_choice":"Shed Blood","floor":19.0,"gold_loss":0.0,"damage_taken":23.0},{"damage_healed":0.0,"max_hp_gain":0.0,"max_hp_loss":0.0,"gold_gain":0.0,"event_name":"Masked Bandits","player_choice":"Fought Bandits","floor":20.0,"gold_loss":0.0,"damage_taken":0.0},{"damage_healed":0.0,"max_hp_gain":0.0,"max_hp_loss":0.0,"gold_gain":0.0,"event_name":"The Mausoleum","player_choice":"Opened","floor":21.0,"gold_loss":0.0,"damage_taken":0.0,"relics_obtained":["Tingsha"],"cards_obtained":["Writhe"]},{"damage_healed":0.0,"max_hp_gain":0.0,"max_hp_loss":0.0,"gold_gain":0.0,"event_name":"Back to Basics","player_choice":"Simplicity","floor":28.0,"gold_loss":0.0,"damage_taken":0.0,"cards_upgraded":["Defend_G","Defend_G","Defend_G","Defend_G","Defend_G","Strike_G","Strike_G","Strike_G"]},{"damage_healed":14.0,"max_hp_gain":0.0,"max_hp_loss":0.0,"gold_gain":0.0,"event_name":"Winding Halls","player_choice":"Writhe","floor":36.0,"gold_loss":0.0,"damage_taken":0.0,"cards_obtained":["Writhe"]}],"is_beta":true,"boss_relics":[{"not_picked":["Busted Crown","Pandora\u0027s Box"],"picked":"White Beast Statue"},{"not_picked":["Tiny House","Coffee Dripper"],"picked":"Orrery"}],"items_purged_floors":[10,38],"is_endless":false,"potions_floor_spawned":[5,7,12,16,18,20,24,25,27,30,33,35,37,39,40],"killed_by":"Giant Head","ascension_level":15}