{"gold_per_floor":[119,130,130,130,150,166,187,211,211,211,224,242,261,285,285,285],"floor_reached":16,"playtime":805,"items_purged":[],"score":100,"play_id":"a7610d1f-932f-4b1f-b506-52912a69e689","local_time":"20190720123907","is_ascension_mode":false,"campfire_choices":[{"data":"Glass Knife","floor":10,"key":"SMITH"},{"floor":15,"key":"REST"}],"neow_cost":"NONE","seed_source_timestamp":845347292979193,"circlet_count":0,"master_deck":["Strike_G","Strike_G","Strike_G","Strike_G","Strike_G","Defend_G","Defend_G","Defend_G","Defend_G","Defend_G","Survivor","Neutralize","Glass Knife+1","Footwork","Underhanded Strike","Escape Plan","Acrobatics","Deflect","Setup","Deadly Poison"],"relics":["Ring of the Snake","Golden Idol","Snake Skull","Mummified Hand"],"potions_floor_usage":[],"damage_taken":[{"damage":0,"enemies":"Jaw Worm","floor":1,"turns":5},{"damage":0,"enemies":"Small Slimes","floor":2,"turns":3},{"damage":0,"enemies":"Cultist","floor":5,"turns":3},{"damage":0,"enemies":"Gremlin Gang","floor":6,"turns":5},{"damage":1,"enemies":"Large Slime","floor":7,"turns":6},{"damage":3,"enemies":"Lots of Slimes","floor":8,"turns":4},{"damage":0,"enemies":"Red Slaver","floor":11,"turns":4},{"damage":0,"enemies":"Looter","floor":12,"turns":2},{"damage":0,"enemies":"2 Fungi Beasts","floor":13,"turns":3},{"damage":0,"enemies":"Blue Slaver","floor":14,"turns":3},{"damage":70,"enemies":"Slime Boss","floor":16,"turns":11}],"seed_played":"-3121990866709746016","potions_obtained":[{"floor":2,"key":"Weak Potion"},{"floor":5,"key":"GhostInAJar"},{"floor":11,"key":"EssenceOfSteel"}],"is_trial":false,"path_per_floor":["M","M","?","T","M","M","M","M","T","R","M","M","M","M","R","B"],"character_chosen":"THE_SILENT","items_purchased":[],"campfire_rested":1,"item_purchase_floors":[],"current_hp_per_floor":[70,70,53,53,53,53,52,49,49,49,49,49,49,49,70,0],"gold":285,"neow_bonus":"ONE_RANDOM_RARE_CARD","is_prod":false,"is_daily":false,"chose_seed":false,"campfire_upgraded":1,"win_rate":0,"timestamp":1563651547,"path_taken":["M","M","?","?","M","M","M","?","T","R","M","M","M","M","R","BOSS"],"build_version":"2019-07-17","purchased_purges":0,"victory":false,"max_hp_per_floor":[70,70,70,70,70,70,70,70,70,70,70,70,70,70,70,70],"card_choices":[{"not_picked":["Underhanded Strike","Acrobatics"],"picked":"Footwork","floor":1},{"not_picked":["Cloak And Dagger","PiercingWail"],"picked":"Underhanded Strike","floor":2},{"not_picked":["Blur","Choke","Cloak And Dagger"],"picked":"SKIP","floor":5},{"not_picked":["Underhanded Strike","Quick Slash"],"picked":"Escape Plan","floor":6},{"not_picked":["Bane","Dagger Throw"],"picked":"Acrobatics","floor":7},{"not_picked":["Sucker Punch","Phantasmal Killer","Slice"],"picked":"SKIP","floor":8},{"not_picked":["Riddle With Holes","Dodge and Roll"],"picked":"Deflect","floor":11},{"not_picked":["Flechettes","Blur","Flying Knee"],"picked":"SKIP","floor":12},{"not_picked":["Masterful Stab","Dagger Spray"],"picked":"Setup","floor":13},{"not_picked":["Dagger Throw","Outmaneuver"],"picked":"Deadly Poison","floor":14}],"player_experience":168327,"relics_obtained":[{"floor":4,"key":"Snake Skull"},{"floor":9,"key":"Mummified Hand"}],"event_choices":[{"damage_healed":0,"gold_gain":0,"player_choice":"Take Damage","damage_taken":17,"relics_obtained":["Golden Idol"],"max_hp_gain":0,"max_hp_loss":0,"event_name":"Golden Idol","floor":3,"gold_loss":0}],"is_beta":false,"boss_relics":[],"items_purged_floors":[],"is_endless":false,"potions_floor_spawned":[2,5,11,13,14],"killed_by":"Slime Boss","ascension_level":0}