{"gold_per_floor":[14,30,49,67,242,242,268,268,268,237,254,254,266,266,266,266],"floor_reached":16,"playtime":1164,"items_purged":[],"score":104,"play_id":"fdd4e2ba-a350-438e-a963-61b21dc36069","local_time":"20190510181242","is_ascension_mode":false,"campfire_choices":[{"data":"Storm of Steel","floor":6,"key":"SMITH"},{"floor":8,"key":"RECALL"},{"floor":12,"key":"REST"},{"data":"Blade Dance","floor":15,"key":"SMITH"}],"neow_cost":"NO_GOLD","seed_source_timestamp":0,"circlet_count":0,"master_deck":["Defend_G","Defend_G","Defend_G","Defend_G","Defend_G","Strike_G","Strike_G","Strike_G","Strike_G","Strike_G","Survivor","Neutralize","Storm of Steel+1","Underhanded Strike","Outmaneuver","Outmaneuver","Blade Dance+1","Doubt","Outmaneuver","Backstab+1","Cloak And Dagger+1","Flechettes"],"special_seed":0,"relics":["Ring of the Snake","Pear","Toxic Egg 2"],"potions_floor_usage":[7,10,13,16,16],"damage_taken":[{"damage":2.0,"enemies":"2 Louse","floor":1.0,"turns":4.0},{"damage":2,"enemies":"Small Slimes","floor":2,"turns":4},{"damage":2,"enemies":"Cultist","floor":3,"turns":5},{"damage":6,"enemies":"Blue Slaver","floor":4,"turns":5},{"damage":11,"enemies":"Gremlin Nob","floor":7,"turns":3},{"damage":12,"enemies":"Exordium Thugs","floor":10,"turns":5},{"damage":6,"enemies":"Large Slime","floor":11,"turns":7},{"damage":6,"enemies":"Looter","floor":13,"turns":4},{"damage":79,"enemies":"Hexaghost","floor":16,"turns":14}],"seed_played":"1342008840704973721","potions_obtained":[{"floor":2,"key":"SteroidPotion"},{"floor":7,"key":"Fire Potion"},{"floor":11,"key":"EntropicBrew"},{"floor":13,"key":"Regen Potion"}],"is_trial":false,"path_per_floor":["M","M","M","M","?","R","E","R","T","M","M","R","M","?","R","B"],"character_chosen":"THE_SILENT","items_purchased":[],"campfire_rested":1,"item_purchase_floors":[],"current_hp_per_floor":[68,66,64,58,58,58,57,57,57,45,39,63,57,57,57,0],"gold":266,"neow_bonus":"THREE_RARE_CARDS","is_prod":false,"is_daily":false,"chose_seed":false,"campfire_upgraded":2,"win_rate":0,"timestamp":1557526362,"path_taken":["M","M","M","M","?","R","E","R","T","M","M","R","M","?","R","BOSS"],"build_version":"2019-01-23","purchased_purges":0,"victory":false,"max_hp_per_floor":[70,70,70,70,70,70,80,80,80,80,80,80,80,80,80,80],"card_choices":[{"not_picked":["Glass Knife","Night Terror"],"picked":"Storm of Steel","floor":0.0},{"not_picked":["Deadly Poison","Setup"],"picked":"Underhanded Strike","floor":1},{"not_picked":["Deadly Poison","Prepared"],"picked":"Outmaneuver","floor":2},{"not_picked":["Flying Knee","Concentrate"],"picked":"Outmaneuver","floor":3},{"not_picked":["Riddle With Holes","Skewer"],"picked":"Blade Dance","floor":4},{"not_picked":["Eviscerate","Underhanded Strike"],"picked":"Outmaneuver","floor":7},{"not_picked":["Dagger Spray","Dagger Throw"],"picked":"Backstab","floor":10},{"not_picked":["Sucker Punch","Calculated Gamble+1"],"picked":"Cloak And Dagger+1","floor":11},{"not_picked":["Calculated Gamble+1","Outmaneuver+1"],"picked":"Flechettes","floor":13}],"player_experience":328843,"relics_obtained":[{"floor":7,"key":"Pear"},{"floor":9,"key":"Toxic Egg 2"}],"event_choices":[{"damage_healed":0,"gold_gain":175,"player_choice":"AGREE","damage_taken":0,"max_hp_gain":0,"max_hp_loss":0,"event_name":"Liars Game","floor":5,"gold_loss":0,"cards_obtained":["Doubt"]},{"damage_healed":0,"gold_gain":0,"player_choice":"Grow","damage_taken":0,"max_hp_gain":0,"max_hp_loss":0,"event_name":"Living Wall","floor":14,"gold_loss":0,"cards_upgraded":["Backstab"]}],"is_beta":false,"boss_relics":[],"items_purged_floors":[],"is_endless":false,"potions_floor_spawned":[2,7,11,13],"killed_by":"Hexaghost","ascension_level":0}