{"gold_per_floor":[218,31,31,31,42,60,89,118,142,67,96,57,68,68,68,140,140,151,151,151,168,93,125,125,138,165,179,208,12,43,57,57,57],"floor_reached":33,"playtime":1297,"items_purged":["Strike_R","Strike_R"],"score":557,"play_id":"b4f30a29-250d-4a4e-a858-95a890f404c5","local_time":"20190719230916","is_ascension_mode":true,"campfire_choices":[{"data":"Inflame","floor":15,"key":"SMITH"},{"floor":24,"key":"REST"},{"floor":32,"key":"REST"}],"neow_cost":"NONE","seed_source_timestamp":85473791728300,"circlet_count":0,"master_deck":["AscendersBane","Strike_R","Strike_R","Defend_R+1","Defend_R","Defend_R","Defend_R","Bash","Thunderclap+1","Feed+1","Armaments+1","Clothesline+1","Hemokinesis","Uppercut","Whirlwind","Anger","Shockwave","Inflame+1","Fiend Fire","Rampage","Spot Weakness","RitualDagger","Corruption","Havoc+1","Immolate","Pummel+1","Pummel","Trip","Armaments+1","Dual Wield"],"relics":["Burning Blood","Vajra","Odd Mushroom","Blood Vial","Pen Nib","Pear","Fusion Hammer","Bottled Lightning","Whetstone","Potion Belt","Bottled Tornado"],"potions_floor_usage":[8,16,23,28,28,33,33],"damage_taken":[{"damage":2,"enemies":"2 Louse","floor":1,"turns":4},{"damage":2,"enemies":"Small Slimes","floor":5,"turns":3},{"damage":0,"enemies":"Cultist","floor":6,"turns":3},{"damage":35,"enemies":"Lagavulin","floor":7,"turns":7},{"damage":12,"enemies":"The Mushroom Lair","floor":8,"turns":3},{"damage":26,"enemies":"Gremlin Nob","floor":11,"turns":4},{"damage":6,"enemies":"3 Louse","floor":13,"turns":2},{"damage":24,"enemies":"Slime Boss","floor":16,"turns":7},{"damage":0,"enemies":"3 Byrds","floor":18,"turns":3},{"damage":16,"enemies":"Shell Parasite","floor":21,"turns":4},{"damage":43,"enemies":"Book of Stabbing","floor":23,"turns":4},{"damage":12,"enemies":"Snake Plant","floor":25,"turns":3},{"damage":33,"enemies":"Sentry and Sphere","floor":27,"turns":4},{"damage":13,"enemies":"Slavers","floor":28,"turns":6},{"damage":45,"enemies":"Gremlin Leader","floor":30,"turns":3},{"damage":3,"enemies":"Centurion and Healer","floor":31,"turns":3},{"damage":73,"enemies":"Automaton","floor":33,"turns":6}],"seed_played":"5031327238612214024","potions_obtained":[{"floor":5,"key":"Fire Potion"},{"floor":6,"key":"SpeedPotion"},{"floor":8,"key":"SteroidPotion"},{"floor":21,"key":"Weak Potion"},{"floor":25,"key":"EssenceOfSteel"},{"floor":27,"key":"EssenceOfSteel"},{"floor":30,"key":"Regen Potion"},{"floor":31,"key":"Dexterity Potion"}],"is_trial":false,"path_per_floor":["M","$","?","?","M","M","E","?","T","$","E","$","M","T","R","B",null,"M","?","?","M","?","E","R","M","T","M","E","$","E","M","R","B"],"character_chosen":"IRONCLAD","items_purchased":["Feed","Armaments","Shockwave","Trip"],"campfire_rested":2,"item_purchase_floors":[2,2,12,29],"current_hp_per_floor":[72,72,57,57,65,74,45,42,42,42,24,24,29,39,39,23,79,90,90,84,76,76,41,71,67,67,46,45,45,8,13,45,0],"gold":57,"neow_bonus":"HUNDRED_GOLD","is_prod":false,"is_daily":false,"chose_seed":false,"campfire_upgraded":1,"win_rate":0,"timestamp":1563592156,"path_taken":["M","$","?","?","?","M","E","?","T","?","E","$","?","?","R","BOSS","M","?","?","M","?","E","R","M","T","M","E","?","E","M","R","BOSS"],"build_version":"2019-07-17","purchased_purges":2,"victory":false,"max_hp_per_floor":[75,75,75,75,79,82,82,85,85,85,85,85,88,98,98,98,98,101,101,101,101,101,101,101,101,101,105,109,109,109,109,109,109],"card_choices":[{"not_picked":["Sword Boomerang","Infernal Blade"],"picked":"Thunderclap","floor":1},{"not_picked":["True Grit","Anger"],"picked":"Clothesline","floor":5},{"not_picked":["Clothesline","Flex"],"picked":"Hemokinesis","floor":6},{"not_picked":["Headbutt","Dropkick"],"picked":"Uppercut","floor":7},{"not_picked":["Uppercut","Sever Soul"],"picked":"Whirlwind","floor":8},{"not_picked":["Rage","Armaments"],"picked":"Anger","floor":11},{"not_picked":["Exhume","Evolve"],"picked":"Inflame","floor":13},{"not_picked":["Juggernaut","Reaper"],"picked":"Fiend Fire","floor":16},{"not_picked":["Dropkick","Twin Strike"],"picked":"Rampage","floor":18},{"not_picked":["Entrench","Perfected Strike"],"picked":"Corruption","floor":21},{"not_picked":["Anger","Shrug It Off"],"picked":"Havoc+1","floor":23},{"not_picked":["Thunderclap+1","Power Through"],"picked":"Immolate","floor":25},{"not_picked":["Body Slam","Clash"],"picked":"Pummel+1","floor":27},{"not_picked":["Sentinel","Wild Strike"],"picked":"Pummel","floor":28},{"not_picked":["Sword Boomerang","Immolate"],"picked":"Armaments+1","floor":30},{"not_picked":["Headbutt","Ghostly Armor"],"picked":"Dual Wield","floor":31}],"player_experience":662913,"relics_obtained":[{"floor":7,"key":"Vajra"},{"floor":8,"key":"Odd Mushroom"},{"floor":9,"key":"Blood Vial"},{"floor":11,"key":"Pen Nib"},{"floor":14,"key":"Pear"},{"floor":23,"key":"Bottled Lightning"},{"floor":26,"key":"Whetstone"},{"floor":28,"key":"Potion Belt"},{"floor":30,"key":"Bottled Tornado"}],"event_choices":[{"damage_healed":0,"gold_gain":0,"player_choice":"Entered Light","damage_taken":15,"max_hp_gain":0,"max_hp_loss":0,"event_name":"Shining Light","floor":3,"gold_loss":0,"cards_upgraded":["Defend_R","Thunderclap"]},{"damage_healed":0,"gold_gain":0,"player_choice":"Upgraded","damage_taken":0,"max_hp_gain":0,"max_hp_loss":0,"event_name":"Upgrade Shrine","floor":4,"gold_loss":0,"cards_upgraded":["Armaments"]},{"damage_healed":0,"gold_gain":0,"player_choice":"Fought Mushrooms","damage_taken":0,"max_hp_gain":0,"max_hp_loss":0,"event_name":"Mushrooms","floor":8,"gold_loss":0},{"damage_healed":0,"gold_gain":0,"player_choice":"Read","damage_taken":0,"max_hp_gain":0,"max_hp_loss":0,"event_name":"The Library","floor":19,"gold_loss":0,"cards_obtained":["Spot Weakness"]},{"damage_healed":0,"gold_gain":0,"player_choice":"Joined the Cult","damage_taken":6,"max_hp_gain":0,"max_hp_loss":0,"event_name":"Nest","floor":20,"gold_loss":0,"cards_obtained":["RitualDagger"]},{"cards_removed":["Strike_R"],"damage_healed":0,"gold_gain":0,"player_choice":"Gave Gold","damage_taken":0,"max_hp_gain":0,"max_hp_loss":0,"event_name":"Beggar","floor":22,"gold_loss":75}],"is_beta":false,"boss_relics":[{"not_picked":["Astrolabe","Coffee Dripper"],"picked":"Fusion Hammer"}],"items_purged_floors":[10,29],"is_endless":false,"potions_floor_spawned":[5,6,8,11,21,25,27,30,31],"killed_by":"Automaton","ascension_level":14}