{"gold_per_floor":[162,175,187,137,147,147,162,182,229,229,248,248,204,223,223,324,324,344,357,357],"floor_reached":20,"playtime":1833,"items_purged":[],"score":187,"play_id":"91b42847-9d23-4005-903a-a8289064116f","local_time":"20190704231522","is_ascension_mode":true,"campfire_choices":[{"data":"Conserve Battery","floor":6,"key":"SMITH"},{"data":"Lockon","floor":12,"key":"SMITH"},{"data":"Leap","floor":15,"key":"SMITH"}],"neow_cost":"NONE","seed_source_timestamp":1028648503103200,"circlet_count":0,"master_deck":["Strike_B+1","Strike_B","Strike_B","Defend_B","Defend_B","Defend_B","Defend_B","Zap+1","Dualcast","Turbo","Rebound+1","Conserve Battery+1","Leap+1","Leap","Sweeping Beam","Lockon+1","Seek","Echo Form"],"relics":["Tiny House","Happy Flower","Eternal Feather"],"potions_floor_usage":[16,20,20],"damage_taken":[{"damage":0,"enemies":"Cultist","floor":1,"turns":4},{"damage":9,"enemies":"2 Louse","floor":2,"turns":2},{"damage":4,"enemies":"Jaw Worm","floor":3,"turns":5},{"damage":0,"enemies":"Blue Slaver","floor":5,"turns":6},{"damage":1,"enemies":"3 Louse","floor":7,"turns":4},{"damage":3,"enemies":"Exordium Thugs","floor":8,"turns":6},{"damage":0,"enemies":"Blue Slaver","floor":11,"turns":3},{"damage":2,"enemies":"3 Louse","floor":14,"turns":3},{"damage":9,"enemies":"The Guardian","floor":16,"turns":17},{"damage":29,"enemies":"Chosen","floor":18,"turns":7},{"damage":1,"enemies":"Spheric Guardian","floor":19,"turns":4},{"damage":5,"enemies":"Masked Bandits","floor":20,"turns":3}],"seed_played":"8880733821259633443","potions_obtained":[{"floor":0,"key":"SkillPotion"},{"floor":2,"key":"Swift Potion"},{"floor":3,"key":"Fire Potion"},{"floor":19,"key":"FocusPotion"}],"is_trial":false,"path_per_floor":["M","M","M","?","M","R","M","M","T","?","M","R","?","M","R","B",null,"M","M","?"],"character_chosen":"DEFECT","items_purchased":[],"campfire_rested":0,"item_purchase_floors":[],"current_hp_per_floor":[80,71,67,67,67,67,66,63,63,47,47,47,47,45,45,36,80,51,50,45],"gold":357,"neow_bonus":"BOSS_RELIC","is_prod":false,"is_daily":false,"chose_seed":false,"campfire_upgraded":3,"win_rate":0,"timestamp":1562296522,"path_taken":["M","M","?","?","M","R","M","M","T","?","M","R","?","M","R","BOSS","M","M","?"],"build_version":"2019-07-01","purchased_purges":0,"victory":false,"max_hp_per_floor":[80,80,80,80,80,80,80,80,80,80,80,80,80,80,80,80,80,80,80,80],"card_choices":[{"not_picked":["Ball Lightning","Compile Driver"],"picked":"Turbo","floor":0},{"not_picked":["Hello World","Skim"],"picked":"Rebound","floor":1},{"not_picked":["Static Discharge","Compile Driver"],"picked":"Conserve Battery","floor":2},{"not_picked":["Ball Lightning","Genetic Algorithm"],"picked":"Leap","floor":3},{"not_picked":["Heatsinks","Cold Snap","Force Field"],"picked":"SKIP","floor":5},{"not_picked":["Heatsinks","Stack"],"picked":"Leap","floor":7},{"not_picked":["FTL","Compile Driver"],"picked":"Sweeping Beam","floor":8},{"not_picked":["Go for the Eyes","Compile Driver"],"picked":"Lockon","floor":11},{"not_picked":["Ball Lightning","Beam Cell"],"picked":"Seek","floor":14},{"not_picked":["Fission","Reboot"],"picked":"Echo Form","floor":16},{"not_picked":["Steam Power","Gash","Static Discharge"],"picked":"SKIP","floor":18},{"not_picked":["Doom and Gloom+1","Sweeping Beam+1","Gash"],"picked":"SKIP","floor":19}],"player_experience":609999,"relics_obtained":[{"floor":9,"key":"Happy Flower"}],"event_choices":[{"cards_removed":["Strike_B"],"damage_healed":0,"gold_gain":0,"player_choice":"Card Removal","damage_taken":0,"max_hp_gain":0,"max_hp_loss":0,"event_name":"The Cleric","floor":4,"gold_loss":50},{"damage_healed":0,"gold_gain":0,"player_choice":"Entered Light","damage_taken":16,"max_hp_gain":0,"max_hp_loss":0,"event_name":"Shining Light","floor":10,"gold_loss":0,"cards_upgraded":["Rebound","Strike_B"]},{"damage_healed":0,"gold_gain":0,"player_choice":"Left Gold","damage_taken":0,"max_hp_gain":0,"max_hp_loss":0,"event_name":"World of Goop","floor":13,"gold_loss":44},{"damage_healed":0,"gold_gain":0,"player_choice":"Fought Bandits","damage_taken":0,"max_hp_gain":0,"max_hp_loss":0,"event_name":"Masked Bandits","floor":20,"gold_loss":0}],"is_beta":false,"boss_relics":[{"not_picked":["Ectoplasm","Runic Pyramid"],"picked":"Eternal Feather"}],"items_purged_floors":[],"is_endless":false,"potions_floor_spawned":[2,3,7,14,19],"killed_by":"Masked Bandits","ascension_level":2}