{"gold_per_floor":[118,118,193,205,60,94,110,140,140,28,28,28,43,43],"floor_reached":14,"playtime":481,"items_purged":["Regret"],"score":197,"play_id":"3e6ad4e0-8898-40e6-9ae7-70056827a3fb","local_time":"20190710120953","is_ascension_mode":true,"campfire_choices":[],"neow_cost":"NONE","seed_source_timestamp":1263296780498900,"circlet_count":0,"master_deck":["AscendersBane","Strike_R","Strike_R","Strike_R","Strike_R","Defend_R","Defend_R","Defend_R","Defend_R","Bash","Disarm","Seeing Red","Spot Weakness","Flame Barrier","Feel No Pain","Disarm"],"relics":["Burning Blood","NeowsBlessing","Magic Flower","Blood Vial","Mango","Ornamental Fan","Dead Branch"],"potions_floor_usage":[],"damage_taken":[{"damage":0,"enemies":"2 Louse","floor":1,"turns":1},{"damage":2,"enemies":"Small Slimes","floor":4,"turns":2},{"damage":0,"enemies":"Gremlin Nob","floor":6,"turns":1},{"damage":12,"enemies":"Jaw Worm","floor":7,"turns":3},{"damage":73,"enemies":"3 Sentries","floor":8,"turns":11},{"damage":4,"enemies":"Looter","floor":13,"turns":4},{"damage":34,"enemies":"Gremlin Nob","floor":14,"turns":3}],"seed_played":"8854250114175187012","potions_obtained":[{"floor":4,"key":"Poison Potion"},{"floor":7,"key":"LiquidBronze"},{"floor":8,"key":"Fire Potion"}],"is_trial":false,"path_per_floor":["M","?","?","M","$","E","M","E","T","$","?","$","M","E"],"character_chosen":"IRONCLAD","items_purchased":["Blood Vial","Feel No Pain"],"campfire_rested":0,"item_purchase_floors":[5,10],"current_hp_per_floor":[78,78,67,74,74,94,91,30,30,30,23,23,31,0],"gold":43,"neow_bonus":"THREE_ENEMY_KILL","is_prod":false,"is_daily":false,"chose_seed":false,"campfire_upgraded":0,"win_rate":0,"timestamp":1562774993,"path_taken":["M","?","?","M","$","E","M","E","T","?","?","$","?","E"],"build_version":"2019-07-05","purchased_purges":1,"victory":false,"max_hp_per_floor":[80,80,80,80,80,94,94,94,94,94,94,94,94,94],"card_choices":[{"not_picked":["Shrug It Off","Searing Blow"],"picked":"Disarm","floor":1},{"not_picked":["Body Slam","Perfected Strike"],"picked":"Seeing Red","floor":4},{"not_picked":["Wild Strike","Pummel"],"picked":"Spot Weakness","floor":6},{"not_picked":["Ghostly Armor","Twin Strike","Reckless Charge"],"picked":"SKIP","floor":7},{"not_picked":["Dual Wield","Thunderclap"],"picked":"Flame Barrier","floor":8},{"not_picked":["Spot Weakness","Sword Boomerang"],"picked":"Disarm","floor":13}],"player_experience":602377,"relics_obtained":[{"floor":6,"key":"Mango"},{"floor":8,"key":"Ornamental Fan"},{"floor":9,"key":"Dead Branch"}],"event_choices":[{"damage_healed":0,"gold_gain":0,"player_choice":"Box","damage_taken":0,"relics_obtained":["Magic Flower"],"max_hp_gain":0,"max_hp_loss":0,"event_name":"Big Fish","floor":2,"gold_loss":0,"cards_obtained":["Regret"]},{"damage_healed":0,"gold_gain":75,"player_choice":"Gather Gold","damage_taken":11,"max_hp_gain":0,"max_hp_loss":0,"event_name":"World of Goop","floor":3,"gold_loss":0},{"cards_removed":["Strike_R"],"damage_healed":0,"gold_gain":0,"player_choice":"Card Removal","damage_taken":7,"max_hp_gain":0,"max_hp_loss":0,"event_name":"Golden Wing","floor":11,"gold_loss":0}],"is_beta":false,"boss_relics":[],"items_purged_floors":[10],"is_endless":false,"potions_floor_spawned":[4,7,8,13],"killed_by":"Gremlin Nob","ascension_level":12}