{"path_per_floor":["M","M","T","?","$","R","E","M","T","R","M","M","M","?","R","B",null,"M","$","?","M","M","R","M","R","T","M","R","?","M","M","R","B",null,"M","M","?","M","M","R","M","R","T","M"],"character_chosen":"DEFECT","items_purchased":["Defragment","Gambling Chip","Dexterity Potion"],"gold_per_floor":[119,138,184,134,134,134,161,172,226,226,241,254,270,270,270,371,371,390,11,11,29,49,49,59,59,59,79,79,79,98,117,117,214,214,227,244,244,259,278,278,293,293,316,331,331],"floor_reached":45,"campfire_rested":5,"playtime":10371,"current_hp_per_floor":[75,73,80,80,80,80,48,48,48,48,46,19,14,14,38,38,82,53,53,53,53,47,47,5,29,29,27,51,35,35,8,32,30,82,37,32,53,53,42,42,36,60,60,7,0],"items_purged":[],"gold":331,"score":486,"play_id":"92ad4080-fcca-4c6c-921c-e2e1b62c6510","local_time":"20180512045326","is_prod":false,"is_daily":false,"chose_seed":false,"is_ascension_mode":true,"campfire_upgraded":4,"timestamp":1526115206,"path_taken":["M","M","?","?","$","R","E","?","T","R","?","M","M","?","R","BOSS","M","$","?","M","M","R","M","R","T","M","R","?","M","M","R","BOSS","M","?","?","M","M","R","?","R","T","M","M"],"build_version":"2018-05-10","seed_source_timestamp":113551496504656,"purchased_purges":1,"victory":false,"master_deck":["Strike_B","Strike_B","Defend_B","Defend_B","Defend_B","Defend_B","Zap+1","Dualcast","Heatsinks+1","Capacitor+1","FTL","Cold Snap","Force Field","Double Energy","Reinforced Body","Skim+1","Creative AI","Skim","Defragment","Stack+1","Coolheaded+1","Hologram+1","Impulse+1","Reprogram+1","Buffer+1","Recycle+1","Aggregate+1","Writhe","Double Energy+1"],"max_hp_per_floor":[75,75,82,82,82,82,82,82,82,82,82,82,82,82,82,82,82,82,82,82,82,82,82,82,82,82,82,82,82,82,82,82,82,82,82,82,82,82,82,82,82,82,82,82,82],"relics":["Cracked Core","Orichalcum","Strawberry","Pantograph","Oddly Smooth Stone","Snecko Eye","Gambling Chip","Matryoshka","Enchiridion","Lizard Tail","Vajra","Lantern"],"card_choices":[{"not_picked":["Skim","Gash"],"picked":"Heatsinks","floor":1},{"not_picked":["Aggregate","Recycle"],"picked":"Capacitor","floor":2},{"not_picked":["Streamline","Consume"],"picked":"FTL","floor":7},{"not_picked":["Tempest","Consume"],"picked":"Cold Snap","floor":8},{"not_picked":["Cold Snap","Capacitor"],"picked":"Force Field","floor":11},{"not_picked":["Steam","Rip and Tear"],"picked":"Double Energy","floor":12},{"not_picked":["Skim","Capacitor"],"picked":"Reinforced Body","floor":13},{"not_picked":["Rainbow","Biased Cognition"],"picked":"Creative AI","floor":16},{"not_picked":["Capacitor","Streamline"],"picked":"Skim","floor":18},{"not_picked":["Capacitor","Coolheaded"],"picked":"Stack","floor":21},{"not_picked":["All For One","Turbo"],"picked":"Coolheaded","floor":24},{"not_picked":["Rip and Tear","Sweeping Beam"],"picked":"Hologram","floor":27},{"not_picked":["Leap","Skim"],"picked":"Impulse","floor":30},{"not_picked":["Cold Snap","Leap"],"picked":"Reprogram","floor":31},{"not_picked":["Echo Form","Fission"],"picked":"Buffer","floor":33},{"not_picked":["Rebound","Leap"],"picked":"Recycle","floor":35},{"not_picked":["White Noise","Capacitor"],"picked":"Aggregate","floor":36},{"not_picked":["Ball Lightning","Conserve Battery"],"picked":"Double Energy","floor":44}],"player_experience":83078,"potions_floor_usage":[12,16,16,27,27,41,45],"damage_taken":[{"damage":0,"enemies":"Cultist","floor":1,"turns":3},{"damage":2,"enemies":"Jaw Worm","floor":2,"turns":3},{"damage":32,"enemies":"Lagavulin","floor":7,"turns":8},{"damage":0,"enemies":"2 Louse","floor":8,"turns":2},{"damage":2,"enemies":"Red Slaver","floor":11,"turns":4},{"damage":27,"enemies":"Gremlin Gang","floor":12,"turns":5},{"damage":5,"enemies":"Looter","floor":13,"turns":2},{"damage":25,"enemies":"Slime Boss","floor":16,"turns":15},{"damage":29,"enemies":"Spheric Guardian","floor":18,"turns":8},{"damage":0,"enemies":"Chosen","floor":21,"turns":6},{"damage":6,"enemies":"Sentry and Sphere","floor":22,"turns":8},{"damage":42,"enemies":"Centurion and Healer","floor":24,"turns":10},{"damage":2,"enemies":"Snake Plant","floor":27,"turns":9},{"damage":0,"enemies":"Snecko","floor":30,"turns":7},{"damage":27,"enemies":"Chosen and Byrds","floor":31,"turns":5},{"damage":27,"enemies":"Collector","floor":33,"turns":13},{"damage":45,"enemies":"Flame Bruiser 1 Orb","floor":35,"turns":10},{"damage":5,"enemies":"3 Darklings","floor":36,"turns":4},{"damage":0,"enemies":"Sphere and 2 Shapes","floor":38,"turns":9},{"damage":11,"enemies":"4 Shapes","floor":39,"turns":8},{"damage":66,"enemies":"Flame Bruiser 2 Orb","floor":41,"turns":8},{"damage":53,"enemies":"Sphere and 2 Shapes","floor":44,"turns":6},{"damage":7,"enemies":"3 Darklings","floor":45,"turns":4}],"event_choices":[{"event_name":"The Cleric","player_choice":"Card Removal","floor":4,"damage_taken":0},{"event_name":"Transmorgrifier","player_choice":"Transform","floor":14,"damage_taken":0},{"event_name":"Upgrade Shrine","player_choice":"Upgraded","floor":20,"damage_taken":0},{"event_name":"Cursed Tome","player_choice":"Obtained Book","floor":29,"damage_taken":0},{"event_name":"Winding Halls","player_choice":"Writhe","floor":37,"damage_taken":0}],"boss_relics":[{"not_picked":["Cursed Key","Tiny House"],"picked":"Snecko Eye"},{"not_picked":["Black Star","Runic Dome"],"picked":"Lizard Tail"}],"potions_floor_spawned":[1,2,13,24,33,39,41,44],"seed_played":"5101530361262466847","killed_by":"3 Darklings","ascension_level":3,"is_trial":false}