{"gold_per_floor":[109,109,122,139,153,153,153,164,220,234,234,7,27,44,44,147,147,165,264,189,5,5,5,15,31,84,84,99,99],"floor_reached":29,"playtime":3628,"items_purged":["Strike_G"],"score":219,"play_id":"2a33a9c4-f91e-46f5-9b2a-f967303db7a7","local_time":"20181107191215","is_ascension_mode":false,"campfire_choices":[{"data":"Dodge and Roll","floor":6,"key":"SMITH"},{"data":"Footwork","floor":15,"key":"SMITH"},{"data":"Footwork","floor":23,"key":"SMITH"}],"neow_cost":"CURSE","seed_source_timestamp":5568893371898,"circlet_count":0,"master_deck":["Defend_G+1","Defend_G","Defend_G","Defend_G","Defend_G","Strike_G","Strike_G","Strike_G","Survivor","Neutralize","Dramatic Entrance","Mayhem","Prepared","Dodge and Roll+1","Infinite Blades","Footwork+1","Deflect+1","Well Laid Plans","Well Laid Plans","Footwork+1","Night Terror","Blur+1","Outmaneuver","Choke"],"relics":["Ring of the Snake","Tiny Chest","Membership Card","White Beast Statue","Anchor","Bag of Preparation","Ancient Tea Set","Dream Catcher"],"potions_floor_usage":[14,16,18,24,25,25,28,28,29],"damage_taken":[{"damage":0,"enemies":"Jaw Worm","floor":1,"turns":4},{"damage":0,"enemies":"Small Slimes","floor":3,"turns":3},{"damage":1,"enemies":"Cultist","floor":4,"turns":4},{"damage":0,"enemies":"Blue Slaver","floor":5,"turns":6},{"damage":2,"enemies":"Exordium Thugs","floor":8,"turns":7},{"damage":0,"enemies":"2 Fungi Beasts","floor":10,"turns":5},{"damage":0,"enemies":"Blue Slaver","floor":13,"turns":5},{"damage":0,"enemies":"Large Slime","floor":14,"turns":11},{"damage":17,"enemies":"Slime Boss","floor":16,"turns":17},{"damage":0,"enemies":"3 Byrds","floor":18,"turns":8},{"damage":25,"enemies":"2 Thieves","floor":20,"turns":5},{"damage":7,"enemies":"Shelled Parasite and Fungi","floor":24,"turns":13},{"damage":8,"enemies":"Cultist and Chosen","floor":25,"turns":14},{"damage":6,"enemies":"Centurion and Healer","floor":28,"turns":30},{"damage":39,"enemies":"Masked Bandits","floor":29,"turns":3}],"seed_played":"1458627837715364638","potions_obtained":[{"floor":4,"key":"SpeedPotion"},{"floor":5,"key":"EssenceOfSteel"},{"floor":10,"key":"Regen Potion"},{"floor":13,"key":"Regen Potion"},{"floor":14,"key":"Strength Potion"},{"floor":16,"key":"SkillPotion"},{"floor":18,"key":"GamblersBrew"},{"floor":24,"key":"Fire Potion"},{"floor":25,"key":"Fire Potion"},{"floor":28,"key":"Weak Potion"}],"is_trial":false,"path_per_floor":["M","?","M","M","M","R","?","M","T","M","?","$","M","M","R","B",null,"M","?","M","$","?","R","M","M","T","?","M","?"],"character_chosen":"THE_SILENT","items_purchased":["Membership Card","Well Laid Plans","Anchor","Bag of Preparation"],"campfire_rested":0,"item_purchase_floors":[12,12,21,21],"current_hp_per_floor":[70,63,63,62,62,62,62,60,60,60,46,46,46,61,61,44,70,70,70,45,45,45,45,53,45,45,45,39,0],"gold":99,"neow_bonus":"RANDOM_COLORLESS_2","is_prod":false,"is_daily":false,"chose_seed":false,"campfire_upgraded":3,"win_rate":0,"timestamp":1541635935,"path_taken":["M","?","M","M","M","R","?","M","T","?","?","?","M","M","R","BOSS","M","?","M","$","?","R","M","M","T","?","M","?"],"build_version":"2018-11-06","purchased_purges":1,"victory":false,"max_hp_per_floor":[70,70,70,70,70,70,70,70,70,70,70,70,70,70,70,70,70,70,70,70,70,70,70,70,70,70,70,70,70],"card_choices":[{"not_picked":["Dagger Spray","Predator"],"picked":"Prepared","floor":1},{"not_picked":["Deadly Poison","Deflect","Quick Slash"],"picked":"SKIP","floor":3},{"not_picked":["Sucker Punch","Deadly Poison"],"picked":"Dodge and Roll","floor":4},{"not_picked":["Dagger Throw","Tools of the Trade"],"picked":"Infinite Blades","floor":5},{"not_picked":["Endless Agony","Well Laid Plans"],"picked":"Footwork","floor":8},{"not_picked":["Slice","Deadly Poison"],"picked":"Deflect","floor":10},{"not_picked":["All Out Attack","Slice"],"picked":"Well Laid Plans","floor":13},{"not_picked":["Cloak And Dagger","Underhanded Strike"],"picked":"Footwork","floor":14},{"not_picked":["Wraith Form v2","Storm of Steel"],"picked":"Night Terror","floor":16},{"not_picked":["Flechettes","Slice"],"picked":"Blur+1","floor":18},{"not_picked":["Cloak And Dagger","Sucker Punch+1","Deflect+1"],"picked":"SKIP","floor":20},{"not_picked":["Deflect","Quick Slash","Masterful Stab"],"picked":"SKIP","floor":24},{"not_picked":["Cloak And Dagger","Flying Knee"],"picked":"Outmaneuver","floor":25},{"not_picked":["PiercingWail","Tactician"],"picked":"Choke","floor":28}],"player_experience":188885,"relics_obtained":[{"floor":9,"key":"Tiny Chest"},{"floor":26,"key":"Ancient Tea Set"}],"event_choices":[{"cards_removed":["Injury"],"damage_healed":0,"gold_gain":0,"player_choice":"Card Removal","damage_taken":7,"max_hp_gain":0,"max_hp_loss":0,"event_name":"Golden Wing","floor":2,"gold_loss":0},{"cards_removed":["Strike_G"],"damage_healed":0,"gold_gain":0,"player_choice":"Offered Basic","damage_taken":0,"max_hp_gain":0,"max_hp_loss":0,"event_name":"Bonfire Elementals","floor":7,"gold_loss":0},{"damage_healed":0,"gold_gain":0,"player_choice":"Entered Light","damage_taken":14,"max_hp_gain":0,"max_hp_loss":0,"event_name":"Shining Light","floor":11,"gold_loss":0,"cards_upgraded":["Defend_G","Deflect"]},{"damage_healed":0,"gold_gain":99,"player_choice":"Stole From Cult","damage_taken":0,"max_hp_gain":0,"max_hp_loss":0,"event_name":"Nest","floor":19,"gold_loss":0},{"damage_healed":0,"gold_gain":0,"player_choice":"Ignored","damage_taken":0,"max_hp_gain":0,"max_hp_loss":0,"event_name":"Vampires","floor":22,"gold_loss":0},{"damage_healed":0,"gold_gain":0,"player_choice":"Opened","damage_taken":0,"relics_obtained":["Dream Catcher"],"max_hp_gain":0,"max_hp_loss":0,"event_name":"The Mausoleum","floor":27,"gold_loss":0},{"damage_healed":0,"gold_gain":0,"player_choice":"Fought Bandits","damage_taken":0,"max_hp_gain":0,"max_hp_loss":0,"event_name":"Masked Bandits","floor":29,"gold_loss":0}],"is_beta":true,"boss_relics":[{"not_picked":["Sozu","Philosopher\u0027s Stone"],"picked":"White Beast Statue"}],"items_purged_floors":[21],"is_endless":false,"potions_floor_spawned":[4,5,10,13,14,16,18,20,24,25,28],"killed_by":"Masked Bandits","ascension_level":0}