{"gold_per_floor":[111,130,110,127,141,141,153,153,177,49,49,64,82,102,102,181,181,192,242,242,260,260,260,260],"floor_reached":24,"playtime":778,"items_purged":[],"score":361,"play_id":"29bf3201-f9f1-4098-bc5b-7e06aead6b13","local_time":"20190212145745","is_ascension_mode":true,"campfire_choices":[{"data":"Genetic Algorithm","floor":6.0,"key":"SMITH"},{"data":"Doom and Gloom","floor":8.0,"key":"SMITH"},{"data":"Leap","floor":11.0,"key":"SMITH"},{"data":"Defragment","floor":15.0,"key":"SMITH"},{"data":"Buffer","floor":23.0,"key":"SMITH"}],"neow_cost":"NONE","seed_source_timestamp":1213687502004694,"circlet_count":0,"master_deck":["AscendersBane","Strike_B","Strike_B","Defend_B","Defend_B","Defend_B","Defend_B","Zap","Dualcast","Genetic Algorithm+1","Doom and Gloom+1","Self Repair","White Noise","Leap+1","Fission","Defragment","Defragment+1","Buffer+1","Static Discharge","Compile Driver","Compile Driver"],"special_seed":0,"relics":["FrozenCore","Lantern","Tiny Chest"],"potions_floor_usage":[24],"damage_taken":[{"damage":1.0,"enemies":"Cultist","floor":1.0,"turns":3.0},{"damage":3.0,"enemies":"Jaw Worm","floor":2.0,"turns":4.0},{"damage":8.0,"enemies":"Small Slimes","floor":4.0,"turns":3.0},{"damage":7.0,"enemies":"Looter","floor":5.0,"turns":3.0},{"damage":14.0,"enemies":"Blue Slaver","floor":7.0,"turns":5.0},{"damage":6.0,"enemies":"Exordium Thugs","floor":12.0,"turns":4.0},{"damage":9.0,"enemies":"Red Slaver","floor":13.0,"turns":5.0},{"damage":6.0,"enemies":"Blue Slaver","floor":14.0,"turns":5.0},{"damage":20.0,"enemies":"Hexaghost","floor":16.0,"turns":9.0},{"damage":8.0,"enemies":"2 Thieves","floor":18.0,"turns":4.0},{"damage":6.0,"enemies":"Shell Parasite","floor":21.0,"turns":7.0},{"damage":41,"enemies":"Gremlin Leader","floor":24,"turns":4}],"seed_played":"7655312279909382536","potions_obtained":[{"floor":1.0,"key":"Poison Potion"},{"floor":3.0,"key":"Weak Potion"},{"floor":5.0,"key":"Strength Potion"},{"floor":14.0,"key":"EntropicBrew"},{"floor":16.0,"key":"Explosive Potion"},{"floor":21.0,"key":"SteroidPotion"}],"is_trial":false,"path_per_floor":["M","M","?","M","M","R","M","R","T","$","R","M","M","M","R","B",null,"M","?","?","M","?","R","E"],"character_chosen":"DEFECT","items_purchased":["Tiny Chest"],"campfire_rested":0,"item_purchase_floors":[10],"current_hp_per_floor":[70,67,67,59,59,59,52,52,52,52,52,53,51,52,52,39,68,60,60,38,39,39,39,0],"gold":260,"neow_bonus":"TEN_PERCENT_HP_BONUS","is_prod":false,"is_daily":false,"chose_seed":false,"campfire_upgraded":5,"win_rate":0,"timestamp":1550001465,"path_taken":["M","?","?","M","?","R","M","R","T","?","R","M","M","M","R","BOSS","M","?","?","M","?","R","E"],"build_version":"2019-02-06","purchased_purges":0,"victory":false,"max_hp_per_floor":[78,78,78,78,78,78,78,78,78,78,78,78,78,78,78,78,78,78,78,83,83,83,83,83],"card_choices":[{"not_picked":["Sweeping Beam","Redo"],"picked":"Genetic Algorithm","floor":1.0},{"not_picked":["Gash","Beam Cell"],"picked":"Doom and Gloom","floor":2.0},{"not_picked":["Hologram","Consume"],"picked":"Self Repair","floor":4.0},{"not_picked":["Ball Lightning","Turbo"],"picked":"White Noise","floor":5.0},{"not_picked":["Beam Cell","Sweeping Beam"],"picked":"Leap","floor":7.0},{"not_picked":["Stack","Go for the Eyes"],"picked":"Fission","floor":12.0},{"not_picked":["Scrape","Sweeping Beam"],"picked":"Defragment","floor":13.0},{"not_picked":["Compile Driver","Self Repair"],"picked":"Defragment","floor":14.0},{"not_picked":["Reboot","Biased Cognition"],"picked":"Buffer","floor":16.0},{"not_picked":["Cold Snap","Redo"],"picked":"Static Discharge","floor":18.0},{"not_picked":["Barrage","Rip and Tear","Lockon"],"picked":"SKIP","floor":21.0}],"player_experience":933352,"relics_obtained":[{"floor":9.0,"key":"Lantern"}],"event_choices":[{"damage_healed":0.0,"max_hp_gain":0.0,"max_hp_loss":0.0,"gold_gain":0.0,"event_name":"The Woman in Blue","player_choice":"Bought 1 Potion","floor":3.0,"gold_loss":0.0,"damage_taken":0.0},{"damage_healed":0.0,"max_hp_gain":0.0,"max_hp_loss":0.0,"gold_gain":50.0,"event_name":"Nest","player_choice":"Stole From Cult","floor":19.0,"gold_loss":0.0,"damage_taken":0.0},{"damage_healed":0.0,"max_hp_gain":5.0,"max_hp_loss":0.0,"gold_gain":0.0,"event_name":"Forgotten Altar","player_choice":"Shed Blood","floor":20.0,"gold_loss":0.0,"damage_taken":27.0},{"damage_healed":0.0,"max_hp_gain":0.0,"max_hp_loss":0.0,"gold_gain":0.0,"cards_transformed":["Strike_B","Strike_B"],"event_name":"Drug Dealer","player_choice":"Became Test Subject","floor":22.0,"gold_loss":0.0,"damage_taken":0.0,"cards_obtained":["Compile Driver","Compile Driver"]}],"is_beta":true,"boss_relics":[{"not_picked":["Lizard Tail","Sozu"],"picked":"FrozenCore"}],"items_purged_floors":[],"is_endless":false,"potions_floor_spawned":[1,4,5,12,14,16,21],"killed_by":"Gremlin Leader","ascension_level":18}