{"gold_per_floor":[112,131,131,144,24,51,71,71,71,100,112,137,149,191,203,215],"floor_reached":16,"playtime":922,"items_purged":["Strike_R"],"score":112,"play_id":"cba9b2f2-7f28-4b2e-b847-b90b0f2749b3","local_time":"20190719223107","is_ascension_mode":false,"campfire_choices":[{"data":"Entrench","floor":8,"key":"SMITH"},{"data":"Iron Wave","floor":11,"key":"SMITH"},{"data":"Rage","floor":15,"key":"SMITH"}],"neow_cost":"NONE","seed_source_timestamp":794354233750196,"circlet_count":0,"master_deck":["Strike_R","Strike_R","Strike_R","Strike_R","Defend_R","Defend_R","Defend_R","Defend_R","Bash","Entrench+1","Warcry","Rage+1","Clash+1","Metallicize","Iron Wave+1","Warcry"],"relics":["Burning Blood","Anchor","Potion Belt","MawBank","Question Card"],"potions_floor_usage":[16,16],"damage_taken":[{"damage":1,"enemies":"Cultist","floor":1,"turns":4},{"damage":1,"enemies":"Jaw Worm","floor":2,"turns":3},{"damage":2,"enemies":"2 Louse","floor":4,"turns":3},{"damage":32,"enemies":"Lagavulin","floor":6,"turns":7},{"damage":5,"enemies":"Red Slaver","floor":7,"turns":5},{"damage":0,"enemies":"Blue Slaver","floor":10,"turns":4},{"damage":0,"enemies":"3 Louse","floor":12,"turns":4},{"damage":7,"enemies":"3 Sentries","floor":14,"turns":14},{"damage":79,"enemies":"Hexaghost","floor":16,"turns":12}],"seed_played":"5476563920187548286","potions_obtained":[{"floor":4,"key":"Regen Potion"},{"floor":7,"key":"AttackPotion"},{"floor":10,"key":"SteroidPotion"}],"is_trial":false,"path_per_floor":["M","M","?","M","$","E","M","R","T","M","R","M","?","E","R","B"],"character_chosen":"IRONCLAD","items_purchased":["Clash"],"campfire_rested":0,"item_purchase_floors":[5],"current_hp_per_floor":[80,80,80,80,80,54,55,55,55,61,61,67,67,66,66,0],"gold":215,"neow_bonus":"RANDOM_COMMON_RELIC","is_prod":false,"is_daily":false,"chose_seed":false,"campfire_upgraded":3,"win_rate":0,"timestamp":1563600667,"path_taken":["M","M","?","M","$","E","?","R","T","?","R","M","?","E","R","BOSS"],"build_version":"2019-07-17","purchased_purges":1,"victory":false,"max_hp_per_floor":[80,80,80,80,80,80,80,80,80,80,80,80,80,80,80,80],"card_choices":[{"not_picked":["Cleave","Whirlwind"],"picked":"Entrench","floor":1},{"not_picked":["True Grit","Dropkick"],"picked":"Warcry","floor":2},{"not_picked":["Havoc","Sentinel"],"picked":"Rage","floor":4},{"not_picked":["Dual Wield","Combust"],"picked":"Metallicize","floor":6},{"not_picked":["Headbutt","Warcry","Wild Strike"],"picked":"SKIP","floor":7},{"not_picked":["Clothesline","Pummel"],"picked":"Iron Wave","floor":10},{"not_picked":["Anger","Uppercut","Shockwave"],"picked":"SKIP","floor":12},{"not_picked":["Flex","Havoc"],"picked":"Warcry","floor":14}],"player_experience":163663,"relics_obtained":[{"floor":6,"key":"Potion Belt"},{"floor":9,"key":"MawBank"},{"floor":14,"key":"Question Card"}],"event_choices":[{"damage_healed":0,"gold_gain":0,"player_choice":"Ignored","damage_taken":0,"max_hp_gain":0,"max_hp_loss":0,"event_name":"NoteForYourself","floor":3,"gold_loss":0},{"damage_healed":0,"gold_gain":0,"player_choice":"Upgraded","damage_taken":0,"max_hp_gain":0,"max_hp_loss":0,"event_name":"Upgrade Shrine","floor":13,"gold_loss":0,"cards_upgraded":["Clash"]}],"is_beta":false,"boss_relics":[],"items_purged_floors":[5],"is_endless":false,"potions_floor_spawned":[4,7,10],"killed_by":"Hexaghost","ascension_level":0}