{"gold_per_floor":[109,125,143,155,167,167,192,192,218,97,109,188,188,208,208,305,305,321,321,64,89,108,108,118,118,118,150,168,168],"floor_reached":29,"playtime":1656,"items_purged":["Pain"],"score":247,"play_id":"d39fc01a-ee0b-430e-bfd7-4667b55c64cb","local_time":"20190518200806","is_ascension_mode":false,"campfire_choices":[{"floor":6.0,"key":"RECALL"},{"floor":13.0,"key":"REST"},{"floor":15.0,"key":"REST"},{"data":"Apotheosis","floor":23.0,"key":"SMITH"},{"data":"Noxious Fumes","floor":25.0,"key":"SMITH"}],"neow_cost":"NONE","seed_source_timestamp":0,"circlet_count":0,"master_deck":["Defend_G+1","Defend_G+1","Defend_G+1","Defend_G+1","Defend_G+1","Strike_G+1","Strike_G+1","Strike_G+1","Strike_G+1","Strike_G+1","Survivor","Neutralize","Dagger Throw","PiercingWail","Dodge and Roll","Outmaneuver","Deflect","Corpse Explosion","Slice","Quick Slash","Skewer","Bullet Time","Caltrops","Apotheosis+1","Noxious Fumes+1","Outmaneuver+1","Heel Hook+1","Venomology","Finisher+1","Slice"],"special_seed":0,"relics":["Ring of the Snake","Vajra","Gremlin Horn","WarpedTongs","Darkstone Periapt","Eternal Feather","Red Mask","Shovel","Blood Vial"],"potions_floor_usage":[29,29],"damage_taken":[{"damage":1.0,"enemies":"2 Louse","floor":1.0,"turns":3.0},{"damage":0.0,"enemies":"Cultist","floor":2.0,"turns":2.0},{"damage":0.0,"enemies":"Jaw Worm","floor":3.0,"turns":3.0},{"damage":2.0,"enemies":"Blue Slaver","floor":4.0,"turns":5.0},{"damage":3.0,"enemies":"Looter","floor":5.0,"turns":4.0},{"damage":31.0,"enemies":"Lagavulin","floor":7.0,"turns":14.0},{"damage":17.0,"enemies":"Large Slime","floor":11.0,"turns":7.0},{"damage":0.0,"enemies":"3 Louse","floor":14.0,"turns":2.0},{"damage":32.0,"enemies":"The Guardian","floor":16.0,"turns":14.0},{"damage":21.0,"enemies":"3 Byrds","floor":18.0,"turns":4.0},{"damage":0.0,"enemies":"Masked Bandits","floor":21.0,"turns":2.0},{"damage":19.0,"enemies":"Spheric Guardian","floor":22.0,"turns":5.0},{"damage":0.0,"enemies":"Snake Plant","floor":24.0,"turns":4.0},{"damage":11.0,"enemies":"Slavers","floor":27.0,"turns":2.0},{"damage":38.0,"enemies":"Sentry and Sphere","floor":28.0,"turns":5.0},{"damage":19,"enemies":"Chosen and Byrds","floor":29,"turns":6}],"seed_played":"-8188342613241109004","potions_obtained":[{"floor":2.0,"key":"Dexterity Potion"},{"floor":3.0,"key":"Block Potion"},{"floor":4.0,"key":"PowerPotion"},{"floor":18.0,"key":"Swift Potion"},{"floor":21.0,"key":"Swift Potion"},{"floor":24.0,"key":"SteroidPotion"}],"is_trial":false,"path_per_floor":["M","M","M","M","M","R","E","?","T","$","M","T","R","M","R","B",null,"M","?","$","?","M","R","M","R","T","E","M","M"],"character_chosen":"THE_SILENT","items_purchased":["Slice","Apotheosis","Noxious Fumes"],"campfire_rested":2,"item_purchase_floors":[10,20,20],"current_hp_per_floor":[69,69,69,67,64,64,33,33,33,33,16,16,37,37,58,26,70,49,49,49,49,30,45,45,60,60,49,13,0],"gold":168,"neow_bonus":"RANDOM_COMMON_RELIC","is_prod":false,"is_daily":false,"chose_seed":false,"campfire_upgraded":2,"win_rate":0,"timestamp":1558224486,"path_taken":["M","M","M","M","M","R","E","?","T","$","?","?","R","?","R","BOSS","M","?","$","?","M","R","M","R","T","E","M","M"],"build_version":"2019-01-23","purchased_purges":1,"victory":false,"max_hp_per_floor":[70,70,70,70,70,70,70,70,70,70,70,70,70,70,70,70,70,70,70,70,70,70,70,70,70,70,70,70,70],"card_choices":[{"not_picked":["PiercingWail","Poisoned Stab"],"picked":"Dagger Throw","floor":1.0},{"not_picked":["Dagger Throw","Malaise"],"picked":"PiercingWail","floor":2.0},{"not_picked":["Flying Knee","Prepared"],"picked":"Dodge and Roll","floor":3.0},{"not_picked":["Predator","Dagger Spray"],"picked":"Outmaneuver","floor":4.0},{"not_picked":["Crippling Poison","Catalyst"],"picked":"Deflect","floor":5.0},{"not_picked":["Calculated Gamble","Masterful Stab"],"picked":"Corpse Explosion","floor":7.0},{"not_picked":["Acrobatics","Tactician"],"picked":"Quick Slash","floor":11.0},{"not_picked":["Setup","Backflip"],"picked":"Skewer","floor":14.0},{"not_picked":["Corpse Explosion","After Image"],"picked":"Bullet Time","floor":16.0},{"not_picked":["Acrobatics","Outmaneuver"],"picked":"Caltrops","floor":18.0},{"not_picked":["PiercingWail","Acrobatics"],"picked":"Outmaneuver+1","floor":21.0},{"not_picked":["Dagger Throw","Escape Plan"],"picked":"Heel Hook+1","floor":22.0},{"not_picked":["Underhanded Strike+1","Masterful Stab+1"],"picked":"Venomology","floor":24.0},{"not_picked":["Calculated Gamble","Sucker Punch+1"],"picked":"Finisher+1","floor":27.0},{"not_picked":["Flying Knee","Dagger Throw"],"picked":"Slice","floor":28}],"player_experience":347023,"relics_obtained":[{"floor":7.0,"key":"Gremlin Horn"},{"floor":12.0,"key":"Darkstone Periapt"},{"floor":21.0,"key":"Red Mask"},{"floor":26.0,"key":"Shovel"},{"floor":27.0,"key":"Blood Vial"}],"event_choices":[{"damage_healed":0.0,"max_hp_gain":0.0,"max_hp_loss":0.0,"gold_gain":0.0,"event_name":"Accursed Blacksmith","player_choice":"Rummage","floor":8.0,"gold_loss":0.0,"damage_taken":0.0,"relics_obtained":["WarpedTongs"],"cards_obtained":["Pain"]},{"damage_healed":0.0,"max_hp_gain":0.0,"max_hp_loss":0.0,"gold_gain":0.0,"event_name":"Back to Basics","player_choice":"Simplicity","floor":19.0,"gold_loss":0.0,"damage_taken":0.0,"cards_upgraded":["Defend_G","Defend_G","Defend_G","Defend_G","Defend_G","Strike_G","Strike_G","Strike_G","Strike_G","Strike_G"]},{"damage_healed":0.0,"max_hp_gain":0.0,"max_hp_loss":0.0,"gold_gain":0.0,"event_name":"Masked Bandits","player_choice":"Fought Bandits","floor":21.0,"gold_loss":0.0,"damage_taken":0.0}],"is_beta":false,"boss_relics":[{"not_picked":["Black Star","Astrolabe"],"picked":"Eternal Feather"}],"items_purged_floors":[10],"is_endless":false,"potions_floor_spawned":[2,3,4,18,21,24],"killed_by":"Chosen and Byrds","ascension_level":0}