{"gold_per_floor":[112,127,145,165,185,219,20,47,47,66,80,108,108,123,123,220,220,232,252,252,101,112,112,124,135,135,135,135,152,170,198,198,198],"floor_reached":33,"playtime":3464,"items_purged":[],"score":350,"play_id":"0c473a02-c0a4-4175-a278-1b26f9dec689","local_time":"20190530212738","is_ascension_mode":true,"campfire_choices":[{"floor":13.0,"key":"RECALL"},{"data":"Limit Break","floor":15.0,"key":"SMITH"},{"floor":23,"key":"REST"},{"floor":27,"key":"REST"},{"floor":32,"key":"REST"}],"neow_cost":"CURSE","seed_source_timestamp":0,"circlet_count":0,"master_deck":["Strike_R","Strike_R","Strike_R","Strike_R","Defend_R","Defend_R","Defend_R","Defend_R","Parasite","Infernal Blade","Juggernaut","Carnage","Cleave","Sword Boomerang","Iron Wave","Ghostly Armor","Reaper","Anger","Dual Wield","Iron Wave","Thunderclap","Limit Break+1","Exhume","Evolve+1","Iron Wave","Anger","Cleave","Anger","Iron Wave+1","Second Wind","Thunderclap"],"special_seed":0,"relics":["Burning Blood","Ancient Tea Set","Bag of Marbles","Bird Faced Urn","Meat on the Bone","Question Card","Busted Crown","Vajra","Enchiridion","Regal Pillow"],"potions_floor_usage":[16,22,29,29,29,33],"damage_taken":[{"damage":6.0,"enemies":"Cultist","floor":1.0,"turns":4.0},{"damage":10.0,"enemies":"Small Slimes","floor":2.0,"turns":3.0},{"damage":1.0,"enemies":"2 Louse","floor":3.0,"turns":3.0},{"damage":2.0,"enemies":"Exordium Thugs","floor":4.0,"turns":4.0},{"damage":7.0,"enemies":"Looter","floor":5.0,"turns":3.0},{"damage":18.0,"enemies":"Gremlin Nob","floor":6.0,"turns":4.0},{"damage":34.0,"enemies":"Lagavulin","floor":8.0,"turns":7.0},{"damage":12.0,"enemies":"Exordium Wildlife","floor":10.0,"turns":2.0},{"damage":0.0,"enemies":"Lots of Slimes","floor":11.0,"turns":1.0},{"damage":22.0,"enemies":"3 Sentries","floor":12.0,"turns":5.0},{"damage":0.0,"enemies":"3 Louse","floor":14.0,"turns":1.0},{"damage":69,"enemies":"The Guardian","floor":16,"turns":15},{"damage":20,"enemies":"Spheric Guardian","floor":18,"turns":4},{"damage":20,"enemies":"Shell Parasite","floor":19,"turns":3},{"damage":53,"enemies":"Snecko","floor":22,"turns":6},{"damage":38,"enemies":"Snake Plant","floor":24,"turns":4},{"damage":33,"enemies":"Chosen and Byrds","floor":25,"turns":6},{"damage":18,"enemies":"Centurion and Healer","floor":29,"turns":5},{"damage":17,"enemies":"3 Cultists","floor":30,"turns":4},{"damage":58,"enemies":"Book of Stabbing","floor":31,"turns":6},{"damage":102,"enemies":"Automaton","floor":33,"turns":12}],"seed_played":"-7905521589027976993","potions_obtained":[{"floor":1.0,"key":"Strength Potion"},{"floor":2.0,"key":"EntropicBrew"},{"floor":4.0,"key":"Swift Potion"},{"floor":8.0,"key":"SteroidPotion"},{"floor":12.0,"key":"AttackPotion"},{"floor":19,"key":"BloodPotion"},{"floor":24,"key":"AttackPotion"},{"floor":25,"key":"Regen Potion"},{"floor":31,"key":"Dexterity Potion"}],"is_trial":false,"path_per_floor":["M","M","M","M","M","E","$","E","T","M","M","E","R","M","R","B",null,"M","M","?","$","M","R","M","M","T","R","?","M","M","E","R","B"],"character_chosen":"IRONCLAD","items_purchased":["Bag of Marbles","Anger","Vajra"],"campfire_rested":3,"item_purchase_floors":[7,7,21],"current_hp_per_floor":[80,76,80,80,79,67,67,39,39,59,67,65,65,71,71,26,80,66,54,54,54,34,58,42,34,34,58,42,51,57,26,65,0],"gold":198,"neow_bonus":"TRANSFORM_TWO_CARDS","is_prod":false,"is_daily":false,"chose_seed":false,"campfire_upgraded":1,"win_rate":0,"timestamp":1559266058,"path_taken":["M","M","M","?","?","E","$","E","T","M","M","E","R","M","R","BOSS","M","M","?","$","M","R","?","M","T","R","?","M","M","E","R","BOSS"],"build_version":"2019-01-23","purchased_purges":0,"victory":false,"max_hp_per_floor":[80,80,80,80,80,80,80,80,80,80,80,80,80,80,80,80,80,80,80,80,80,80,80,80,80,80,80,80,80,80,80,80,80],"card_choices":[{"not_picked":["Clothesline","Flame Barrier"],"picked":"Carnage","floor":1.0},{"not_picked":["Ghostly Armor","Sword Boomerang"],"picked":"Cleave","floor":2.0},{"not_picked":["Body Slam","Feel No Pain"],"picked":"Sword Boomerang","floor":3.0},{"not_picked":["Pommel Strike","True Grit"],"picked":"Iron Wave","floor":4.0},{"not_picked":["Havoc","Clothesline"],"picked":"Ghostly Armor","floor":5.0},{"not_picked":["Shrug It Off","Armaments"],"picked":"Reaper","floor":6.0},{"not_picked":["Pummel","Perfected Strike","Fire Breathing"],"picked":"SKIP","floor":8.0},{"not_picked":["Burning Pact","Shrug It Off"],"picked":"Dual Wield","floor":10.0},{"not_picked":["Combust","Perfected Strike"],"picked":"Iron Wave","floor":11.0},{"not_picked":["Dual Wield","Burning Pact"],"picked":"Thunderclap","floor":12.0},{"not_picked":["Warcry","Clash","Pommel Strike"],"picked":"Limit Break","floor":14.0},{"not_picked":["Barricade","Limit Break","Juggernaut"],"picked":"Exhume","floor":16},{"not_picked":["Headbutt"],"picked":"Evolve+1","floor":18},{"not_picked":["Rupture"],"picked":"Iron Wave","floor":19},{"not_picked":["Dropkick+1"],"picked":"Anger","floor":22},{"not_picked":["Clothesline"],"picked":"Cleave","floor":24},{"not_picked":["Thunderclap"],"picked":"Anger","floor":25},{"not_picked":["Feel No Pain"],"picked":"Iron Wave+1","floor":29},{"not_picked":["Wild Strike+1"],"picked":"Second Wind","floor":30},{"not_picked":["Pommel Strike"],"picked":"Thunderclap","floor":31}],"player_experience":405272,"relics_obtained":[{"floor":6.0,"key":"Ancient Tea Set"},{"floor":8.0,"key":"Bird Faced Urn"},{"floor":9.0,"key":"Meat on the Bone"},{"floor":12.0,"key":"Question Card"},{"floor":28,"key":"Enchiridion"},{"floor":31,"key":"Regal Pillow"}],"event_choices":[{"damage_healed":0,"gold_gain":0,"player_choice":"0 cards matched","damage_taken":0,"max_hp_gain":0,"max_hp_loss":0,"event_name":"Match and Keep!","floor":20,"gold_loss":0,"cards_obtained":[]},{"damage_healed":0,"gold_gain":0,"player_choice":"Obtained Book","damage_taken":16,"max_hp_gain":0,"max_hp_loss":0,"event_name":"Cursed Tome","floor":28,"gold_loss":0}],"is_beta":false,"boss_relics":[{"not_picked":["Eternal Feather","Orrery"],"picked":"Busted Crown"}],"items_purged_floors":[],"is_endless":false,"potions_floor_spawned":[1,2,4,8,11,12,19,24,25,31],"killed_by":"Automaton","ascension_level":2}