{"gold_per_floor":[110,123,28,48,148,148,174,186,186,186,198,198,231,243,243,339,339,359,373,392,392,412,412,114,114,167,195,195,213,213,228,228,228],"floor_reached":33,"playtime":3671,"items_purged":[],"score":279,"play_id":"489d4818-e083-4c24-af8d-b1173098de8f","local_time":"20180914210811","is_ascension_mode":false,"campfire_choices":[{"data":"Perfected Strike","floor":6,"key":"SMITH"},{"data":"Perfected Strike","floor":12,"key":"SMITH"},{"data":"Armaments","floor":15,"key":"SMITH"},{"data":"Bludgeon","floor":23,"key":"SMITH"},{"data":"Searing Blow","floor":25,"key":"SMITH"},{"floor":32,"key":"REST"}],"neow_cost":"","seed_source_timestamp":299059642484642,"circlet_count":0,"master_deck":["Strike_R","Strike_R","Strike_R","Strike_R","Strike_R","Defend_R","Defend_R","Defend_R","Defend_R","Bash","Armaments+1","Perfected Strike+1","Good Instincts","Iron Wave","Perfected Strike+1","Flex","Dropkick","Searing Blow+1","Whirlwind","Fiend Fire","Shrug It Off","Flex+1","Anger+1","Bludgeon+1","Good Instincts","Bloodletting","Uppercut","Perfected Strike"],"relics":["Burning Blood","Red Skull","Gremlin Horn","Bag of Marbles","WingedGreaves","Lizard Tail","Oddly Smooth Stone","ClockworkSouvenir","Vajra","Frozen Egg 2"],"potions_floor_usage":[19,19],"damage_taken":[{"damage":5,"enemies":"Cultist","floor":1,"turns":4},{"damage":5,"enemies":"2 Louse","floor":2,"turns":3},{"damage":0,"enemies":"Small Slimes","floor":4,"turns":3},{"damage":17,"enemies":"3 Sentries","floor":7,"turns":9},{"damage":9,"enemies":"Blue Slaver","floor":8,"turns":3},{"damage":0,"enemies":"Exordium Wildlife","floor":11,"turns":1},{"damage":23,"enemies":"Gremlin Nob","floor":13,"turns":4},{"damage":0,"enemies":"Gremlin Gang","floor":14,"turns":3},{"damage":49,"enemies":"The Guardian","floor":16,"turns":11},{"damage":23,"enemies":"Shell Parasite","floor":18,"turns":5},{"damage":2,"enemies":"Spheric Guardian","floor":19,"turns":3},{"damage":15,"enemies":"Snecko","floor":20,"turns":3},{"damage":14,"enemies":"Centurion and Healer","floor":22,"turns":6},{"damage":35,"enemies":"Gremlin Leader","floor":27,"turns":4},{"damage":6,"enemies":"3 Cultists","floor":29,"turns":4},{"damage":47,"enemies":"Cultist and Chosen","floor":31,"turns":7},{"damage":34,"enemies":"Champ","floor":33,"turns":6}],"seed_played":"-903975486812542104","potions_obtained":[{"floor":4,"key":"AttackPotion"},{"floor":7,"key":"Dexterity Potion"},{"floor":11,"key":"Energy Potion"},{"floor":16,"key":"Fire Potion"},{"floor":18,"key":"Ancient Potion"},{"floor":20,"key":"Strength Potion"},{"floor":22,"key":"FearPotion"},{"floor":31,"key":"Swift Potion"}],"is_trial":false,"path_per_floor":["M","M","$","M","?","R","E","M","T","T","M","R","E","M","R","B",null,"M","M","M","?","M","R","$","R","T","E","?","M","?","M","R"],"character_chosen":"IRONCLAD","items_purchased":["Good Instincts","ClockworkSouvenir","Good Instincts"],"campfire_rested":1,"item_purchase_floors":[3,24,24],"current_hp_per_floor":[80,80,80,80,80,80,69,66,66,66,72,72,55,61,61,18,80,63,67,58,58,50,50,50,50,50,21,6,48,48,7,32,0],"gold":228,"neow_bonus":"","is_prod":false,"is_daily":false,"chose_seed":false,"campfire_upgraded":5,"win_rate":0.0,"timestamp":1536977291,"path_taken":["M","M","?","M","?","R","E","M","T","?","M","R","E","M","R","BOSS","M","M","M","?","M","R","$","R","T","E","?","M","?","M","R","BOSS"],"build_version":"2018-09-06","purchased_purges":0,"victory":false,"max_hp_per_floor":[80,80,80,80,80,80,80,80,80,80,80,80,80,80,80,80,80,80,80,80,80,80,80,80,80,80,80,85,85,85,85,85,85],"card_choices":[{"not_picked":["Warcry","Power Through"],"picked":"Armaments","floor":1},{"not_picked":["Burning Pact","Twin Strike"],"picked":"Perfected Strike","floor":2},{"not_picked":["Rampage","Burning Pact"],"picked":"Iron Wave","floor":4},{"not_picked":["Second Wind","Dark Embrace"],"picked":"Perfected Strike","floor":7},{"not_picked":["Blood for Blood","Combust"],"picked":"Flex","floor":8},{"not_picked":["Infernal Blade","Rampage"],"picked":"Dropkick","floor":11},{"not_picked":["Pummel","Fire Breathing"],"picked":"Searing Blow","floor":13},{"not_picked":["Searing Blow","Blood for Blood"],"picked":"Whirlwind","floor":14},{"not_picked":["Juggernaut","Dark Embrace"],"picked":"Fiend Fire","floor":16},{"not_picked":["Warcry","Armaments"],"picked":"Shrug It Off","floor":18},{"not_picked":["Body Slam+1","Warcry+1"],"picked":"Flex+1","floor":19},{"not_picked":["Body Slam","Uppercut"],"picked":"Anger+1","floor":20},{"not_picked":["Clash","Sword Boomerang"],"picked":"Bludgeon","floor":22},{"not_picked":["Pummel","Body Slam"],"picked":"Bloodletting","floor":27},{"not_picked":["Power Through+1","Clash"],"picked":"Uppercut","floor":29},{"not_picked":["Sever Soul+1","Sword Boomerang"],"picked":"Perfected Strike","floor":31}],"player_experience":0,"relics_obtained":[{"floor":7,"key":"Red Skull"},{"floor":9,"key":"Gremlin Horn"},{"floor":10,"key":"Bag of Marbles"},{"floor":13,"key":"WingedGreaves"},{"floor":26,"key":"Vajra"},{"floor":27,"key":"Frozen Egg 2"}],"event_choices":[{"event_name":"Golden Shrine","player_choice":"Pray","floor":5,"damage_taken":0},{"event_name":"WeMeetAgain","player_choice":"Potion","floor":21,"damage_taken":0},{"event_name":"Forgotten Altar","player_choice":"Shed Blood","floor":28,"damage_taken":0},{"event_name":"The Mausoleum","player_choice":"No","floor":30,"damage_taken":0}],"is_beta":false,"boss_relics":[{"not_picked":["Orrery","Fusion Hammer"],"picked":"Lizard Tail"}],"items_purged_floors":[],"is_endless":false,"potions_floor_spawned":[4,7,11,16,18,20,22,31],"killed_by":"Champ","ascension_level":0}