{"gold_per_floor":[115,129,147,72,147,180,193,193,193,209,209,230,230,254,254,254],"floor_reached":16,"playtime":2006,"items_purged":["Strike_G"],"score":104,"play_id":"e683153e-178b-4b32-89e8-cfe20424ec28","local_time":"20180729191209","is_ascension_mode":false,"campfire_choices":[{"floor":8.0,"key":"REST"},{"floor":13.0,"key":"REST"},{"floor":15.0,"key":"REST"}],"neow_cost":"","seed_source_timestamp":0,"circlet_count":0,"master_deck":["Defend_G","Defend_G","Defend_G","Defend_G","Defend_G","Strike_G","Strike_G","Strike_G","Strike_G","Survivor","Neutralize","Bane","Bane","Catalyst","Finisher","Flechettes","Backstab","Injury","Skewer","Slice"],"special_seed":0,"relics":["Ring of the Snake","Shuriken","Ice Cream","Golden Idol"],"potions_floor_usage":[16],"damage_taken":[{"damage":2.0,"enemies":"Small Slimes","floor":1.0,"turns":5.0},{"damage":2.0,"enemies":"2 Louse","floor":2.0,"turns":4.0},{"damage":4.0,"enemies":"Jaw Worm","floor":3.0,"turns":4.0},{"damage":47.0,"enemies":"3 Sentries","floor":6.0,"turns":16.0},{"damage":0.0,"enemies":"Large Slime","floor":7.0,"turns":4.0},{"damage":5.0,"enemies":"Blue Slaver","floor":10.0,"turns":4.0},{"damage":6.0,"enemies":"Exordium Wildlife","floor":12.0,"turns":5.0},{"damage":20.0,"enemies":"Gremlin Gang","floor":14.0,"turns":5.0},{"damage":38,"enemies":"Hexaghost","floor":16,"turns":9}],"seed_played":"682039558544275705","potions_obtained":[{"floor":3.0,"key":"Strength Potion"},{"floor":6.0,"key":"Poison Potion"},{"floor":10.0,"key":"GamblersBrew"}],"is_trial":false,"path_per_floor":["M","M","M","$","?","E","M","R","T","M","?","M","R","M","R"],"character_chosen":"THE_SILENT","items_purchased":[],"campfire_rested":3,"item_purchase_floors":[],"current_hp_per_floor":[68,66,62,62,51,4,4,25,25,20,20,14,35,15,36,0],"gold":254,"neow_bonus":"","is_prod":false,"is_daily":false,"chose_seed":false,"campfire_upgraded":0,"win_rate":0.0,"timestamp":1532905929,"path_taken":["M","M","M","$","?","E","M","R","T","M","?","M","R","M","R","BOSS"],"build_version":"2018-07-26","purchased_purges":1,"victory":false,"max_hp_per_floor":[70,70,70,70,70,70,70,70,70,70,70,70,70,70,70,70],"card_choices":[{"not_picked":["Flying Knee","Poisoned Stab"],"picked":"Bane","floor":1.0},{"not_picked":["Dagger Spray","Backflip"],"picked":"Bane","floor":2.0},{"not_picked":["Underhanded Strike","Outmaneuver"],"picked":"Catalyst","floor":3.0},{"not_picked":["Sucker Punch","Adrenaline"],"picked":"Finisher","floor":6.0},{"not_picked":["Dagger Throw","Backflip"],"picked":"Flechettes","floor":7.0},{"not_picked":["Tactician","Quick Slash"],"picked":"Backstab","floor":10.0},{"not_picked":["Tactician","Terror"],"picked":"Skewer","floor":12.0},{"not_picked":["Dodge and Roll","Underhanded Strike"],"picked":"Slice","floor":14.0}],"player_experience":153306,"relics_obtained":[{"floor":6.0,"key":"Shuriken"},{"floor":9.0,"key":"Ice Cream"}],"event_choices":[{"event_name":"World of Goop","player_choice":"Gather Gold","floor":5.0,"damage_taken":0.0},{"event_name":"Golden Idol","player_choice":"Take Wound","floor":11.0,"damage_taken":0.0}],"is_beta":false,"boss_relics":[],"items_purged_floors":[4],"is_endless":false,"potions_floor_spawned":[3,6,10],"killed_by":"Hexaghost","ascension_level":0}