{"gold_per_floor":[114,129,156,4,18,18,28,28,54,84,84,44,44,60,60,160,160,172,187,187,187],"floor_reached":21,"playtime":1125,"items_purged":[],"score":188,"play_id":"650bca40-36f1-4597-ba1e-fb792df1a444","local_time":"20190704195625","is_ascension_mode":true,"campfire_choices":[{"data":"Bouncing Flask","floor":6,"key":"SMITH"},{"data":"Setup","floor":11,"key":"SMITH"},{"data":"Quick Slash","floor":13,"key":"SMITH"},{"data":"Masterful Stab","floor":15,"key":"SMITH"}],"neow_cost":"NONE","seed_source_timestamp":1017419787753000,"circlet_count":0,"master_deck":["Strike_G","Strike_G","Strike_G","Strike_G","Defend_G","Defend_G","Defend_G","Defend_G","Defend_G","Survivor","Neutralize","Setup+1","Bouncing Flask+1","Quick Slash+1","Blur","Masterful Stab+1","Night Terror","Deflect+1","Dodge and Roll"],"relics":["Ring of the Snake","NeowsBlessing","Potion Belt","Oddly Smooth Stone","Anchor","Dodecahedron","Eternal Feather"],"potions_floor_usage":[16,18],"damage_taken":[{"damage":0,"enemies":"Cultist","floor":1,"turns":1},{"damage":0,"enemies":"2 Louse","floor":2,"turns":1},{"damage":0,"enemies":"Small Slimes","floor":5,"turns":1},{"damage":12,"enemies":"Exordium Thugs","floor":7,"turns":6},{"damage":2,"enemies":"Lagavulin","floor":10,"turns":6},{"damage":5,"enemies":"Gremlin Gang","floor":14,"turns":4},{"damage":22,"enemies":"The Guardian","floor":16,"turns":9},{"damage":0,"enemies":"Spheric Guardian","floor":18,"turns":3},{"damage":5,"enemies":"2 Thieves","floor":19,"turns":5},{"damage":6,"enemies":"Shelled Parasite and Fungi","floor":21,"turns":4}],"seed_played":"-5412428322749722712","potions_obtained":[{"floor":2,"key":"Weak Potion"},{"floor":16,"key":"Poison Potion"},{"floor":18,"key":"Energy Potion"}],"is_trial":false,"path_per_floor":["M","M","T","$","M","R","M","?","T","E","R","?","R","M","R","B",null,"M","M","?","M"],"character_chosen":"THE_SILENT","items_purchased":["Oddly Smooth Stone"],"campfire_rested":0,"item_purchase_floors":[4],"current_hp_per_floor":[70,70,70,70,70,70,58,63,63,61,61,61,61,56,56,34,75,75,70,70,64],"gold":187,"neow_bonus":"THREE_ENEMY_KILL","is_prod":false,"is_daily":false,"chose_seed":false,"campfire_upgraded":4,"win_rate":0,"timestamp":1562284585,"path_taken":["M","?","?","$","?","R","M","?","T","E","R","?","R","M","R","BOSS","M","M","?","M"],"build_version":"2019-07-01","purchased_purges":0,"victory":false,"max_hp_per_floor":[70,70,70,70,70,70,70,75,75,75,75,75,75,75,75,75,75,75,75,75,75],"card_choices":[{"not_picked":["Acrobatics","Quick Slash"],"picked":"Setup","floor":1},{"not_picked":["Dagger Throw","Dagger Spray"],"picked":"Bouncing Flask","floor":2},{"not_picked":["PiercingWail","Tactician"],"picked":"Quick Slash","floor":5},{"not_picked":["Terror","Quick Slash"],"picked":"Blur","floor":7},{"not_picked":["Finisher","Concentrate","Poisoned Stab"],"picked":"SKIP","floor":10},{"not_picked":["Underhanded Strike","Skewer"],"picked":"Masterful Stab","floor":14},{"not_picked":["Adrenaline","Bullet Time"],"picked":"Night Terror","floor":16},{"not_picked":["Blade Dance+1","Skewer"],"picked":"Deflect+1","floor":18},{"not_picked":["Setup","Deadly Poison"],"picked":"Dodge and Roll","floor":19}],"player_experience":599375,"relics_obtained":[{"floor":3,"key":"Potion Belt"},{"floor":9,"key":"Anchor"},{"floor":10,"key":"Dodecahedron"}],"event_choices":[{"damage_healed":0,"gold_gain":0,"player_choice":"Donut","damage_taken":0,"max_hp_gain":5,"max_hp_loss":0,"event_name":"Big Fish","floor":8,"gold_loss":0},{"damage_healed":0,"gold_gain":0,"player_choice":"Left Gold","damage_taken":0,"max_hp_gain":0,"max_hp_loss":0,"event_name":"World of Goop","floor":12,"gold_loss":40},{"cards_removed":["Strike_G"],"damage_healed":0,"gold_gain":0,"player_choice":"Purged","damage_taken":0,"max_hp_gain":0,"max_hp_loss":0,"event_name":"Purifier","floor":20,"gold_loss":0}],"is_beta":false,"boss_relics":[{"not_picked":["Runic Pyramid","Ectoplasm"],"picked":"Eternal Feather"}],"items_purged_floors":[],"is_endless":false,"potions_floor_spawned":[2,16,18],"killed_by":"Shelled Parasite and Fungi","ascension_level":1}