{"gold_per_floor":[114,114,114,132,149,165,20,20,20,20,39,65,77,27,27,126,126,108,122,132,142,52,52,64,64],"floor_reached":25,"playtime":1238,"items_purged":["Strike_R"],"score":232,"play_id":"51eda0bb-539f-4403-9c6b-f24c973cacb6","local_time":"20190725235412","is_ascension_mode":false,"campfire_choices":[{"floor":8,"key":"REST"},{"data":"Flame Barrier","floor":10,"key":"SMITH"},{"data":"Carnage","floor":15,"key":"SMITH"},{"floor":23,"key":"REST"}],"neow_cost":"NONE","seed_source_timestamp":1317439629852796,"circlet_count":0,"master_deck":["Strike_R","Strike_R","Strike_R","Defend_R","Defend_R","Defend_R","Bash","Carnage+1","Flame Barrier+1","Shrug It Off","Disarm+1","Seeing Red","Feed+1","Demon Form","Clumsy","Parasite","Heavy Blade+1","Sever Soul+1","Rage"],"relics":["Burning Blood","Molten Egg 2","Shuriken","Calling Bell","Orichalcum","Paper Frog","Ice Cream"],"potions_floor_usage":[12,21],"damage_taken":[{"damage":0,"enemies":"Cultist","floor":1,"turns":4},{"damage":6,"enemies":"Jaw Worm","floor":4,"turns":4},{"damage":0,"enemies":"Small Slimes","floor":5,"turns":3},{"damage":36,"enemies":"Gremlin Gang","floor":6,"turns":5},{"damage":2,"enemies":"Blue Slaver","floor":11,"turns":5},{"damage":21,"enemies":"Lagavulin","floor":12,"turns":7},{"damage":20,"enemies":"Exordium Thugs","floor":13,"turns":7},{"damage":19,"enemies":"The Guardian","floor":16,"turns":10},{"damage":19,"enemies":"2 Thieves","floor":18,"turns":4},{"damage":23,"enemies":"Shell Parasite","floor":19,"turns":6},{"damage":15,"enemies":"Snake Plant","floor":20,"turns":3},{"damage":67,"enemies":"3 Cultists","floor":21,"turns":9},{"damage":22,"enemies":"Shelled Parasite and Fungi","floor":24,"turns":6},{"damage":28,"enemies":"Snecko","floor":25,"turns":4}],"seed_played":"5840877580719252711","potions_obtained":[{"floor":1,"key":"FearPotion"},{"floor":3,"key":"SneckoOil"},{"floor":3,"key":"FairyPotion"},{"floor":16,"key":"SteroidPotion"},{"floor":20,"key":"PowerPotion"},{"floor":21,"key":"LiquidBronze"}],"is_trial":false,"path_per_floor":["M","?","?","M","M","M","$","R","T","R","M","E","M","?","R","B",null,"M","M","M","M","?","R","M","M"],"character_chosen":"IRONCLAD","items_purchased":["Seeing Red"],"campfire_rested":2,"item_purchase_floors":[7],"current_hp_per_floor":[80,73,73,73,79,49,49,73,73,73,77,66,56,56,56,43,88,79,62,53,15,15,43,27,0],"gold":64,"neow_bonus":"THREE_CARDS","is_prod":false,"is_daily":false,"chose_seed":false,"campfire_upgraded":2,"win_rate":0,"timestamp":1564124052,"path_taken":["M","?","?","?","M","M","$","R","T","R","M","E","M","?","R","BOSS","M","M","M","M","?","R","M","M"],"build_version":"2019-07-17","purchased_purges":1,"victory":false,"max_hp_per_floor":[80,80,80,80,80,80,80,80,80,80,80,84,88,88,88,88,88,92,92,92,96,96,96,96,96],"card_choices":[{"not_picked":["Intimidate","Perfected Strike"],"picked":"Carnage","floor":0},{"not_picked":["Perfected Strike","Cleave"],"picked":"Flame Barrier","floor":1},{"not_picked":["Perfected Strike","Feel No Pain","Clothesline"],"picked":"SKIP","floor":4},{"not_picked":["Clash","Reckless Charge"],"picked":"Shrug It Off","floor":5},{"not_picked":["Combust","Dual Wield"],"picked":"Disarm","floor":6},{"not_picked":["Hemokinesis+1","Heavy Blade+1"],"picked":"Feed+1","floor":11},{"not_picked":["Clash+1","Intimidate","Twin Strike+1"],"picked":"SKIP","floor":12},{"not_picked":["Heavy Blade+1","Sword Boomerang+1","Wild Strike+1"],"picked":"SKIP","floor":13},{"not_picked":["Juggernaut","Reaper+1"],"picked":"Demon Form","floor":16},{"not_picked":["Wild Strike+1","Headbutt+1"],"picked":"Heavy Blade+1","floor":18},{"not_picked":["Body Slam+1","Headbutt+1"],"picked":"Sever Soul+1","floor":19},{"not_picked":["Armaments","Hemokinesis+1","Headbutt+1"],"picked":"SKIP","floor":20},{"not_picked":["Anger+1","Uppercut+1","Cleave+1"],"picked":"SKIP","floor":21},{"not_picked":["Seeing Red","Headbutt+1"],"picked":"Rage","floor":24}],"player_experience":200946,"relics_obtained":[{"floor":9,"key":"Molten Egg 2"},{"floor":12,"key":"Shuriken"},{"floor":17,"key":"Orichalcum"},{"floor":17,"key":"Paper Frog"},{"floor":17,"key":"Ice Cream"}],"event_choices":[{"cards_removed":["Strike_R"],"damage_healed":0,"gold_gain":0,"player_choice":"Card Removal","damage_taken":7,"max_hp_gain":0,"max_hp_loss":0,"event_name":"Golden Wing","floor":2,"gold_loss":0},{"damage_healed":0,"gold_gain":0,"player_choice":"Got Potions","damage_taken":0,"max_hp_gain":0,"max_hp_loss":0,"event_name":"Lab","floor":3,"gold_loss":0},{"cards_removed":["Defend_R"],"damage_healed":0,"gold_gain":0,"player_choice":"Card Removal","damage_taken":0,"max_hp_gain":0,"max_hp_loss":0,"event_name":"The Cleric","floor":14,"gold_loss":50},{"cards_removed":["Injury"],"damage_healed":0,"gold_gain":0,"player_choice":"Upgrade and Remove","damage_taken":0,"max_hp_gain":0,"max_hp_loss":0,"event_name":"Designer","floor":22,"gold_loss":90,"cards_upgraded":["Disarm"]}],"is_beta":false,"boss_relics":[{"not_picked":["Runic Dome","Coffee Dripper"],"picked":"Calling Bell"}],"items_purged_floors":[7],"is_endless":false,"potions_floor_spawned":[1,6,16,18,20,21],"killed_by":"Snecko","ascension_level":0}