{"path_per_floor":["M","M","$","?","T","E","?","R","T","M","M","$","?","M","R","B",null,"M","?","M","?","M","R","?","E","T","M","R","M","R","$","R","B",null,"M","?","?","M","?","R","M","R","T","M","?","R","?","M","R","B"],"character_chosen":"DEFECT","items_purchased":["Blood Vial","Dodecahedron"],"gold_per_floor":[114,129,129,79,79,113,113,113,161,172,183,33,33,53,53,152,152,172,172,192,192,211,211,211,245,270,284,284,303,303,42,42,141,141,151,151,151,163,163,163,177,177,177,197,197,197,197,211,211,211],"floor_reached":51,"campfire_rested":6,"playtime":4797,"current_hp_per_floor":[75,75,75,75,75,44,44,44,44,44,42,42,39,41,41,42,75,67,67,68,68,60,60,60,25,25,17,39,41,63,63,75,71,75,61,61,61,48,48,70,58,75,75,45,45,67,75,75,75,39],"items_purged":[],"gold":211,"score":671,"play_id":"19d29b3e-69e9-4705-86b6-119646eae343","local_time":"20180511141919","is_prod":false,"is_daily":false,"chose_seed":false,"is_ascension_mode":true,"campfire_upgraded":4,"timestamp":1526062759,"path_taken":["M","M","?","?","?","E","?","R","T","?","?","?","?","M","R","BOSS","M","?","M","?","M","R","?","E","T","M","R","?","R","?","R","BOSS","M","?","?","?","?","R","M","R","T","M","?","R","?","M","R","BOSS"],"build_version":"2018-05-10","seed_source_timestamp":66724548667318,"purchased_purges":0,"victory":true,"master_deck":["Strike_B","Defend_B","Defend_B","Defend_B+1","Zap","Dualcast","Rainbow+1","Chaos+1","Sweeping Beam","Reinforced Body+1","Go for the Eyes","Capacitor","Beam Cell","Echo Form","Glacier+1","FTL","Blizzard+1","Defragment+1","Conserve Battery","White Noise","Undo+1","Defragment+1","Coolheaded+1","Machine Learning","Aggregate+1","Skim","Turbo+1","Echo Form","Writhe"],"max_hp_per_floor":[75,75,75,75,75,75,75,75,75,75,75,75,75,75,75,75,75,75,75,75,75,75,75,75,75,75,75,75,75,75,75,75,75,75,75,75,75,75,75,75,75,75,75,75,75,75,75,75,75,75],"relics":["Cracked Core","War Paint","Question Card","Ancient Tea Set","Blood Vial","Bag of Preparation","Inserter","Centennial Puzzle","Dream Catcher","Dodecahedron","Nuclear Battery","Ice Cream"],"card_choices":[{"not_picked":["Go for the Eyes","Hologram"],"picked":"Chaos","floor":1},{"not_picked":["Barrage","Turbo"],"picked":"Sweeping Beam","floor":2},{"not_picked":["Leap","FTL"],"picked":"Reinforced Body","floor":6},{"not_picked":["Ball Lightning","Skim","Capacitor"],"picked":"Go for the Eyes","floor":10},{"not_picked":["Sweeping Beam","Axe Kick","Steam"],"picked":"Capacitor","floor":11},{"not_picked":["Steam","Tempest","Meteor Strike"],"picked":"Beam Cell","floor":14},{"not_picked":["Seek","Meteor Strike","Reboot"],"picked":"Echo Form","floor":16},{"not_picked":["Barrage","Sweeping Beam","Genetic Algorithm"],"picked":"Glacier","floor":18},{"not_picked":["Cold Snap","Lockon","Sweeping Beam"],"picked":"Blizzard","floor":20},{"not_picked":["Reprogram","Go for the Eyes","Streamline"],"picked":"Conserve Battery","floor":25},{"not_picked":["Capacitor","Hologram","Streamline"],"picked":"White Noise","floor":27},{"not_picked":["Beam Cell","Ball Lightning","Skim"],"picked":"Undo","floor":28},{"not_picked":["Machine Learning","Self Repair","Recycle"],"picked":"Defragment","floor":29},{"not_picked":["Go for the Eyes","Ball Lightning","Turbo"],"picked":"Coolheaded","floor":32},{"not_picked":["Thunder Strike","All For One","Nova"],"picked":"Machine Learning","floor":33},{"not_picked":["Streamline","Chill","Undo"],"picked":"Aggregate","floor":35},{"not_picked":["Leap","Ball Lightning","Steam"],"picked":"Skim","floor":38},{"not_picked":["Genetic Algorithm","Rebound","Streamline"],"picked":"Turbo","floor":40},{"not_picked":["Conserve Battery","Force Field","Streamline"],"picked":"Echo Form","floor":44}],"player_experience":60136,"potions_floor_usage":[16,22,27,33,33,33,50,50,50],"damage_taken":[{"damage":0,"enemies":"Cultist","floor":1,"turns":4},{"damage":0,"enemies":"Small Slimes","floor":2,"turns":3},{"damage":31,"enemies":"Gremlin Nob","floor":6,"turns":5},{"damage":0,"enemies":"2 Louse","floor":10,"turns":2},{"damage":2,"enemies":"Blue Slaver","floor":11,"turns":5},{"damage":0,"enemies":"Large Slime","floor":14,"turns":6},{"damage":1,"enemies":"Hexaghost","floor":16,"turns":9},{"damage":8,"enemies":"Spheric Guardian","floor":18,"turns":5},{"damage":1,"enemies":"Shell Parasite","floor":20,"turns":6},{"damage":22,"enemies":"Centurion and Healer","floor":22,"turns":6},{"damage":37,"enemies":"Gremlin Leader","floor":25,"turns":9},{"damage":10,"enemies":"Snake Plant","floor":27,"turns":8},{"damage":11,"enemies":"Slaver and Parasite","floor":29,"turns":6},{"damage":4,"enemies":"Champ","floor":33,"turns":8},{"damage":14,"enemies":"3 Shapes","floor":35,"turns":4},{"damage":17,"enemies":"Orb Walker","floor":38,"turns":5},{"damage":14,"enemies":"3 Darklings","floor":41,"turns":6},{"damage":31,"enemies":"Spire Growth","floor":44,"turns":5},{"damage":0,"enemies":"Maw","floor":48,"turns":8},{"damage":51,"enemies":"Time Eater","floor":50,"turns":10}],"event_choices":[{"event_name":"The Cleric","player_choice":"Card Removal","floor":4,"damage_taken":0},{"event_name":"Bonfire Elementals","player_choice":"BASIC","floor":7,"damage_taken":0},{"event_name":"Scrap Ooze","player_choice":"success","floor":13,"damage_taken":3},{"event_name":"Transmorgrifier","player_choice":"Transform","floor":19,"damage_taken":0},{"event_name":"The Library","player_choice":"Read","floor":21,"damage_taken":0},{"event_name":"Ghosts","player_choice":"Ignored","floor":24,"damage_taken":0},{"event_name":"Tomb of Lord Red Mask","player_choice":"Ignored","floor":36,"damage_taken":0},{"event_name":"The Lab","player_choice":"Got Potions","floor":37,"damage_taken":0},{"event_name":"Mysterious Sphere","player_choice":"Ignore","floor":45,"damage_taken":0},{"event_name":"Winding Halls","player_choice":"Writhe","floor":47,"damage_taken":0}],"boss_relics":[{"not_picked":["Philosopher\u0027s Stone","Eternal Feather"],"picked":"Inserter"},{"not_picked":["Sozu","White Beast Statue"],"picked":"Nuclear Battery"}],"potions_floor_spawned":[1,10,14,20,25,29,35,38,44],"seed_played":"-6466169628615371738","ascension_level":1,"is_trial":false}