{"gold_per_floor":[119,119,134,145,158,158,172,182,182,182,182,182,197,217,217,288,288,228,246,246,263,283,283,283],"floor_reached":24,"playtime":1256,"items_purged":[],"score":346,"play_id":"2d383a60-ecd5-4f3c-977d-52503b65640c","local_time":"20190126124812","is_ascension_mode":true,"campfire_choices":[{"data":"Stack","floor":6,"key":"SMITH"},{"floor":10,"key":"REST"},{"floor":12,"key":"REST"},{"floor":15,"key":"REST"},{"floor":23,"key":"REST"}],"neow_cost":"NONE","seed_source_timestamp":179863303021159,"circlet_count":0,"master_deck":["AscendersBane","Strike_B","Strike_B","Defend_B","Defend_B","Defend_B","Defend_B","Zap","Dualcast","Storm","Stack+1","Chill","Genetic Algorithm","Genetic Algorithm","Cold Snap","Heatsinks","Cold Snap","Conserve Battery","Go for the Eyes","Buffer","Redo+1","Conserve Battery+1","Go for the Eyes+1","Compile Driver+1"],"special_seed":0,"relics":["Cracked Core","Dream Catcher","Inserter","Nilry\u0027s Codex"],"potions_floor_usage":[8,16,18,22],"damage_taken":[{"damage":13,"enemies":"Small Slimes","floor":1,"turns":3},{"damage":1,"enemies":"Cultist","floor":3,"turns":3},{"damage":8,"enemies":"Jaw Worm","floor":4,"turns":4},{"damage":13,"enemies":"Blue Slaver","floor":5,"turns":5},{"damage":4,"enemies":"3 Louse","floor":7,"turns":6},{"damage":8,"enemies":"Looter","floor":8,"turns":4},{"damage":3,"enemies":"2 Fungi Beasts","floor":13,"turns":5},{"damage":7,"enemies":"3 Louse","floor":14,"turns":5},{"damage":63,"enemies":"Slime Boss","floor":16,"turns":18},{"damage":12,"enemies":"2 Thieves","floor":18,"turns":4},{"damage":13,"enemies":"Chosen","floor":19,"turns":9},{"damage":9,"enemies":"Snecko","floor":21,"turns":6},{"damage":13,"enemies":"Shelled Parasite and Fungi","floor":22,"turns":9},{"damage":37,"enemies":"Slavers","floor":24,"turns":4}],"seed_played":"9094863573918783434","potions_obtained":[{"floor":4,"key":"SteroidPotion"},{"floor":5,"key":"Energy Potion"},{"floor":7,"key":"Poison Potion"},{"floor":14,"key":"Fire Potion"},{"floor":21,"key":"Regen Potion"}],"is_trial":false,"path_per_floor":["M","?","M","M","M","R","M","M","T","R","?","R","M","M","R","B",null,"M","M","?","M","M","R","E"],"character_chosen":"DEFECT","items_purchased":[],"campfire_rested":4,"item_purchase_floors":[],"current_hp_per_floor":[58,58,57,49,36,36,32,24,24,47,40,63,60,53,76,13,62,50,37,16,7,9,32,0],"gold":283,"neow_bonus":"TEN_PERCENT_HP_BONUS","is_prod":false,"is_daily":false,"chose_seed":false,"campfire_upgraded":1,"win_rate":0,"timestamp":1548524892,"path_taken":["M","?","M","?","M","R","M","M","T","R","?","R","M","M","R","BOSS","M","M","?","M","M","R","E"],"build_version":"2019-01-23","purchased_purges":0,"victory":false,"max_hp_per_floor":[78,78,78,78,78,78,78,78,78,78,78,78,78,78,78,78,78,78,78,78,78,78,78,78],"card_choices":[{"not_picked":["Ball Lightning","Turbo"],"picked":"Storm","floor":1},{"not_picked":["Steam Power","Steam","Beam Cell"],"picked":"SKIP","floor":3},{"not_picked":["Rebound","Streamline"],"picked":"Stack","floor":4},{"not_picked":["Sweeping Beam","Ball Lightning"],"picked":"Chill","floor":5},{"not_picked":["Doom and Gloom","Ball Lightning"],"picked":"Genetic Algorithm","floor":7},{"not_picked":["Coolheaded","Streamline"],"picked":"Genetic Algorithm","floor":8},{"not_picked":["Reprogram","Hello World"],"picked":"Cold Snap","floor":10},{"not_picked":["Steam","Stack"],"picked":"Heatsinks","floor":12},{"not_picked":["Ball Lightning","Gash"],"picked":"Cold Snap","floor":13},{"not_picked":["Tempest","Steam"],"picked":"Conserve Battery","floor":14},{"not_picked":["Reinforced Body","Auto Shields"],"picked":"Go for the Eyes","floor":15},{"not_picked":["Amplify","Thunder Strike"],"picked":"Buffer","floor":16},{"not_picked":["Steam","Steam Power+1"],"picked":"Redo+1","floor":18},{"not_picked":["Cold Snap","Reboot"],"picked":"Conserve Battery+1","floor":19},{"not_picked":["Steam","Turbo"],"picked":"Go for the Eyes+1","floor":21},{"not_picked":["Cold Snap","Ball Lightning"],"picked":"Compile Driver+1","floor":22}],"player_experience":870551,"relics_obtained":[{"floor":9,"key":"Dream Catcher"},{"floor":20,"key":"Nilry\u0027s Codex"}],"event_choices":[{"cards_removed":["Strike_B"],"damage_healed":0,"gold_gain":0,"player_choice":"Purged","damage_taken":0,"max_hp_gain":0,"max_hp_loss":0,"event_name":"Purifier","floor":2,"gold_loss":0},{"cards_removed":["Strike_B"],"damage_healed":0,"gold_gain":0,"player_choice":"Card Removal","damage_taken":7,"max_hp_gain":0,"max_hp_loss":0,"event_name":"Golden Wing","floor":11,"gold_loss":0},{"damage_healed":0,"gold_gain":0,"player_choice":"Obtained Book","damage_taken":21,"max_hp_gain":0,"max_hp_loss":0,"event_name":"Cursed Tome","floor":20,"gold_loss":0}],"is_beta":true,"boss_relics":[{"not_picked":["Pandora\u0027s Box","Orrery"],"picked":"Inserter"}],"items_purged_floors":[],"is_endless":false,"potions_floor_spawned":[4,5,7,14,21],"killed_by":"Slavers","ascension_level":16}