{"gold_per_floor":[144,144,144,189,189,279,279,279,279,324,369,459,504,223,223,523,523,568,613,613,658,703,703,748,793,793,843,933,978,1023,1068,1068,1368,1368,1413,1065,1110,1135,1180,1270,1315,1315,1390,1055,1103,1148,1148,1238,1238,1238],"floor_reached":51,"playtime":5830,"items_purged":[],"score":1018,"play_id":"8838fea5-5023-41d3-9b41-5c068118c332","local_time":"20190711194358","daily_mods":["Draft","Hoarder","Midas"],"is_ascension_mode":false,"campfire_choices":[{"floor":7,"key":"REST"},{"floor":15,"key":"REST"},{"floor":23,"key":"REST"},{"floor":32,"key":"REST"},{"floor":42,"key":"REST"},{"floor":49,"key":"REST"}],"neow_cost":"","seed_source_timestamp":0,"circlet_count":0,"master_deck":["Feel No Pain+1","Feel No Pain","Feel No Pain","Pummel","Pummel","Pummel","Thunderclap","Thunderclap","Thunderclap","Thunderclap","Thunderclap","Thunderclap","Havoc","Havoc","Havoc","Inflame","Inflame","Inflame","Shrug It Off","Shrug It Off","Shrug It Off","Warcry","Warcry","Warcry","Cleave","Cleave","Cleave","True Grit","True Grit","True Grit","Thunderclap","Thunderclap","Thunderclap","Inflame","Inflame","Inflame","True Grit","True Grit","True Grit","Shrug It Off","Shrug It Off","Shrug It Off","Pommel Strike","Pommel Strike","Pommel Strike","Warcry+1","Warcry","Warcry","Feed","Feed","Feed","Burning Pact","Burning Pact","Flame Barrier","Flame Barrier","Flame Barrier","Reaper","Reaper","Reaper","Juggernaut","Juggernaut","Juggernaut","Havoc+1","Havoc+1","Havoc+1","Impervious","Impervious","Impervious","Warcry","Warcry","Warcry","Thinking Ahead","Thinking Ahead","Thinking Ahead","Heavy Blade","Heavy Blade","Heavy Blade"],"special_seed":18089,"relics":["Burning Blood","Torii","Champion Belt","Boot","Oddly Smooth Stone","Membership Card","Black Star","Magic Flower","Centennial Puzzle","Pocketwatch","Velvet Choker","Vajra","Nunchaku","Brimstone","Omamori","Orichalcum","Unceasing Top","Bottled Tornado","Bronze Scales","TheAbacus","Strawberry","Prayer Wheel","Ornamental Fan","Happy Flower"],"potions_floor_usage":[50,50],"damage_taken":[{"damage":0,"enemies":"Cultist","floor":1,"turns":3},{"damage":0,"enemies":"Small Slimes","floor":4,"turns":3},{"damage":4,"enemies":"Lagavulin","floor":6,"turns":5},{"damage":0,"enemies":"Jaw Worm","floor":10,"turns":3},{"damage":12,"enemies":"Blue Slaver","floor":11,"turns":3},{"damage":7,"enemies":"3 Sentries","floor":12,"turns":5},{"damage":10,"enemies":"Large Slime","floor":13,"turns":5},{"damage":41,"enemies":"Hexaghost","floor":16,"turns":9},{"damage":0,"enemies":"Chosen","floor":18,"turns":4},{"damage":15,"enemies":"Shell Parasite","floor":19,"turns":9},{"damage":2,"enemies":"Snake Plant","floor":21,"turns":5},{"damage":7,"enemies":"Chosen and Byrds","floor":22,"turns":9},{"damage":10,"enemies":"Cultist and Chosen","floor":24,"turns":6},{"damage":4,"enemies":"Snake Plant","floor":25,"turns":6},{"damage":52,"enemies":"Slavers","floor":28,"turns":8},{"damage":18,"enemies":"Centurion and Healer","floor":29,"turns":9},{"damage":18,"enemies":"3 Cultists","floor":30,"turns":6},{"damage":13,"enemies":"Cultist and Chosen","floor":31,"turns":7},{"damage":87,"enemies":"Collector","floor":33,"turns":12},{"damage":1,"enemies":"3 Shapes","floor":35,"turns":3},{"damage":22,"enemies":"3 Darklings","floor":37,"turns":3},{"damage":12,"enemies":"Maw","floor":39,"turns":7},{"damage":1,"enemies":"Giant Head","floor":40,"turns":6},{"damage":15,"enemies":"4 Shapes","floor":41,"turns":4},{"damage":20,"enemies":"2 Orb Walkers","floor":45,"turns":5},{"damage":1,"enemies":"3 Darklings","floor":46,"turns":3},{"damage":7,"enemies":"Nemesis","floor":48,"turns":7},{"damage":70,"enemies":"Awakened One","floor":50,"turns":8}],"seed_played":"-4884104574296109442","potions_obtained":[{"floor":4,"key":"FairyPotion"},{"floor":11,"key":"Strength Potion"},{"floor":16,"key":"Strength Potion"},{"floor":30,"key":"Energy Potion"},{"floor":35,"key":"PowerPotion"},{"floor":48,"key":"PowerPotion"}],"is_trial":false,"path_per_floor":["M","?","$","M","?","E","R","T","T","M","M","E","M","$","R","B",null,"M","M","?","M","M","R","M","M","T","?","E","M","M","M","R","B",null,"M","$","M","T","M","E","M","R","T","$","?","M","?","E","R","B",null],"character_chosen":"IRONCLAD","items_purchased":["Flame Barrier","Membership Card","Vajra","Warcry","Nunchaku","Brimstone","Bronze Scales","TheAbacus","Strawberry","Thinking Ahead"],"campfire_rested":6,"item_purchase_floors":[14,14,36,36,36,36,44,44,44,44],"current_hp_per_floor":[80,80,80,80,80,80,80,80,80,80,74,73,72,72,83,48,83,83,77,77,84,89,89,85,88,88,88,50,73,91,87,98,45,98,98,98,98,98,98,98,104,104,104,111,111,111,111,111,111,111],"gold":1238,"neow_bonus":"","is_prod":false,"is_daily":true,"chose_seed":false,"campfire_upgraded":0,"win_rate":0,"timestamp":1562899438,"path_taken":["M","?","$","M","?","E","R","?","T","M","?","E","M","$","R","BOSS","M","M","?","M","M","R","M","M","T","?","E","M","M","?","R","BOSS","M","$","M","?","M","E","M","R","T","$","?","M","?","E","R","BOSS"],"build_version":"2019-07-05","purchased_purges":0,"victory":true,"max_hp_per_floor":[80,80,80,80,80,80,80,80,80,80,80,80,83,83,83,83,83,83,83,83,86,89,89,89,89,89,89,92,95,98,98,98,98,98,98,98,98,98,98,98,104,104,104,111,111,111,111,111,111,111],"card_choices":[{"not_picked":["Clothesline","Clash"],"picked":"Feel No Pain","floor":0},{"not_picked":["Headbutt","Armaments"],"picked":"Pummel","floor":0},{"not_picked":["Cleave","Carnage"],"picked":"Thunderclap","floor":0},{"not_picked":["Evolve","Clothesline"],"picked":"Thunderclap","floor":0},{"not_picked":["Warcry","Anger"],"picked":"Havoc","floor":0},{"not_picked":["Pommel Strike","Iron Wave"],"picked":"Inflame","floor":0},{"not_picked":["Havoc","Evolve"],"picked":"Shrug It Off","floor":0},{"not_picked":["Uppercut","Cleave"],"picked":"Warcry","floor":0},{"not_picked":["Body Slam","Anger"],"picked":"Cleave","floor":0},{"not_picked":["Cleave","Spot Weakness"],"picked":"True Grit","floor":0},{"not_picked":["Fire Breathing","Combust"],"picked":"Thunderclap","floor":0},{"not_picked":["Headbutt","Clothesline"],"picked":"Inflame","floor":0},{"not_picked":["Havoc","Armaments"],"picked":"True Grit","floor":0},{"not_picked":["Clash","Pommel Strike"],"picked":"Shrug It Off","floor":0},{"not_picked":["Cleave","Clash"],"picked":"Pommel Strike","floor":0},{"not_picked":["Headbutt","Whirlwind"],"picked":"Warcry","floor":1},{"not_picked":["Anger","Perfected Strike","Evolve"],"picked":"SKIP","floor":4},{"not_picked":["Thunderclap","Dropkick","Metallicize"],"picked":"SKIP","floor":6},{"not_picked":["Fire Breathing","Anger","Armaments"],"picked":"SKIP","floor":10},{"not_picked":["Armaments","Body Slam"],"picked":"Feed","floor":11},{"not_picked":["Anger","Sever Soul","Clash"],"picked":"SKIP","floor":12},{"not_picked":["Sentinel","Entrench"],"picked":"Burning Pact","floor":13},{"not_picked":["Impervious","Demon Form"],"picked":"Reaper","floor":16},{"not_picked":["Armaments","Shrug It Off","Anger"],"picked":"SKIP","floor":18},{"not_picked":["Havoc","Headbutt","Fire Breathing"],"picked":"SKIP","floor":19},{"not_picked":["Clothesline","Dual Wield","Blood for Blood+1"],"picked":"SKIP","floor":21},{"not_picked":["Iron Wave","Thunderclap","Pommel Strike"],"picked":"SKIP","floor":22},{"not_picked":["Rampage+1","Body Slam","Clothesline"],"picked":"SKIP","floor":24},{"not_picked":["Shrug It Off+1","Ghostly Armor","Havoc"],"picked":"SKIP","floor":25},{"not_picked":["Pummel","Clash"],"picked":"Juggernaut","floor":28},{"not_picked":["Warcry","Armaments","Pommel Strike"],"picked":"SKIP","floor":29},{"not_picked":["True Grit","Pommel Strike+1","Clothesline"],"picked":"SKIP","floor":30},{"not_picked":["Sentinel","Headbutt"],"picked":"Havoc+1","floor":31},{"not_picked":["Immolate","Bludgeon"],"picked":"Impervious","floor":33},{"not_picked":["Inflame+1","Shrug It Off+1","Twin Strike"],"picked":"SKIP","floor":35},{"not_picked":["Wild Strike+1","Combust","Iron Wave+1"],"picked":"SKIP","floor":37},{"not_picked":["Shrug It Off+1","Carnage","Immolate"],"picked":"SKIP","floor":39},{"not_picked":["Ghostly Armor+1","Thunderclap","Evolve"],"picked":"SKIP","floor":40},{"not_picked":["Perfected Strike+1","Whirlwind","Rage"],"picked":"SKIP","floor":41},{"not_picked":["Spot Weakness+1","Ghostly Armor+1"],"picked":"Heavy Blade","floor":46},{"not_picked":["Warcry","Flex+1","Sentinel"],"picked":"SKIP","floor":46},{"not_picked":["Dual Wield","Inflame+1","Twin Strike"],"picked":"SKIP","floor":48}],"player_experience":113543,"relics_obtained":[{"floor":6,"key":"Torii"},{"floor":8,"key":"Champion Belt"},{"floor":9,"key":"Boot"},{"floor":12,"key":"Oddly Smooth Stone"},{"floor":26,"key":"Magic Flower"},{"floor":28,"key":"Centennial Puzzle"},{"floor":28,"key":"Pocketwatch"},{"floor":38,"key":"Omamori"},{"floor":40,"key":"Orichalcum"},{"floor":40,"key":"Unceasing Top"},{"floor":43,"key":"Bottled Tornado"},{"floor":45,"key":"Prayer Wheel"},{"floor":48,"key":"Ornamental Fan"},{"floor":48,"key":"Happy Flower"}],"event_choices":[{"damage_healed":0,"gold_gain":0,"player_choice":"Grow","damage_taken":0,"max_hp_gain":0,"max_hp_loss":0,"event_name":"Living Wall","floor":2,"gold_loss":0,"cards_upgraded":["Warcry"]},{"damage_healed":0,"gold_gain":0,"player_choice":"Ignored","damage_taken":0,"max_hp_gain":0,"max_hp_loss":0,"event_name":"Golden Wing","floor":5,"gold_loss":0},{"cards_removed":["Burning Pact"],"damage_healed":0,"gold_gain":0,"player_choice":"Elegance","damage_taken":0,"max_hp_gain":0,"max_hp_loss":0,"event_name":"Back to Basics","floor":20,"gold_loss":0},{"damage_healed":0,"gold_gain":100,"player_choice":"Bet on Murderer","damage_taken":0,"max_hp_gain":0,"max_hp_loss":0,"event_name":"The Joust","floor":27,"gold_loss":50},{"damage_healed":0,"gold_gain":0,"player_choice":"Fight","damage_taken":0,"max_hp_gain":0,"max_hp_loss":0,"event_name":"Mysterious Sphere","floor":45,"gold_loss":0},{"damage_healed":0,"gold_gain":0,"player_choice":"Upgraded","damage_taken":0,"max_hp_gain":0,"max_hp_loss":0,"event_name":"Upgrade Shrine","floor":47,"gold_loss":0,"cards_upgraded":["Feel No Pain"]}],"is_beta":false,"boss_relics":[{"not_picked":["Philosopher\u0027s Stone","Lizard Tail"],"picked":"Black Star"},{"not_picked":["Mark of Pain","Astrolabe"],"picked":"Velvet Choker"}],"items_purged_floors":[],"is_endless":false,"potions_floor_spawned":[4,11,16,22,24,25,30,33,35,37,41,46,48],"ascension_level":0}