{"path_per_floor":["M","?","?","M","?","E","R","M","T","$","?","M","R","?","R","B",null,"M","?","$","?","M","R"],"character_chosen":"DEFECT","items_purchased":["War Paint","Juzu Bracelet"],"gold_per_floor":[110,110,110,121,121,156,156,173,173,28,28,44,44,44,44,143,173,190,190,43,43,42,42,42],"floor_reached":24,"campfire_rested":0,"playtime":1726,"current_hp_per_floor":[73,66,73,73,73,61,61,57,57,57,57,52,52,52,52,26,94,58,58,58,39,27,27,0],"items_purged":[],"gold":42,"score":236,"play_id":"97f514f2-82a5-4e96-9fc6-fb0ef20cfd05","local_time":"20180511201049","is_prod":false,"is_daily":false,"chose_seed":false,"is_ascension_mode":true,"campfire_upgraded":4,"timestamp":1526083849,"path_taken":["M","?","?","M","?","E","R","M","T","$","?","M","R","?","R","BOSS","M","?","$","?","M","R","M"],"build_version":"2018-05-10","seed_source_timestamp":0,"purchased_purges":0,"victory":false,"master_deck":["Strike_B","Defend_B+1","Defend_B","Defend_B","Defend_B+1","Zap","Dualcast","Seek","Gash+1","Coolheaded+1","Sweeping Beam","Force Field+1","White Noise","Nova+1","Reprogram","Genetic Algorithm+1","White Noise"],"max_hp_per_floor":[75,75,89,89,89,89,89,89,89,89,89,89,89,89,89,89,94,94,94,94,99,99,99,99],"relics":["Cracked Core","Mango","DataDisk","Meat on the Bone","War Paint","Tiny House","Juzu Bracelet"],"card_choices":[{"not_picked":["Doom and Gloom","Lockon"],"picked":"Gash","floor":1},{"not_picked":["Streamline","Leap"],"picked":"Coolheaded","floor":4},{"not_picked":["Steam Power","Beam Cell"],"picked":"Sweeping Beam","floor":6},{"not_picked":["Beam Cell","Sweeping Beam"],"picked":"Force Field","floor":8},{"not_picked":["Beam Cell","Hello World"],"picked":"White Noise","floor":12},{"not_picked":["Reboot","Thunder Strike"],"picked":"Nova","floor":16},{"not_picked":["Streamline","Skim"],"picked":"Reprogram","floor":17},{"not_picked":["Go for the Eyes","Steam"],"picked":"Genetic Algorithm","floor":18},{"not_picked":["Blizzard","Streamline"],"picked":"White Noise","floor":22}],"player_experience":73831,"potions_floor_usage":[16,22,22,24],"damage_taken":[{"damage":2,"enemies":"Jaw Worm","floor":1,"turns":4},{"damage":0,"enemies":"Cultist","floor":4,"turns":3},{"damage":12,"enemies":"Lagavulin","floor":6,"turns":8},{"damage":4,"enemies":"2 Louse","floor":8,"turns":2},{"damage":5,"enemies":"Blue Slaver","floor":12,"turns":3},{"damage":38,"enemies":"Slime Boss","floor":16,"turns":13},{"damage":48,"enemies":"3 Byrds","floor":18,"turns":5},{"damage":31,"enemies":"2 Thieves","floor":22,"turns":5},{"damage":32,"enemies":"Slaver and Parasite","floor":24,"turns":2}],"event_choices":[{"event_name":"Golden Wing","player_choice":"Card Removal","floor":2,"damage_taken":0},{"event_name":"Scrap Ooze","player_choice":"success","floor":3,"damage_taken":7},{"event_name":"Living Wall","player_choice":"Forget","floor":5,"damage_taken":0},{"event_name":"The Cleric","player_choice":"Leave","floor":11,"damage_taken":0},{"event_name":"Purifier","player_choice":"One Purge","floor":14,"damage_taken":0},{"event_name":"Drug Dealer","player_choice":"Ignored","floor":19,"damage_taken":0},{"event_name":"Forgotten Altar","player_choice":"Shed Blood","floor":21,"damage_taken":0}],"boss_relics":[{"not_picked":["Ectoplasm","Eternal Feather"],"picked":"Tiny House"}],"potions_floor_spawned":[1,4,16],"seed_played":"-5917973367499079624","killed_by":"Slaver and Parasite","ascension_level":2,"is_trial":false}