{"gold_per_floor":[364,539,539,556,556,631,631,631,684,696,3,3,14,28,28,125,125,141,141,151,151,163,163,176,206,257,270,287,386,386,399,399,501,501],"floor_reached":34,"playtime":1544,"items_purged":[],"score":387,"play_id":"5f39a1d9-08bc-48cc-a001-63bb8fc6fc41","local_time":"20190721161047","is_ascension_mode":false,"campfire_choices":[{"data":"Armaments","floor":7,"key":"SMITH"},{"data":"Seeing Red","floor":10,"key":"SMITH"},{"floor":15,"key":"REST"},{"floor":23,"key":"REST"},{"floor":30,"key":"REST"},{"floor":32,"key":"REST"}],"neow_cost":"TEN_PERCENT_HP_LOSS","seed_source_timestamp":863962283618844,"circlet_count":0,"master_deck":["Strike_R","Strike_R","Strike_R","Strike_R","Strike_R","Defend_R+1","Defend_R","Defend_R","Defend_R","Bash","Armaments+1","Seeing Red+1","The Bomb","Inflame+1","Disarm+1","Infernal Blade","Juggernaut","Clothesline+1","Spot Weakness","Carnage+1","Bludgeon","Shrug It Off","Spot Weakness"],"relics":["Burning Blood","Mango","MawBank","Gremlin Horn","Strange Spoon","Runic Pyramid","Pantograph","War Paint","Snecko Eye"],"potions_floor_usage":[16,20,25,33,33],"damage_taken":[{"damage":2,"enemies":"Small Slimes","floor":1,"turns":4},{"damage":17,"enemies":"Jaw Worm","floor":4,"turns":5},{"damage":6,"enemies":"2 Louse","floor":13,"turns":2},{"damage":16,"enemies":"2 Fungi Beasts","floor":14,"turns":4},{"damage":64,"enemies":"Hexaghost","floor":16,"turns":12},{"damage":30,"enemies":"Shell Parasite","floor":18,"turns":7},{"damage":11,"enemies":"Spheric Guardian","floor":20,"turns":4},{"damage":19,"enemies":"Cultist and Chosen","floor":22,"turns":6},{"damage":7,"enemies":"3 Cultists","floor":24,"turns":4},{"damage":57,"enemies":"Book of Stabbing","floor":25,"turns":7},{"damage":15,"enemies":"Snake Plant","floor":27,"turns":6},{"damage":6,"enemies":"Cultist and Chosen","floor":28,"turns":6},{"damage":15,"enemies":"Centurion and Healer","floor":31,"turns":5},{"damage":68,"enemies":"Collector","floor":33,"turns":11}],"seed_played":"6075192675376650608","potions_obtained":[{"floor":1,"key":"Regen Potion"},{"floor":14,"key":"AttackPotion"},{"floor":16,"key":"Swift Potion"},{"floor":18,"key":"EssenceOfSteel"},{"floor":24,"key":"Energy Potion"},{"floor":31,"key":"SpeedPotion"}],"is_trial":false,"path_per_floor":["M","?","?","M","?","?","R","?","T","R","$","?","M","M","R","B",null,"M","?","M","$","M","R","M","E","T","M","M","?","R","M","R","B",null],"character_chosen":"IRONCLAD","items_purchased":["The Bomb","Gremlin Horn","Strange Spoon","Inflame"],"campfire_rested":4,"item_purchase_floors":[11,11,11,11],"current_hp_per_floor":[72,72,74,63,63,52,52,52,52,52,52,52,52,42,67,14,86,62,62,57,57,44,69,68,17,17,8,8,8,33,24,49,12,86],"gold":501,"neow_bonus":"TWO_FIFTY_GOLD","is_prod":false,"is_daily":false,"chose_seed":false,"campfire_upgraded":2,"win_rate":0,"timestamp":1563743447,"path_taken":["M","?","?","M","?","?","R","?","T","R","$","?","?","M","R","BOSS","M","?","M","$","M","R","M","E","T","M","M","?","R","M","R","BOSS"],"build_version":"2019-07-17","purchased_purges":0,"victory":false,"max_hp_per_floor":[72,72,86,86,86,86,86,86,86,86,86,86,86,86,86,86,86,86,86,86,86,86,86,86,86,86,86,86,86,86,86,86,86,86],"card_choices":[{"not_picked":["Havoc","Wild Strike"],"picked":"Armaments","floor":1},{"not_picked":["Anger","Sword Boomerang"],"picked":"Seeing Red","floor":4},{"not_picked":["Twin Strike","Cleave"],"picked":"Disarm","floor":13},{"not_picked":["Sword Boomerang","Clash"],"picked":"Infernal Blade","floor":14},{"not_picked":["Berserk","Immolate"],"picked":"Juggernaut","floor":16},{"not_picked":["Perfected Strike","Armaments+1"],"picked":"Clothesline+1","floor":18},{"not_picked":["Sword Boomerang","Headbutt+1"],"picked":"Spot Weakness","floor":20},{"not_picked":["Body Slam+1","Twin Strike","Armaments"],"picked":"SKIP","floor":22},{"not_picked":["Cleave","Blood for Blood"],"picked":"Carnage+1","floor":24},{"not_picked":["Wild Strike","Seeing Red+1"],"picked":"Bludgeon","floor":25},{"not_picked":["Anger","Warcry+1"],"picked":"Shrug It Off","floor":27},{"not_picked":["Twin Strike","Warcry","Anger"],"picked":"SKIP","floor":28},{"not_picked":["Headbutt","Twin Strike"],"picked":"Spot Weakness","floor":31}],"player_experience":146458,"relics_obtained":[{"floor":9,"key":"MawBank"},{"floor":25,"key":"Pantograph"},{"floor":26,"key":"War Paint"}],"event_choices":[{"damage_healed":0,"gold_gain":175,"player_choice":"AGREE","damage_taken":0,"max_hp_gain":0,"max_hp_loss":0,"event_name":"Liars Game","floor":2,"gold_loss":0,"cards_obtained":["Doubt"]},{"damage_healed":0,"gold_gain":0,"player_choice":"Success","damage_taken":12,"relics_obtained":["Mango"],"max_hp_gain":0,"max_hp_loss":0,"event_name":"Scrap Ooze","floor":3,"gold_loss":0},{"cards_removed":["Doubt"],"damage_healed":0,"gold_gain":0,"player_choice":"Forget","damage_taken":0,"max_hp_gain":0,"max_hp_loss":0,"event_name":"Living Wall","floor":5,"gold_loss":0},{"damage_healed":0,"gold_gain":75,"player_choice":"Gather Gold","damage_taken":11,"max_hp_gain":0,"max_hp_loss":0,"event_name":"World of Goop","floor":6,"gold_loss":0},{"damage_healed":0,"gold_gain":0,"player_choice":"Leave","damage_taken":0,"max_hp_gain":0,"max_hp_loss":0,"event_name":"The Cleric","floor":8,"gold_loss":0},{"damage_healed":0,"gold_gain":0,"player_choice":"Upgraded","damage_taken":0,"max_hp_gain":0,"max_hp_loss":0,"event_name":"Upgrade Shrine","floor":12,"gold_loss":0,"cards_upgraded":["Inflame"]},{"damage_healed":0,"gold_gain":0,"player_choice":"Ignored","damage_taken":0,"max_hp_gain":0,"max_hp_loss":0,"event_name":"Ghosts","floor":19,"gold_loss":0},{"damage_healed":0,"gold_gain":99,"player_choice":"Stole From Cult","damage_taken":0,"max_hp_gain":0,"max_hp_loss":0,"event_name":"Nest","floor":29,"gold_loss":0}],"is_beta":false,"boss_relics":[{"not_picked":["Ectoplasm","Velvet Choker"],"picked":"Runic Pyramid"},{"not_picked":["Philosopher\u0027s Stone","Eternal Feather"],"picked":"Snecko Eye"}],"items_purged_floors":[],"is_endless":false,"potions_floor_spawned":[1,14,16,18,24,31],"ascension_level":0}