{"gold_per_floor":[112,132,132,149,48,79,79,107,107,121,83,102,112,112,112,232,232,250,250,265,39,63,63,63,81,106,106,205,205,279,293,293,293],"floor_reached":33,"playtime":1744,"items_purged":[],"score":344,"play_id":"77e66ab6-5a64-4cae-9d1f-782da5485bc3","local_time":"20190713170234","is_ascension_mode":true,"campfire_choices":[{"floor":7.0,"key":"RECALL"},{"floor":15.0,"key":"REST"},{"floor":23.0,"key":"REST"},{"floor":27.0,"key":"REST"},{"floor":29.0,"key":"REST"},{"floor":32.0,"key":"REST"}],"neow_cost":"TEN_PERCENT_HP_LOSS","seed_source_timestamp":0,"circlet_count":0,"master_deck":["Strike_B","Strike_B","Strike_B","Strike_B","Defend_B","Defend_B","Defend_B","Defend_B","Zap","Dualcast","Mind Blast","Deep Breath","Coolheaded","Defragment+1","Loop","Gash","Go for the Eyes","Stack","Conserve Battery","Leap","Reinforced Body","Doom and Gloom","Compile Driver","Injury","Echo Form","BootSequence","Amplify","Sweeping Beam","Leap","Streamline","Ball Lightning","Pain","Gash","Defragment","Sunder+1","Go for the Eyes","Stack","Cold Snap","Turbo","BootSequence+1","Hologram+1"],"special_seed":0,"relics":["Cracked Core","Cables","Darkstone Periapt","Golden Idol","Orrery","WarpedTongs","DataDisk","Dream Catcher","Tiny Chest"],"potions_floor_usage":[33],"damage_taken":[{"damage":9.0,"enemies":"2 Louse","floor":1.0,"turns":2.0},{"damage":2.0,"enemies":"Small Slimes","floor":2.0,"turns":4.0},{"damage":1.0,"enemies":"Cultist","floor":4.0,"turns":4.0},{"damage":10.0,"enemies":"Lagavulin","floor":6.0,"turns":10.0},{"damage":10.0,"enemies":"3 Sentries","floor":8.0,"turns":2.0},{"damage":1.0,"enemies":"3 Louse","floor":10.0,"turns":3.0},{"damage":8.0,"enemies":"Blue Slaver","floor":12.0,"turns":3.0},{"damage":12.0,"enemies":"Looter","floor":13.0,"turns":3.0},{"damage":7.0,"enemies":"Slime Boss","floor":16.0,"turns":9.0},{"damage":16.0,"enemies":"Chosen","floor":18.0,"turns":5.0},{"damage":26.0,"enemies":"2 Thieves","floor":20.0,"turns":4.0},{"damage":0.0,"enemies":"Snake Plant","floor":22.0,"turns":4.0},{"damage":35.0,"enemies":"Shelled Parasite and Fungi","floor":25.0,"turns":6.0},{"damage":34.0,"enemies":"Book of Stabbing","floor":30.0,"turns":6.0},{"damage":34.0,"enemies":"3 Cultists","floor":31.0,"turns":6.0},{"damage":31,"enemies":"Collector","floor":33,"turns":7}],"seed_played":"6330489023522872788","potions_obtained":[{"floor":2.0,"key":"Dexterity Potion"},{"floor":6.0,"key":"AttackPotion"},{"floor":8.0,"key":"SpeedPotion"},{"floor":13.0,"key":"FearPotion"},{"floor":18.0,"key":"Swift Potion"},{"floor":20.0,"key":"Strength Potion"}],"is_trial":false,"path_per_floor":["M","M","?","M","$","E","R","E","T","M","$","M","M","?","R","B",null,"M","?","M","$","M","R","?","M","T","R","?","R","E","M","R","B"],"character_chosen":"DEFECT","items_purchased":["Gash","Go for the Eyes","Reinforced Body","DataDisk","Defragment"],"campfire_rested":5,"item_purchase_floors":[5,5,11,21,21],"current_hp_per_floor":[59,57,57,56,56,46,46,36,36,35,35,27,15,21,43,36,74,58,64,38,38,38,62,62,27,27,51,51,75,41,7,31,0],"gold":293,"neow_bonus":"RANDOM_COLORLESS_2","is_prod":false,"is_daily":false,"chose_seed":false,"campfire_upgraded":0,"win_rate":0,"timestamp":1563051754,"path_taken":["M","M","?","M","$","E","R","E","T","M","$","M","M","?","R","BOSS","M","?","?","$","M","R","?","M","T","R","?","R","E","M","R","BOSS"],"build_version":"2019-07-05","purchased_purges":0,"victory":false,"max_hp_per_floor":[68,68,68,68,68,68,68,68,68,68,68,68,68,74,74,74,74,74,80,80,80,80,80,80,80,80,80,80,80,80,80,80,80],"card_choices":[{"not_picked":["Reprogram","Streamline"],"picked":"Coolheaded","floor":1.0},{"not_picked":["Turbo","Scrape"],"picked":"Defragment","floor":2.0},{"not_picked":["Hologram","Sweeping Beam"],"picked":"Loop","floor":4.0},{"not_picked":["Steam Power","Cold Snap"],"picked":"Stack","floor":6.0},{"not_picked":["Consume","Ball Lightning"],"picked":"Conserve Battery","floor":8.0},{"not_picked":["Stack","Barrage"],"picked":"Leap","floor":10.0},{"not_picked":["Fission","White Noise"],"picked":"Doom and Gloom","floor":12.0},{"not_picked":["Go for the Eyes","Redo"],"picked":"Compile Driver","floor":13.0},{"not_picked":["Thunder Strike","Multi-Cast"],"picked":"Echo Form","floor":16.0},{"not_picked":["Hologram","Turbo"],"picked":"BootSequence","floor":17.0},{"not_picked":["Streamline","Coolheaded"],"picked":"Amplify","floor":17.0},{"not_picked":["Coolheaded","Rebound"],"picked":"Sweeping Beam","floor":17.0},{"not_picked":["Chaos","Consume"],"picked":"Leap","floor":17.0},{"not_picked":["FTL","Rebound"],"picked":"Streamline","floor":17.0},{"not_picked":["Hologram","Ball Lightning","Coolheaded"],"picked":"SKIP","floor":18.0},{"not_picked":["Hologram","Coolheaded"],"picked":"Ball Lightning","floor":18.0},{"not_picked":["Ball Lightning","Self Repair"],"picked":"Gash","floor":20.0},{"not_picked":["Barrage","Steam"],"picked":"Sunder+1","floor":22.0},{"not_picked":["Compile Driver","Coolheaded"],"picked":"Go for the Eyes","floor":25.0},{"not_picked":["White Noise","Skim"],"picked":"Stack","floor":27.0},{"not_picked":["Echo Form","Redo"],"picked":"Cold Snap","floor":29.0},{"not_picked":["Storm","Machine Learning"],"picked":"Turbo","floor":30.0},{"not_picked":["Steam","Storm"],"picked":"BootSequence+1","floor":31.0},{"not_picked":["Darkness+1","White Noise"],"picked":"Hologram+1","floor":32.0}],"player_experience":543045,"relics_obtained":[{"floor":6.0,"key":"Cables"},{"floor":8.0,"key":"Darkstone Periapt"},{"floor":26.0,"key":"Dream Catcher"},{"floor":30.0,"key":"Tiny Chest"}],"event_choices":[{"damage_healed":0.0,"max_hp_gain":0.0,"max_hp_loss":0.0,"gold_gain":0.0,"event_name":"Living Wall","player_choice":"Grow","floor":3.0,"gold_loss":0.0,"damage_taken":0.0,"cards_upgraded":["Defragment"]},{"damage_healed":0.0,"max_hp_gain":0.0,"max_hp_loss":0.0,"gold_gain":0.0,"event_name":"Golden Idol","player_choice":"Take Wound","floor":14.0,"gold_loss":0.0,"damage_taken":0.0,"relics_obtained":["Golden Idol"],"cards_obtained":["Injury"]},{"damage_healed":0.0,"max_hp_gain":0.0,"max_hp_loss":0.0,"gold_gain":0.0,"event_name":"Accursed Blacksmith","player_choice":"Rummage","floor":19.0,"gold_loss":0.0,"damage_taken":0.0,"relics_obtained":["WarpedTongs"],"cards_obtained":["Pain"]},{"damage_healed":0.0,"max_hp_gain":0.0,"max_hp_loss":0.0,"gold_gain":0.0,"event_name":"Vampires","player_choice":"Ignored","floor":24.0,"gold_loss":0.0,"damage_taken":0.0},{"damage_healed":0.0,"max_hp_gain":0.0,"max_hp_loss":0.0,"gold_gain":99.0,"event_name":"Nest","player_choice":"Stole From Cult","floor":28.0,"gold_loss":0.0,"damage_taken":0.0}],"is_beta":false,"boss_relics":[{"not_picked":["Ectoplasm","Black Star"],"picked":"Orrery"}],"items_purged_floors":[],"is_endless":false,"potions_floor_spawned":[2,6,8,13,18,20],"killed_by":"Collector","ascension_level":3}