{"gold_per_floor":[115,115,20,35,53,53,85,97,144,66,16,16,30,30,30,131,131,149,160,191,191,291,322,341,0,26,26,45,45],"floor_reached":29,"playtime":2624,"items_purged":[],"score":243,"play_id":"5c79e08c-5b8a-4dba-8e13-2d48f6c93aaa","local_time":"20190203145051","is_ascension_mode":false,"campfire_choices":[{"data":"Fusion","floor":6,"key":"SMITH"},{"floor":12,"key":"REST"},{"data":"Dramatic Entrance","floor":15,"key":"SMITH"},{"floor":27,"key":"REST"}],"neow_cost":"NONE","seed_source_timestamp":2141226474283008,"circlet_count":0,"master_deck":["Zap","Dualcast+1","Rip and Tear","Barrage","White Noise","Chill","Static Discharge","Darkness","Beam Cell","Steam","Iron Wave","Dramatic Entrance+1","Loop","Fusion+1","Capacitor","Stack+1","Conserve Battery","Core Surge","Defragment+1","Conserve Battery+1","Scrape+1","Leap","Auto Shields","Lockon"],"relics":["Pandora\u0027s Box","Dodecahedron","War Paint","Blood Vial","Lizard Tail","Red Mask","Art of War","Meat on the Bone","Ancient Tea Set"],"potions_floor_usage":[8,13,24],"damage_taken":[{"damage":8,"enemies":"Small Slimes","floor":1,"turns":3},{"damage":0,"enemies":"Cultist","floor":4,"turns":2},{"damage":11,"enemies":"Jaw Worm","floor":5,"turns":3},{"damage":25,"enemies":"Lagavulin","floor":7,"turns":4},{"damage":13,"enemies":"Exordium Thugs","floor":8,"turns":3},{"damage":0,"enemies":"Blue Slaver","floor":13,"turns":4},{"damage":46,"enemies":"The Guardian","floor":16,"turns":8},{"damage":6,"enemies":"3 Byrds","floor":18,"turns":5},{"damage":17,"enemies":"Spheric Guardian","floor":19,"turns":7},{"damage":32,"enemies":"Masked Bandits","floor":20,"turns":4},{"damage":47,"enemies":"Gremlin Leader","floor":23,"turns":8},{"damage":9,"enemies":"3 Cultists","floor":24,"turns":6},{"damage":17,"enemies":"Snake Plant","floor":28,"turns":5},{"damage":34,"enemies":"Snecko","floor":29,"turns":6}],"seed_played":"-8730579358205158216","potions_obtained":[{"floor":5,"key":"Swift Potion"},{"floor":7,"key":"FairyPotion"},{"floor":23,"key":"Explosive Potion"},{"floor":28,"key":"Ancient Potion"}],"is_trial":false,"path_per_floor":["M","?","$","M","M","R","E","M","T","?","$","R","M","$","R","B",null,"M","M","?","?","?","E","M","$","T","R","M","M"],"character_chosen":"DEFECT","items_purchased":["Dramatic Entrance","Block Potion","Meat on the Bone","FearPotion","Explosive Potion"],"campfire_rested":2,"item_purchase_floors":[3,11,25,25,25],"current_hp_per_floor":[67,67,67,67,56,56,31,18,18,18,18,40,42,42,42,7,75,69,54,24,24,24,17,10,10,10,32,29,0],"gold":45,"neow_bonus":"BOSS_RELIC","is_prod":false,"is_daily":false,"chose_seed":false,"campfire_upgraded":2,"win_rate":0.0,"timestamp":1549223451,"path_taken":["M","?","$","M","M","R","E","?","T","?","$","R","M","?","R","BOSS","M","M","?","?","?","E","?","$","T","R","M","M"],"build_version":"2019-01-23","purchased_purges":0,"victory":false,"max_hp_per_floor":[75,75,75,75,75,75,75,75,75,75,75,75,75,75,75,75,75,75,75,75,75,75,75,75,75,75,75,75,75],"card_choices":[{"not_picked":["Consume","Leap"],"picked":"Steam","floor":1},{"not_picked":["BootSequence","Coolheaded"],"picked":"Loop","floor":4},{"not_picked":["Hologram","Steam"],"picked":"Fusion","floor":5},{"not_picked":["BootSequence","Scrape"],"picked":"Capacitor","floor":7},{"not_picked":["Turbo","Self Repair"],"picked":"Stack","floor":8},{"not_picked":["Stack","Ball Lightning"],"picked":"Conserve Battery","floor":13},{"not_picked":["Amplify","Reboot"],"picked":"Core Surge","floor":16},{"not_picked":["Sweeping Beam","Turbo+1"],"picked":"Defragment+1","floor":18},{"not_picked":["Barrage","Doom and Gloom+1"],"picked":"Conserve Battery+1","floor":19},{"not_picked":["Hologram","Sweeping Beam"],"picked":"Scrape+1","floor":20},{"not_picked":["Cold Snap","Barrage"],"picked":"Leap","floor":23},{"not_picked":["FTL","Streamline"],"picked":"Auto Shields","floor":24},{"not_picked":["Loop","Conserve Battery+1"],"picked":"Lockon","floor":28}],"player_experience":177009,"relics_obtained":[{"floor":7,"key":"Dodecahedron"},{"floor":9,"key":"War Paint"},{"floor":20,"key":"Red Mask"},{"floor":23,"key":"Art of War"},{"floor":26,"key":"Ancient Tea Set"}],"event_choices":[{"cards_removed":["Skim"],"damage_healed":0,"gold_gain":0,"player_choice":"Took Card","damage_taken":0,"max_hp_gain":0,"max_hp_loss":0,"event_name":"NoteForYourself","floor":2,"gold_loss":0,"cards_obtained":["Iron Wave"]},{"damage_healed":0,"gold_gain":0,"player_choice":"Paid Gold","damage_taken":0,"relics_obtained":["Blood Vial"],"max_hp_gain":0,"max_hp_loss":0,"event_name":"WeMeetAgain","floor":10,"gold_loss":78},{"damage_healed":0,"gold_gain":0,"player_choice":"Fought Bandits","damage_taken":0,"max_hp_gain":0,"max_hp_loss":0,"event_name":"Masked Bandits","floor":20,"gold_loss":0},{"damage_healed":0,"gold_gain":0,"player_choice":"Simplicity","damage_taken":0,"max_hp_gain":0,"max_hp_loss":0,"event_name":"Back to Basics","floor":21,"gold_loss":0,"cards_upgraded":[]},{"damage_healed":0,"gold_gain":100,"player_choice":"Pray","damage_taken":0,"max_hp_gain":0,"max_hp_loss":0,"event_name":"Golden Shrine","floor":22,"gold_loss":0}],"is_beta":false,"boss_relics":[{"not_picked":["Snecko Eye","Sozu"],"picked":"Lizard Tail"}],"items_purged_floors":[],"is_endless":false,"potions_floor_spawned":[5,7,23,28],"killed_by":"Snecko","ascension_level":0}