{"gold_per_floor":[119,119,134,134,158,158,174,174,174,24,48,48,48,61,61,182,182,198,123,248,248,268,268,287,287,287,287,287,308,327,95,95,218,218,234,156,174,0,23,66,66,66,93,113,113,129,150,164,164,164,164,164,11,42,42],"floor_reached":55,"playtime":2385,"items_purged":["Strike_B"],"score":861,"play_id":"a26245f3-2d77-4b6e-ab43-5e119961c11a","local_time":"20181111064555","is_ascension_mode":true,"campfire_choices":[{"data":"Genetic Algorithm","floor":6,"key":"SMITH"},{"data":"Dualcast","floor":8,"key":"SMITH"},{"floor":12,"key":"REST"},{"data":"Redo","floor":15,"key":"SMITH"},{"floor":23,"key":"REST"},{"floor":28,"key":"REST"},{"floor":32,"key":"RECALL"},{"floor":41,"key":"REST"},{"floor":45,"key":"REST"},{"floor":49,"key":"REST"},{"floor":52,"key":"REST"}],"neow_cost":"NONE","seed_source_timestamp":307346823026053,"circlet_count":0,"master_deck":["Defend_B","Defend_B+1","Defend_B","Defend_B+1","Zap","Dualcast+1","Genetic Algorithm+1","Storm+1","Hello World+1","Self Repair+1","Static Discharge+1","Redo+1","Echo Form+1","Static Discharge+1","Purity","Storm+1","Tempest","Skim","Self Repair+1","Storm+1","Creative AI+1","Storm+1","Pain","Storm+1"],"relics":["Cracked Core","Frozen Egg 2","Golden Idol","Anchor","Regal Pillow","Fusion Hammer","Pocketwatch","Dodecahedron","Centennial Puzzle","Busted Crown","Red Mask","War Paint","WarpedTongs","Whetstone","DataDisk","Vajra"],"potions_floor_usage":[16,20,22,44,54,55,55],"damage_taken":[{"damage":2,"enemies":"2 Louse","floor":1,"turns":3},{"damage":0,"enemies":"Small Slimes","floor":3,"turns":3},{"damage":8,"enemies":"Jaw Worm","floor":5,"turns":4},{"damage":15,"enemies":"2 Fungi Beasts","floor":7,"turns":4},{"damage":11,"enemies":"Looter","floor":14,"turns":2},{"damage":21,"enemies":"Hexaghost","floor":16,"turns":7},{"damage":17,"enemies":"Spheric Guardian","floor":18,"turns":3},{"damage":16,"enemies":"Colosseum Slavers","floor":20,"turns":4},{"damage":38,"enemies":"Colosseum Nobs","floor":20,"turns":4},{"damage":16,"enemies":"Shell Parasite","floor":22,"turns":3},{"damage":13,"enemies":"Centurion and Healer","floor":24,"turns":6},{"damage":0,"enemies":"Snake Plant","floor":29,"turns":2},{"damage":8,"enemies":"Chosen and Byrds","floor":30,"turns":3},{"damage":60,"enemies":"Champ","floor":33,"turns":6},{"damage":10,"enemies":"3 Shapes","floor":35,"turns":2},{"damage":1,"enemies":"Orb Walker","floor":37,"turns":2},{"damage":0,"enemies":"3 Darklings","floor":39,"turns":3},{"damage":13,"enemies":"Giant Head","floor":40,"turns":5},{"damage":7,"enemies":"Writhing Mass","floor":44,"turns":3},{"damage":22,"enemies":"Maw","floor":46,"turns":4},{"damage":4,"enemies":"Transient","floor":47,"turns":5},{"damage":12,"enemies":"Jaw Worm Horde","floor":48,"turns":2},{"damage":45,"enemies":"Donu and Deca","floor":50,"turns":4},{"damage":25,"enemies":"Shield and Spear","floor":54,"turns":2},{"damage":97,"enemies":"The Heart","floor":55,"turns":5}],"seed_played":"6490660388743274753","potions_obtained":[{"floor":5,"key":"Weak Potion"},{"floor":7,"key":"Weak Potion"},{"floor":18,"key":"Energy Potion"},{"floor":20,"key":"GamblersBrew"},{"floor":29,"key":"Explosive Potion"},{"floor":35,"key":"SkillPotion"},{"floor":40,"key":"FairyPotion"},{"floor":48,"key":"Dexterity Potion"},{"floor":54,"key":"PowerPotion"}],"is_trial":false,"path_per_floor":["M","?","M","?","M","R","M","R","T","$","T","R","?","M","R","B",null,"M","?","?","?","M","R","M","?","T","?","R","M","M","$","R","B",null,"M","$","M","?","M","E","R","?","T","M","R","M","M","M","R","B",null,"R","$","E","B"],"character_chosen":"DEFECT","items_purchased":["Static Discharge+1","Storm+1","Centennial Puzzle","Storm+1","DataDisk"],"campfire_rested":7,"item_purchase_floors":[10,31,31,36,53],"current_hp_per_floor":[80,77,77,57,49,49,34,34,34,34,34,73,73,72,72,61,77,80,80,46,46,50,82,79,79,79,63,87,87,87,87,87,57,80,87,87,87,87,87,87,87,87,87,87,87,87,87,85,87,52,78,87,87,72,0],"gold":42,"neow_bonus":"TEN_PERCENT_HP_BONUS","is_prod":false,"is_daily":false,"chose_seed":false,"campfire_upgraded":3,"win_rate":0,"timestamp":1541936755,"path_taken":["M","?","M","?","M","R","M","R","T","$","?","R","?","M","R","BOSS","M","?","?","?","?","R","M","?","T","?","R","M","M","$","R","BOSS","M","$","M","?","M","E","R","?","T","?","R","M","?","M","R","BOSS","R","$","E","BOSS"],"build_version":"2018-11-08","purchased_purges":1,"victory":false,"max_hp_per_floor":[82,82,82,82,82,82,82,82,82,82,82,82,82,82,82,82,82,82,82,82,82,82,82,82,82,82,87,87,87,87,87,87,87,87,87,87,87,87,87,87,87,87,87,87,87,87,87,87,87,87,87,87,87,87,87],"card_choices":[{"not_picked":["Go for the Eyes","Consume"],"picked":"Genetic Algorithm","floor":1},{"not_picked":["Gash","Steam"],"picked":"Storm+1","floor":3},{"not_picked":["Rebound","Cold Snap"],"picked":"Hello World+1","floor":5},{"not_picked":["Reinforced Body","Coolheaded"],"picked":"Self Repair+1","floor":7},{"not_picked":["Ball Lightning","Leap"],"picked":"Redo","floor":14},{"not_picked":["Biased Cognition+1","Fission"],"picked":"Echo Form+1","floor":16},{"not_picked":["Compile Driver","Stack","Cold Snap"],"picked":"SKIP","floor":18},{"not_picked":["Compile Driver","Leap"],"picked":"Static Discharge+1","floor":20},{"not_picked":["Stack","Recycle+1"],"picked":"Storm+1","floor":22},{"not_picked":["Barrage","Sweeping Beam","Steam Power"],"picked":"SKIP","floor":24},{"not_picked":["Sunder","FTL"],"picked":"Self Repair+1","floor":29},{"not_picked":["Streamline","Cold Snap","Stack"],"picked":"SKIP","floor":30},{"not_picked":["Rainbow","Core Surge"],"picked":"Creative AI+1","floor":33},{"not_picked":["Barrage+1"],"picked":"SKIP","floor":35},{"not_picked":["Beam Cell"],"picked":"SKIP","floor":37},{"not_picked":["Consume+1"],"picked":"SKIP","floor":39},{"not_picked":["Recycle"],"picked":"SKIP","floor":40},{"not_picked":["Scrape"],"picked":"SKIP","floor":44},{"not_picked":["Blizzard+1"],"picked":"SKIP","floor":46},{"not_picked":[],"picked":"Storm+1","floor":47},{"not_picked":["Steam"],"picked":"SKIP","floor":48},{"not_picked":["All For One"],"picked":"SKIP","floor":54}],"player_experience":349058,"relics_obtained":[{"floor":9,"key":"Anchor"},{"floor":11,"key":"Regal Pillow"},{"floor":20,"key":"Pocketwatch"},{"floor":20,"key":"Dodecahedron"},{"floor":40,"key":"War Paint"},{"floor":43,"key":"Whetstone"},{"floor":54,"key":"Vajra"}],"event_choices":[{"damage_healed":0,"gold_gain":0,"player_choice":"Success","damage_taken":3,"relics_obtained":["Frozen Egg 2"],"max_hp_gain":0,"max_hp_loss":0,"event_name":"Scrap Ooze","floor":2,"gold_loss":0},{"damage_healed":0,"gold_gain":0,"player_choice":"Take Damage","damage_taken":20,"relics_obtained":["Golden Idol"],"max_hp_gain":0,"max_hp_loss":0,"event_name":"Golden Idol","floor":4,"gold_loss":0},{"damage_healed":0,"gold_gain":0,"player_choice":"Leave","damage_taken":0,"max_hp_gain":0,"max_hp_loss":0,"event_name":"The Cleric","floor":13,"gold_loss":0},{"cards_removed":["Strike_B"],"damage_healed":0,"gold_gain":0,"player_choice":"Gave Gold","damage_taken":0,"max_hp_gain":0,"max_hp_loss":0,"event_name":"Beggar","floor":19,"gold_loss":75},{"damage_healed":0,"gold_gain":0,"player_choice":"Fight","damage_taken":0,"max_hp_gain":0,"max_hp_loss":0,"event_name":"Colosseum","floor":20,"gold_loss":0},{"damage_healed":0,"gold_gain":0,"player_choice":"Fought Nobs","damage_taken":0,"max_hp_gain":0,"max_hp_loss":0,"event_name":"Colosseum","floor":20,"gold_loss":0},{"damage_healed":0,"gold_gain":0,"player_choice":"1 cards matched","damage_taken":0,"max_hp_gain":0,"max_hp_loss":0,"event_name":"Match and Keep!","floor":21,"gold_loss":0,"cards_obtained":["Purity"]},{"damage_healed":0,"gold_gain":0,"cards_transformed":["Strike_B","Strike_B"],"player_choice":"Became Test Subject","damage_taken":0,"max_hp_gain":0,"max_hp_loss":0,"event_name":"Drug Dealer","floor":25,"gold_loss":0,"cards_obtained":["Tempest","Skim"]},{"damage_healed":0,"gold_gain":0,"player_choice":"Shed Blood","damage_taken":21,"max_hp_gain":5,"max_hp_loss":0,"event_name":"Forgotten Altar","floor":27,"gold_loss":0},{"damage_healed":0,"gold_gain":0,"player_choice":"Paid","damage_taken":0,"relics_obtained":["Red Mask"],"max_hp_gain":0,"max_hp_loss":0,"event_name":"Tomb of Lord Red Mask","floor":38,"gold_loss":174},{"damage_healed":0,"gold_gain":0,"player_choice":"Rummage","damage_taken":0,"relics_obtained":["WarpedTongs"],"max_hp_gain":0,"max_hp_loss":0,"event_name":"Accursed Blacksmith","floor":42,"gold_loss":0,"cards_obtained":["Pain"]}],"is_beta":true,"boss_relics":[{"not_picked":["White Beast Statue","Runic Dome"],"picked":"Fusion Hammer"},{"not_picked":["Snecko Eye","Pandora\u0027s Box"],"picked":"Busted Crown"}],"items_purged_floors":[10],"is_endless":false,"potions_floor_spawned":[5,7,18,20,20,29,35,37,40,48,54],"killed_by":"The Heart","ascension_level":5}