{"gold_per_floor":[113,127,127,143,154,154,154,154,181,195,195,195,214,247,247,321,321,334,354,354],"floor_reached":20,"playtime":1066,"items_purged":[],"score":317,"play_id":"f066c5a3-7760-4a45-a9f3-6ac344c04bfa","local_time":"20190128173737","is_ascension_mode":true,"campfire_choices":[{"data":"True Grit","floor":6.0,"key":"SMITH"},{"data":"Uppercut","floor":8.0,"key":"SMITH"},{"floor":12,"key":"REST"},{"floor":15,"key":"REST"}],"neow_cost":"NONE","seed_source_timestamp":157389547540192,"circlet_count":0,"master_deck":["AscendersBane","Strike_R","Strike_R","Strike_R","Strike_R","Strike_R","Defend_R","Defend_R","Defend_R","Defend_R","Bash","Uppercut+1","Headbutt","True Grit+1","Thunderclap","Exhume","Burning Pact","Armaments","Bash","Ghostly Armor","Spot Weakness","Rage","Warcry","Reaper","Dark Embrace"],"special_seed":0,"relics":["Burning Blood","Dream Catcher","Oddly Smooth Stone","Black Star"],"potions_floor_usage":[18,19,20,20],"damage_taken":[{"damage":0.0,"enemies":"Small Slimes","floor":1.0,"turns":4.0},{"damage":2.0,"enemies":"2 Louse","floor":2.0,"turns":3.0},{"damage":11.0,"enemies":"Cultist","floor":4.0,"turns":4.0},{"damage":22.0,"enemies":"Large Slime","floor":5.0,"turns":7.0},{"damage":27.0,"enemies":"Lots of Slimes","floor":10.0,"turns":4.0},{"damage":39,"enemies":"Gremlin Gang","floor":13,"turns":6},{"damage":40,"enemies":"Lagavulin","floor":14,"turns":8},{"damage":31,"enemies":"Hexaghost","floor":16,"turns":16},{"damage":60,"enemies":"3 Byrds","floor":18,"turns":9},{"damage":2,"enemies":"Chosen","floor":19,"turns":4},{"damage":37,"enemies":"Snake Plant","floor":20,"turns":4}],"seed_played":"6673319316857579548","potions_obtained":[{"floor":2.0,"key":"Energy Potion"},{"floor":4.0,"key":"SteroidPotion"},{"floor":13,"key":"Weak Potion"},{"floor":18,"key":"AttackPotion"},{"floor":19,"key":"Block Potion"}],"is_trial":false,"path_per_floor":["M","M","?","M","M","R","?","R","T","M","?","R","M","E","R","B",null,"M","M","M"],"character_chosen":"IRONCLAD","items_purchased":[],"campfire_rested":2,"item_purchase_floors":[],"current_hp_per_floor":[81,82,82,77,61,61,82,82,82,61,61,82,49,15,39,14,65,19,23,0],"gold":354,"neow_bonus":"TEN_PERCENT_HP_BONUS","is_prod":false,"is_daily":false,"chose_seed":false,"campfire_upgraded":2,"win_rate":0,"timestamp":1548715057,"path_taken":["M","M","?","M","M","R","?","R","T","?","?","R","?","E","R","BOSS","M","?","M"],"build_version":"2019-01-23","purchased_purges":0,"victory":false,"max_hp_per_floor":[82,82,82,82,82,82,82,82,82,82,82,82,82,82,82,82,82,82,82,82],"card_choices":[{"not_picked":["Wild Strike","Headbutt"],"picked":"Dropkick","floor":1.0},{"not_picked":["Heavy Blade","Anger"],"picked":"Uppercut","floor":2.0},{"not_picked":["Warcry","Body Slam"],"picked":"Headbutt","floor":4.0},{"not_picked":["Twin Strike","Clothesline"],"picked":"True Grit","floor":5.0},{"not_picked":["Searing Blow","Warcry"],"picked":"Thunderclap","floor":10.0},{"not_picked":["Shrug It Off","Sword Boomerang"],"picked":"Ghostly Armor","floor":12},{"not_picked":["Thunderclap","Dual Wield"],"picked":"Spot Weakness","floor":13},{"not_picked":["Immolate","Sword Boomerang"],"picked":"Rage","floor":14},{"not_picked":["Wild Strike","Bloodletting"],"picked":"Warcry","floor":15},{"not_picked":["Brutality","Bludgeon"],"picked":"Reaper","floor":16},{"not_picked":["Heavy Blade","Headbutt","Body Slam"],"picked":"SKIP","floor":18},{"not_picked":["Twin Strike","Anger"],"picked":"Dark Embrace","floor":19}],"player_experience":888989,"relics_obtained":[{"floor":9.0,"key":"Dream Catcher"},{"floor":14,"key":"Oddly Smooth Stone"}],"event_choices":[{"damage_healed":0.0,"max_hp_gain":0.0,"max_hp_loss":0.0,"gold_gain":0.0,"event_name":"The Cleric","player_choice":"Leave","floor":3.0,"gold_loss":0.0,"damage_taken":0.0},{"cards_removed":["Dropkick"],"damage_healed":21.0,"max_hp_gain":0.0,"max_hp_loss":0.0,"gold_gain":0.0,"event_name":"Bonfire Elementals","player_choice":"Offered Uncommon","floor":7.0,"gold_loss":0.0,"damage_taken":0.0},{"damage_healed":0,"gold_gain":0,"player_choice":"4 cards matched","damage_taken":0,"max_hp_gain":0,"max_hp_loss":0,"event_name":"Match and Keep!","floor":11,"gold_loss":0,"cards_obtained":["Exhume","Burning Pact","Armaments","Bash"]}],"is_beta":true,"boss_relics":[{"not_picked":["Calling Bell","Orrery"],"picked":"Black Star"}],"items_purged_floors":[],"is_endless":false,"potions_floor_spawned":[2,4,13,18,19],"killed_by":"Snake Plant","ascension_level":16}