{"gold_per_floor":[168,168,179,109,128,128,153,153,176,176,189,223,234,78,78,176,176,187,32,32,32,43,43,62,62],"floor_reached":25,"playtime":1139,"items_purged":[],"score":232,"play_id":"9f8b83a2-c092-42c0-87ce-5998d2e39bb9","local_time":"20190604174008","is_ascension_mode":true,"campfire_choices":[{"data":"Noxious Fumes","floor":6.0,"key":"SMITH"},{"floor":10.0,"key":"RECALL"},{"floor":15.0,"key":"REST"},{"floor":23,"key":"REST"}],"neow_cost":"NONE","seed_source_timestamp":0,"circlet_count":0,"master_deck":["Defend_G","Defend_G","Defend_G","Defend_G","Defend_G","Strike_G","Strike_G","Strike_G+1","Strike_G","Survivor","Neutralize","Crippling Poison","Poisoned Stab","Noxious Fumes+1","Dash","Outmaneuver","Quick Slash","Burst","Bouncing Flask","Bane","Doppelganger","Deadly Poison","Sucker Punch","Catalyst"],"special_seed":0,"relics":["Tiny House","Regal Pillow","The Courier","Toolbox","White Beast Statue","Potion Belt","Frozen Egg 2"],"potions_floor_usage":[20,22,22,25],"damage_taken":[{"damage":0.0,"enemies":"Cultist","floor":1.0,"turns":4.0},{"damage":3.0,"enemies":"Jaw Worm","floor":3.0,"turns":5.0},{"damage":0.0,"enemies":"2 Louse","floor":5.0,"turns":3.0},{"damage":36.0,"enemies":"Gremlin Nob","floor":7.0,"turns":5.0},{"damage":12.0,"enemies":"Exordium Wildlife","floor":11.0,"turns":4.0},{"damage":21.0,"enemies":"Lagavulin","floor":12.0,"turns":7.0},{"damage":0.0,"enemies":"2 Fungi Beasts","floor":13.0,"turns":3.0},{"damage":7.0,"enemies":"Hexaghost","floor":16.0,"turns":7.0},{"damage":56.0,"enemies":"Shell Parasite","floor":18.0,"turns":8.0},{"damage":5,"enemies":"Colosseum Slavers","floor":20,"turns":3},{"damage":0,"enemies":"Chosen","floor":22,"turns":3},{"damage":41,"enemies":"Shelled Parasite and Fungi","floor":24,"turns":7},{"damage":17,"enemies":"Gremlin Leader","floor":25,"turns":4}],"seed_played":"5184712796283519758","potions_obtained":[{"floor":0.0,"key":"EntropicBrew"},{"floor":1.0,"key":"Poison Potion"},{"floor":12.0,"key":"PowerPotion"},{"floor":16.0,"key":"SteroidPotion"},{"floor":18.0,"key":"SkillPotion"},{"floor":22,"key":"Energy Potion"},{"floor":24,"key":"GhostInAJar"}],"is_trial":false,"path_per_floor":["M","?","M","$","M","R","E","$","T","R","M","E","M","$","R","B",null,"M","$","?","T","M","R","M","E"],"character_chosen":"THE_SILENT","items_purchased":["Dash","Toolbox","Potion Belt","Energy Potion"],"campfire_rested":2,"item_purchase_floors":[4,14,19,19],"current_hp_per_floor":[75,75,72,72,72,72,36,36,36,36,24,3,3,3,40,33,75,19,19,14,14,14,51,10,0],"gold":62,"neow_bonus":"BOSS_RELIC","is_prod":false,"is_daily":false,"chose_seed":false,"campfire_upgraded":1,"win_rate":0,"timestamp":1559684408,"path_taken":["M","?","M","$","M","R","E","$","T","R","M","E","M","?","R","BOSS","M","$","?","?","M","R","M","E"],"build_version":"2019-01-23","purchased_purges":0,"victory":false,"max_hp_per_floor":[75,75,75,75,75,75,75,75,75,75,75,75,75,75,75,75,75,75,75,75,75,75,75,75,75],"card_choices":[{"not_picked":["Leg Sweep","Skewer"],"picked":"Crippling Poison","floor":0.0},{"not_picked":["Prepared","Quick Slash"],"picked":"Poisoned Stab","floor":1.0},{"not_picked":["Terror","Deadly Poison"],"picked":"Noxious Fumes","floor":3.0},{"not_picked":["Acrobatics","Concentrate"],"picked":"Outmaneuver","floor":5.0},{"not_picked":["Setup","Accuracy"],"picked":"Quick Slash","floor":7.0},{"not_picked":["Quick Slash","Riddle With Holes"],"picked":"Burst","floor":11.0},{"not_picked":["Outmaneuver","Phantasmal Killer"],"picked":"Bouncing Flask","floor":12.0},{"not_picked":["Poisoned Stab","Setup"],"picked":"Bane","floor":13.0},{"not_picked":["After Image","Night Terror"],"picked":"Doppelganger","floor":16.0},{"not_picked":["Calculated Gamble","Prepared"],"picked":"Deadly Poison","floor":18.0},{"not_picked":["Slice","Setup"],"picked":"Sucker Punch","floor":22},{"not_picked":["Heel Hook","PiercingWail"],"picked":"Catalyst","floor":24}],"player_experience":424020,"relics_obtained":[{"floor":7.0,"key":"Regal Pillow"},{"floor":12.0,"key":"The Courier"},{"floor":21,"key":"Frozen Egg 2"}],"event_choices":[{"cards_removed":["Strike_G"],"damage_healed":0.0,"max_hp_gain":0.0,"max_hp_loss":0.0,"gold_gain":0.0,"event_name":"Bonfire Elementals","player_choice":"Offered Basic","floor":2.0,"gold_loss":0.0,"damage_taken":0.0},{"damage_healed":0,"gold_gain":0,"player_choice":"Fight","damage_taken":0,"max_hp_gain":0,"max_hp_loss":0,"event_name":"Colosseum","floor":20,"gold_loss":0},{"damage_healed":0,"gold_gain":0,"player_choice":"Fled From Nobs","damage_taken":0,"max_hp_gain":0,"max_hp_loss":0,"event_name":"Colosseum","floor":20,"gold_loss":0}],"is_beta":false,"boss_relics":[{"not_picked":["Runic Dome","Runic Pyramid"],"picked":"White Beast Statue"}],"items_purged_floors":[],"is_endless":false,"potions_floor_spawned":[1,5,12,16,18,20,22,24],"killed_by":"Gremlin Leader","ascension_level":2}