{"gold_per_floor":[118,118,130,130,177,202,213,213,236,246,273,9,159,5,5,76,76,92,108,108,108],"floor_reached":21,"playtime":757,"items_purged":["Doubt"],"score":413,"play_id":"61261d02-d882-4576-866a-7f598af245c5","local_time":"20190302160720","is_ascension_mode":true,"campfire_choices":[{"data":"Armaments","floor":8.0,"key":"SMITH"},{"floor":15.0,"key":"REST"}],"neow_cost":"NONE","seed_source_timestamp":1452187714346630,"circlet_count":0,"master_deck":["AscendersBane","Bash","Flex","Reaper","Headbutt","Burning Pact","Armaments+1","Feel No Pain","Body Slam","Headbutt","Feed","Clothesline","Shrug It Off","Second Wind","Barricade","Blood for Blood","Fiend Fire","Body Slam","Heavy Blade","Fire Breathing","Bludgeon","Barricade","Pommel Strike","Metallicize"],"special_seed":0,"relics":["Burning Blood","NeowsBlessing","Happy Flower","Ancient Tea Set","Blood Vial","Pen Nib","Pandora\u0027s Box","Nloth\u0027s Gift"],"potions_floor_usage":[19,19],"damage_taken":[{"damage":0.0,"enemies":"Small Slimes","floor":1.0,"turns":1.0},{"damage":0.0,"enemies":"Cultist","floor":3.0,"turns":1.0},{"damage":0.0,"enemies":"3 Sentries","floor":6.0,"turns":1.0},{"damage":9.0,"enemies":"Jaw Worm","floor":7.0,"turns":6.0},{"damage":2.0,"enemies":"Exordium Wildlife","floor":10.0,"turns":5.0},{"damage":61.0,"enemies":"Gremlin Nob","floor":11.0,"turns":6.0},{"damage":24.0,"enemies":"Slime Boss","floor":16.0,"turns":7.0},{"damage":29.0,"enemies":"3 Byrds","floor":18.0,"turns":5.0},{"damage":46,"enemies":"2 Thieves","floor":19,"turns":4},{"damage":19,"enemies":"Shelled Parasite and Fungi","floor":21,"turns":1}],"seed_played":"-8227054913208819465","potions_obtained":[{"floor":3.0,"key":"Dexterity Potion"},{"floor":7.0,"key":"PowerPotion"},{"floor":16.0,"key":"Poison Potion"},{"floor":18.0,"key":"SneckoOil"}],"is_trial":false,"path_per_floor":["M","?","M","?","T","E","M","R","T","M","E","$","?","$","R","B",null,"M","M","?","M"],"character_chosen":"IRONCLAD","items_purchased":["Clothesline","Potion Belt","Shrug It Off","Second Wind"],"campfire_rested":1,"item_purchase_floors":[12,12,12,14],"current_hp_per_floor":[74,74,75,68,68,75,74,74,74,75,20,20,20,20,42,30,67,49,14,14,0],"gold":108,"neow_bonus":"THREE_ENEMY_KILL","is_prod":false,"is_daily":false,"chose_seed":false,"campfire_upgraded":1,"win_rate":0,"timestamp":1551560840,"path_taken":["M","?","?","?","?","E","M","R","T","?","E","$","?","$","R","BOSS","M","M","?","?"],"build_version":"2019-02-06","purchased_purges":1,"victory":false,"max_hp_per_floor":[75,75,75,75,75,75,75,75,75,75,75,75,75,75,75,79,79,82,85,85,85],"card_choices":[{"not_picked":["Havoc","Twin Strike"],"picked":"Flex","floor":1.0},{"not_picked":["Shrug It Off","Havoc"],"picked":"Armaments","floor":3.0},{"not_picked":["Iron Wave","Blood for Blood"],"picked":"Feel No Pain","floor":6.0},{"not_picked":["Flex","Warcry"],"picked":"Body Slam","floor":7.0},{"not_picked":["Sword Boomerang","Flex"],"picked":"Headbutt","floor":10.0},{"not_picked":["Reckless Charge","Rage"],"picked":"Feed","floor":11.0},{"not_picked":["Feed","Berserk"],"picked":"Barricade","floor":16.0},{"not_picked":["Corruption+1","Heavy Blade"],"picked":"Metallicize","floor":18.0},{"not_picked":["Clothesline","Havoc","Bloodletting"],"picked":"SKIP","floor":19}],"player_experience":1022836,"relics_obtained":[{"floor":5.0,"key":"Happy Flower"},{"floor":6.0,"key":"Ancient Tea Set"},{"floor":9.0,"key":"Blood Vial"},{"floor":11.0,"key":"Pen Nib"}],"event_choices":[{"damage_healed":0.0,"max_hp_gain":0.0,"max_hp_loss":0.0,"gold_gain":0.0,"event_name":"Match and Keep!","player_choice":"3 cards matched","floor":2.0,"gold_loss":0.0,"damage_taken":0.0,"cards_obtained":["Reaper","Headbutt","Burning Pact"]},{"cards_removed":["Strike_R"],"damage_healed":0.0,"max_hp_gain":0.0,"max_hp_loss":0.0,"gold_gain":0.0,"event_name":"Golden Wing","player_choice":"Card Removal","floor":4.0,"gold_loss":0.0,"damage_taken":7.0},{"damage_healed":0.0,"max_hp_gain":0.0,"max_hp_loss":0.0,"gold_gain":150.0,"event_name":"Liars Game","player_choice":"AGREE","floor":13.0,"gold_loss":0.0,"damage_taken":0.0,"cards_obtained":["Doubt"]},{"damage_healed":0,"gold_gain":0,"player_choice":"Traded Relic","damage_taken":0,"relics_obtained":["Nloth\u0027s Gift"],"max_hp_gain":0,"max_hp_loss":0,"event_name":"N\u0027loth","floor":20,"relics_lost":["Potion Belt"],"gold_loss":0}],"is_beta":true,"boss_relics":[{"not_picked":["Tiny House","Cursed Key"],"picked":"Pandora\u0027s Box"}],"items_purged_floors":[14],"is_endless":false,"potions_floor_spawned":[3,7,10,16,18],"killed_by":"Shelled Parasite and Fungi","ascension_level":19}