{"gold_per_floor":[115,115,134,22,0,65,65,84,109,125,142,142,442,460,460,555,555,570,581,6,6,79,111,111,130,130,147,176,186,186,197,197,197],"floor_reached":33,"playtime":2627,"items_purged":[],"score":330,"play_id":"7bc03e00-7bcc-44e5-b8b8-cd4c1c010857","local_time":"20190629191452","is_ascension_mode":true,"campfire_choices":[{"data":"Madness","floor":7,"key":"SMITH"},{"data":"Poisoned Stab","floor":15,"key":"SMITH"},{"data":"Finisher","floor":24,"key":"SMITH"},{"floor":32,"key":"REST"}],"neow_cost":"NONE","seed_source_timestamp":581427384131500,"circlet_count":0,"master_deck":["Defend_G+1","Defend_G+1","Defend_G+1","Defend_G+1","Defend_G+1","Strike_G+1","Strike_G+1","Strike_G+1","Strike_G+1","Strike_G+1","Survivor","Neutralize","All Out Attack+1","Poisoned Stab+1","Cloak And Dagger","Madness+1","Doppelganger","Dodge and Roll","Well Laid Plans","Dagger Spray","Parasite","PiercingWail","Adrenaline","Crippling Poison","Expertise","Noxious Fumes","Finisher+1","Sucker Punch","Underhanded Strike","Dash+1","Bane","Dash"],"relics":["Ring of the Snake","NeowsBlessing","Tiny Chest","Lantern","Old Coin","White Beast Statue","Pantograph","Mercury Hourglass","Mummified Hand","Gambling Chip","Ornamental Fan","Ancient Tea Set","Snake Skull"],"potions_floor_usage":[16,16,18,23,23,27,28,28,29,33,33],"damage_taken":[{"damage":0,"enemies":"Jaw Worm","floor":1,"turns":1},{"damage":0,"enemies":"2 Louse","floor":3,"turns":1},{"damage":0,"enemies":"3 Sentries","floor":6,"turns":1},{"damage":0,"enemies":"Small Slimes","floor":8,"turns":2},{"damage":0,"enemies":"Exordium Wildlife","floor":10,"turns":5},{"damage":2,"enemies":"Blue Slaver","floor":11,"turns":4},{"damage":0,"enemies":"Large Slime","floor":14,"turns":4},{"damage":47,"enemies":"Hexaghost","floor":16,"turns":15},{"damage":12,"enemies":"Shell Parasite","floor":18,"turns":8},{"damage":9,"enemies":"Spheric Guardian","floor":19,"turns":7},{"damage":6,"enemies":"Slavers","floor":23,"turns":7},{"damage":0,"enemies":"Snecko","floor":25,"turns":4},{"damage":6,"enemies":"Snake Plant","floor":27,"turns":4},{"damage":5,"enemies":"Book of Stabbing","floor":28,"turns":5},{"damage":4,"enemies":"Cultist and Chosen","floor":29,"turns":6},{"damage":12,"enemies":"Sentry and Sphere","floor":31,"turns":6},{"damage":65,"enemies":"Champ","floor":33,"turns":8}],"seed_played":"-9221163512441686207","potions_obtained":[{"floor":1,"key":"SpeedPotion"},{"floor":6,"key":"Energy Potion"},{"floor":11,"key":"Swift Potion"},{"floor":18,"key":"EssenceOfSteel"},{"floor":19,"key":"SpeedPotion"},{"floor":23,"key":"GhostInAJar"},{"floor":25,"key":"LiquidBronze"},{"floor":27,"key":"Strength Potion"},{"floor":28,"key":"SkillPotion"},{"floor":29,"key":"Swift Potion"},{"floor":31,"key":"GamblersBrew"}],"is_trial":false,"path_per_floor":["M","?","M","$","?","E","R","M","T","M","M","?","T","M","R","B",null,"M","M","$","?","T","E","R","M","T","M","E","M","T","M","R","B"],"character_chosen":"THE_SILENT","items_purchased":["Cloak And Dagger","Madness","Pantograph","Mercury Hourglass","Noxious Fumes"],"campfire_rested":1,"item_purchase_floors":[4,4,20,20,20],"current_hp_per_floor":[70,56,56,56,56,56,56,56,56,56,54,70,70,70,70,23,70,58,49,49,49,49,43,43,43,43,37,32,28,28,16,37,0],"gold":197,"neow_bonus":"THREE_ENEMY_KILL","is_prod":false,"is_daily":false,"chose_seed":false,"campfire_upgraded":3,"win_rate":0,"timestamp":1561850092,"path_taken":["M","?","M","$","?","E","R","M","T","M","M","?","?","M","R","BOSS","M","M","$","?","?","E","R","M","T","M","E","M","?","M","R","BOSS"],"build_version":"2019-01-23","purchased_purges":0,"victory":false,"max_hp_per_floor":[70,70,70,70,70,70,70,70,70,70,70,70,70,70,70,70,70,70,70,70,70,70,70,70,70,70,70,70,70,70,70,70,70],"card_choices":[{"not_picked":["Choke","Acrobatics"],"picked":"All Out Attack","floor":1},{"not_picked":["Prepared","Blade Dance"],"picked":"Poisoned Stab","floor":3},{"not_picked":["All Out Attack","Blur"],"picked":"Doppelganger","floor":6},{"not_picked":["Skewer","Outmaneuver"],"picked":"Dodge and Roll","floor":8},{"not_picked":["All Out Attack","Riddle With Holes"],"picked":"Well Laid Plans","floor":10},{"not_picked":["Deadly Poison","Infinite Blades"],"picked":"Dagger Spray","floor":11},{"not_picked":["Underhanded Strike","Flechettes"],"picked":"PiercingWail","floor":14},{"not_picked":["Tools of the Trade","Wraith Form v2"],"picked":"Adrenaline","floor":16},{"not_picked":["PiercingWail","Dagger Throw"],"picked":"Crippling Poison","floor":18},{"not_picked":["PiercingWail","Footwork"],"picked":"Expertise","floor":19},{"not_picked":["Well Laid Plans","Quick Slash"],"picked":"Finisher","floor":23},{"not_picked":["Prepared+1","Deflect"],"picked":"Sucker Punch","floor":25},{"not_picked":["Deadly Poison+1","Quick Slash"],"picked":"Underhanded Strike","floor":27},{"not_picked":["Poisoned Stab","Heel Hook"],"picked":"Dash+1","floor":28},{"not_picked":["Prepared","All Out Attack"],"picked":"Bane","floor":29},{"not_picked":["Calculated Gamble","Prepared"],"picked":"Dash","floor":31}],"player_experience":518828,"relics_obtained":[{"floor":6,"key":"Tiny Chest"},{"floor":9,"key":"Lantern"},{"floor":13,"key":"Old Coin"},{"floor":22,"key":"Mummified Hand"},{"floor":23,"key":"Gambling Chip"},{"floor":26,"key":"Ornamental Fan"},{"floor":28,"key":"Ancient Tea Set"},{"floor":30,"key":"Snake Skull"}],"event_choices":[{"damage_healed":0,"gold_gain":0,"player_choice":"Entered Light","damage_taken":14,"max_hp_gain":0,"max_hp_loss":0,"event_name":"Shining Light","floor":2,"gold_loss":0,"cards_upgraded":["All Out Attack","Strike_G"]},{"damage_healed":0,"gold_gain":0,"player_choice":"Left Gold","damage_taken":0,"max_hp_gain":0,"max_hp_loss":0,"event_name":"World of Goop","floor":5,"gold_loss":22},{"damage_healed":17,"gold_gain":0,"player_choice":"Healed and dodged fight","damage_taken":0,"max_hp_gain":0,"max_hp_loss":0,"event_name":"Mushrooms","floor":12,"gold_loss":0,"cards_obtained":["Parasite"]},{"damage_healed":0,"gold_gain":0,"player_choice":"Simplicity","damage_taken":0,"max_hp_gain":0,"max_hp_loss":0,"event_name":"Back to Basics","floor":21,"gold_loss":0,"cards_upgraded":["Defend_G","Defend_G","Defend_G","Defend_G","Defend_G","Strike_G","Strike_G","Strike_G","Strike_G"]}],"is_beta":false,"boss_relics":[{"not_picked":["Coffee Dripper","Calling Bell"],"picked":"White Beast Statue"}],"items_purged_floors":[],"is_endless":false,"potions_floor_spawned":[1,6,11,18,19,23,25,27,28,29,31],"killed_by":"Champ","ascension_level":1}