{"gold_per_floor":[114,114,114,78,92,125,125,468,515,515,535,535,553,588,588,687,687,703,703,331,331,344,388,413,448,474,487,527,43,64,77,77,168,168,181,201,224,224,245,280,280,344,344,360,395,395,45,59,59,59],"floor_reached":51,"playtime":2654,"items_purged":["Strike_R+1"],"score":1452,"play_id":"b4f296bb-bd52-4434-87bd-5df7e12cd02b","local_time":"20190724192706","is_ascension_mode":true,"campfire_choices":[{"data":"Whirlwind","floor":7.0,"key":"SMITH"},{"data":"Double Tap","floor":10.0,"key":"SMITH"},{"data":"Iron Wave","floor":12.0,"key":"SMITH"},{"data":"Iron Wave","floor":15.0,"key":"SMITH"},{"floor":32,"key":"REST"},{"floor":46,"key":"REST"},{"floor":49,"key":"REST"}],"neow_cost":"NONE","seed_source_timestamp":0,"circlet_count":0,"master_deck":["AscendersBane","Strike_R+1","Strike_R+1","Strike_R+1","Strike_R+1","Defend_R+1","Defend_R+1","Defend_R+1","Defend_R+1","Bash","Inflame","Whirlwind+1","Cleave+1","Double Tap+1","Thunderclap","Iron Wave+1","Iron Wave+1","Immolate+1","Feed","Inflame","Spot Weakness","Shrug It Off","Battle Trance","Clothesline","Limit Break","Cleave+1","Corruption+1","Perfected Strike","Heavy Blade+1","Immolate","Power Through"],"special_seed":0,"relics":["Burning Blood","NeowsBlessing","Golden Idol","Strawberry","Old Coin","Red Skull","Ancient Tea Set","Fusion Hammer","Orichalcum","PreservedInsect","Unceasing Top","Whetstone","Ice Cream","Happy Flower","Dream Catcher","Frozen Egg 2","Vajra","Busted Crown","Smiling Mask","Bird Faced Urn","Potion Belt","Bottled Lightning","Incense Burner"],"potions_floor_usage":[30,30,48,50,50,50,50],"damage_taken":[{"damage":0.0,"enemies":"Small Slimes","floor":1.0,"turns":1.0},{"damage":0.0,"enemies":"Jaw Worm","floor":5.0,"turns":1.0},{"damage":0.0,"enemies":"3 Sentries","floor":6.0,"turns":1.0},{"damage":15.0,"enemies":"Lagavulin","floor":8.0,"turns":6.0},{"damage":0.0,"enemies":"Cultist","floor":11.0,"turns":2.0},{"damage":12.0,"enemies":"Exordium Wildlife","floor":13.0,"turns":2.0},{"damage":13.0,"enemies":"3 Sentries","floor":14.0,"turns":3.0},{"damage":52.0,"enemies":"The Guardian","floor":16.0,"turns":8.0},{"damage":2.0,"enemies":"3 Byrds","floor":18.0,"turns":3.0},{"damage":5.0,"enemies":"Shell Parasite","floor":22.0,"turns":4.0},{"damage":17.0,"enemies":"Book of Stabbing","floor":23.0,"turns":4.0},{"damage":8.0,"enemies":"Slavers","floor":25.0,"turns":3.0},{"damage":4,"enemies":"Snecko","floor":27,"turns":4},{"damage":16,"enemies":"Gremlin Leader","floor":28,"turns":4},{"damage":0,"enemies":"Snake Plant","floor":30,"turns":2},{"damage":5,"enemies":"Chosen and Byrds","floor":31,"turns":4},{"damage":49,"enemies":"Collector","floor":33,"turns":7},{"damage":0,"enemies":"3 Shapes","floor":35,"turns":1},{"damage":4,"enemies":"Orb Walker","floor":36,"turns":3},{"damage":18,"enemies":"Maw","floor":37,"turns":5},{"damage":7,"enemies":"3 Darklings","floor":39,"turns":3},{"damage":0,"enemies":"Reptomancer","floor":40,"turns":2},{"damage":16,"enemies":"2 Orb Walkers","floor":42,"turns":2},{"damage":0,"enemies":"Transient","floor":44,"turns":5},{"damage":17,"enemies":"Giant Head","floor":45,"turns":6},{"damage":16,"enemies":"Spire Growth","floor":48,"turns":3},{"damage":38,"enemies":"Donu and Deca","floor":50,"turns":6}],"seed_played":"7788095393496354359","potions_obtained":[{"floor":1.0,"key":"Energy Potion"},{"floor":5.0,"key":"SkillPotion"},{"floor":11.0,"key":"SteroidPotion"},{"floor":13.0,"key":"Poison Potion"},{"floor":18.0,"key":"Energy Potion"},{"floor":27,"key":"Poison Potion"},{"floor":28,"key":"GamblersBrew"},{"floor":37,"key":"Weak Potion"},{"floor":39,"key":"EntropicBrew"},{"floor":44,"key":"Weak Potion"},{"floor":48,"key":"SpeedPotion"}],"is_trial":false,"path_per_floor":["M","?","?","$","M","E","R","E","T","R","M","R","M","E","R","B",null,"M","?","$","?","M","E","T","E","T","M","E","$","M","M","R","B",null,"M","M","M","?","M","E","?","?","T","M","E","R","$","M","R","B",null],"character_chosen":"IRONCLAD","items_purchased":["Whirlwind","Orichalcum","PreservedInsect","Inflame","Frozen Egg 2","Vajra","Incense Burner","PowerPotion"],"campfire_rested":3,"item_purchase_floors":[4,20,20,20,29,29,47,47],"current_hp_per_floor":[74,74,74,74,75,82,82,73,73,73,79,79,73,66,66,20,67,74,74,74,74,75,64,64,65,65,67,57,57,63,64,88,45,77,83,85,76,76,75,81,81,74,74,86,81,94,94,84,94,68],"gold":59,"neow_bonus":"THREE_ENEMY_KILL","is_prod":false,"is_daily":false,"chose_seed":false,"campfire_upgraded":4,"win_rate":0,"timestamp":1564010826,"path_taken":["M","?","?","$","M","E","R","E","T","R","M","R","?","E","R","BOSS","M","?","$","?","M","E","?","E","T","?","E","$","M","M","R","BOSS","M","M","?","?","?","E","?","?","T","M","E","R","$","M","R","BOSS"],"build_version":"2019-07-17","purchased_purges":1,"victory":true,"max_hp_per_floor":[75,75,75,75,75,82,82,82,82,82,82,82,82,82,82,82,82,85,85,85,85,85,85,85,88,88,88,88,88,88,88,88,88,88,88,88,91,91,91,91,91,94,94,94,94,94,94,94,94,94],"card_choices":[{"not_picked":["Body Slam","Thunderclap"],"picked":"Inflame","floor":1.0},{"not_picked":["Bloodletting","Evolve"],"picked":"Cleave","floor":5.0},{"not_picked":["Sword Boomerang","Clash"],"picked":"Double Tap","floor":6.0},{"not_picked":["Whirlwind","Searing Blow"],"picked":"Thunderclap","floor":8.0},{"not_picked":["Anger","Body Slam"],"picked":"Iron Wave","floor":11.0},{"not_picked":["Thunderclap","Metallicize"],"picked":"Iron Wave","floor":13.0},{"not_picked":["Iron Wave","Armaments"],"picked":"Immolate","floor":14.0},{"not_picked":["Exhume","Bludgeon"],"picked":"Feed","floor":16.0},{"not_picked":["Hemokinesis","Thunderclap","Reckless Charge"],"picked":"SKIP","floor":18.0},{"not_picked":["Perfected Strike","Flex","Thunderclap"],"picked":"SKIP","floor":22.0},{"not_picked":["True Grit","Havoc"],"picked":"Shrug It Off","floor":23.0},{"not_picked":["Clash+1","Berserk","Thunderclap"],"picked":"SKIP","floor":25.0},{"not_picked":["Perfected Strike","Cleave","Fire Breathing"],"picked":"SKIP","floor":27},{"not_picked":["Infernal Blade","Inflame"],"picked":"Battle Trance","floor":28},{"not_picked":["Spot Weakness","Anger"],"picked":"Iron Wave","floor":30},{"not_picked":["Pommel Strike","Wild Strike","Carnage"],"picked":"SKIP","floor":31},{"not_picked":["Rupture+1","Havoc"],"picked":"Clothesline","floor":32},{"not_picked":["Fiend Fire","Offering"],"picked":"Limit Break","floor":33},{"not_picked":[],"picked":"Cleave+1","floor":35},{"not_picked":[],"picked":"Corruption+1","floor":36},{"not_picked":["Pommel Strike"],"picked":"SKIP","floor":37},{"not_picked":["Clash"],"picked":"SKIP","floor":39},{"not_picked":[],"picked":"Heavy Blade+1","floor":40},{"not_picked":["Cleave"],"picked":"SKIP","floor":44},{"not_picked":[],"picked":"Immolate","floor":45},{"not_picked":[],"picked":"Power Through","floor":46},{"not_picked":["Perfected Strike+1"],"picked":"SKIP","floor":48}],"player_experience":684634,"relics_obtained":[{"floor":6.0,"key":"Strawberry"},{"floor":8.0,"key":"Old Coin"},{"floor":9.0,"key":"Red Skull"},{"floor":14.0,"key":"Ancient Tea Set"},{"floor":23.0,"key":"Unceasing Top"},{"floor":24.0,"key":"Whetstone"},{"floor":25.0,"key":"Ice Cream"},{"floor":26,"key":"Happy Flower"},{"floor":28,"key":"Dream Catcher"},{"floor":40,"key":"Smiling Mask"},{"floor":42,"key":"Bird Faced Urn"},{"floor":43,"key":"Potion Belt"},{"floor":45,"key":"Bottled Lightning"}],"event_choices":[{"damage_healed":0.0,"max_hp_gain":0.0,"max_hp_loss":0.0,"gold_gain":0.0,"event_name":"Golden Idol","player_choice":"Take Wound","floor":2.0,"gold_loss":0.0,"damage_taken":0.0,"relics_obtained":["Golden Idol"],"cards_obtained":["Injury"]},{"cards_removed":["Injury"],"damage_healed":0.0,"max_hp_gain":0.0,"max_hp_loss":0.0,"gold_gain":0.0,"event_name":"Purifier","player_choice":"Purged","floor":3.0,"gold_loss":0.0,"damage_taken":0.0},{"damage_healed":0.0,"max_hp_gain":0.0,"max_hp_loss":0.0,"gold_gain":0.0,"event_name":"Back to Basics","player_choice":"Simplicity","floor":19.0,"gold_loss":0.0,"damage_taken":0.0,"cards_upgraded":["Strike_R","Strike_R","Strike_R","Strike_R","Strike_R","Defend_R","Defend_R","Defend_R","Defend_R"]},{"damage_healed":0.0,"max_hp_gain":0.0,"max_hp_loss":0.0,"gold_gain":0.0,"event_name":"The Library","player_choice":"Read","floor":21.0,"gold_loss":0.0,"damage_taken":0.0,"cards_obtained":["Spot Weakness"]},{"damage_healed":0,"gold_gain":0,"cards_transformed":["Iron Wave"],"player_choice":"Transformed","damage_taken":0,"max_hp_gain":0,"max_hp_loss":0,"event_name":"Transmorgrifier","floor":38,"gold_loss":0,"cards_obtained":["Perfected Strike"]},{"damage_healed":0,"gold_gain":0,"player_choice":"Ignored","damage_taken":0,"max_hp_gain":0,"max_hp_loss":0,"event_name":"Tomb of Lord Red Mask","floor":41,"gold_loss":0},{"damage_healed":0,"gold_gain":0,"player_choice":"Fight","damage_taken":0,"max_hp_gain":0,"max_hp_loss":0,"event_name":"Mysterious Sphere","floor":42,"gold_loss":0}],"is_beta":false,"boss_relics":[{"not_picked":["Black Blood","White Beast Statue"],"picked":"Fusion Hammer"},{"not_picked":["Astrolabe","Lizard Tail"],"picked":"Busted Crown"}],"items_purged_floors":[29],"is_endless":false,"potions_floor_spawned":[1,5,6,11,13,18,27,28,37,39,40,44,48],"ascension_level":14}