{"gold_per_floor":[113,188,188,200,200,218,218,237,237,237,255,207,234,234,234,333,333,345,345,270,282,28,28,62,62,89,118,136,146,146,156,156,253,253,273,291,103,118,136,136,150,150,203,217,127,143,158,0,0,0],"floor_reached":51,"playtime":4885,"items_purged":["Strike_G","Parasite"],"score":699,"play_id":"1b8665b7-d513-4a04-a25a-b260945b9e4b","local_time":"20190712163410","is_ascension_mode":true,"campfire_choices":[{"data":"Neutralize","floor":7,"key":"SMITH"},{"data":"Deadly Poison","floor":10,"key":"SMITH"},{"floor":15,"key":"REST"},{"data":"Noxious Fumes","floor":23,"key":"SMITH"},{"data":"Apotheosis","floor":25,"key":"SMITH"},{"floor":30,"key":"REST"},{"floor":32,"key":"REST"},{"data":"After Image","floor":40,"key":"SMITH"},{"data":"After Image","floor":42,"key":"SMITH"},{"floor":49,"key":"REST"}],"neow_cost":"PERCENT_DAMAGE","seed_source_timestamp":164162906993514,"circlet_count":0,"master_deck":["Defend_G","Defend_G","Survivor","Neutralize+1","Jack Of All Trades","Bandage Up","Prepared","Prepared","Calculated Gamble","Deadly Poison+1","Noxious Fumes+1","Underhanded Strike","After Image+1","Venomology+1","All Out Attack","Apotheosis+1","Bane","Underhanded Strike","Poisoned Stab","After Image+1","Deflect+1","Impatience+1","Catalyst+1"],"relics":["Ring of the Snake","Shuriken","Paper Crane","Darkstone Periapt","Empty Cage","Potion Belt","Omamori","Bag of Preparation","Calling Bell","Anchor","Toxic Egg 2","The Specimen","Blood Vial","Red Mask"],"potions_floor_usage":[21,24,24,24,27,33,33,33,33,35,44,44,46,47,50,50,50,50],"damage_taken":[{"damage":0,"enemies":"Jaw Worm","floor":1,"turns":3},{"damage":2,"enemies":"Small Slimes","floor":4,"turns":4},{"damage":0,"enemies":"2 Louse","floor":6,"turns":5},{"damage":2,"enemies":"Looter","floor":8,"turns":4},{"damage":0,"enemies":"2 Fungi Beasts","floor":11,"turns":3},{"damage":27,"enemies":"3 Sentries","floor":13,"turns":10},{"damage":49,"enemies":"Hexaghost","floor":16,"turns":10},{"damage":15,"enemies":"2 Thieves","floor":18,"turns":4},{"damage":6,"enemies":"Spheric Guardian","floor":21,"turns":6},{"damage":5,"enemies":"Gremlin Leader","floor":24,"turns":6},{"damage":57,"enemies":"Slavers","floor":27,"turns":6},{"damage":7,"enemies":"Shelled Parasite and Fungi","floor":28,"turns":5},{"damage":3,"enemies":"Centurion and Healer","floor":29,"turns":6},{"damage":15,"enemies":"Snecko","floor":31,"turns":5},{"damage":38,"enemies":"Automaton","floor":33,"turns":8},{"damage":5,"enemies":"3 Shapes","floor":35,"turns":5},{"damage":11,"enemies":"Orb Walker","floor":36,"turns":5},{"damage":2,"enemies":"Maw","floor":38,"turns":7},{"damage":17,"enemies":"4 Shapes","floor":39,"turns":4},{"damage":3,"enemies":"Writhing Mass","floor":41,"turns":7},{"damage":33,"enemies":"Spire Growth","floor":44,"turns":6},{"damage":0,"enemies":"Transient","floor":46,"turns":5},{"damage":2,"enemies":"3 Darklings","floor":47,"turns":6},{"damage":70,"enemies":"Time Eater","floor":50,"turns":14}],"seed_played":"-2471353104915726860","potions_obtained":[{"floor":1,"key":"Ancient Potion"},{"floor":11,"key":"Block Potion"},{"floor":13,"key":"Weak Potion"},{"floor":16,"key":"GamblersBrew"},{"floor":27,"key":"LiquidBronze"},{"floor":28,"key":"Poison Potion"},{"floor":29,"key":"LiquidBronze"},{"floor":31,"key":"Dexterity Potion"},{"floor":36,"key":"Block Potion"},{"floor":46,"key":"SteroidPotion"}],"is_trial":false,"path_per_floor":["M","?","?","M","?","M","R","M","T","R","M","$","E","T","R","B",null,"M","?","?","M","$","R","E","R","T","E","M","M","R","M","R","B",null,"M","M","$","M","M","R","M","R","T","M","?","M","M","?","R","B",null],"character_chosen":"THE_SILENT","items_purchased":["Underhanded Strike","Apotheosis","Impatience+1"],"campfire_rested":4,"item_purchase_floors":[12,22,37],"current_hp_per_floor":[55,44,49,51,51,55,55,57,57,57,61,61,38,38,60,15,75,60,60,60,58,58,58,57,57,57,6,3,4,26,15,37,3,81,76,69,69,73,60,60,63,63,63,38,38,46,50,50,73,8],"gold":0,"neow_bonus":"RANDOM_COLORLESS_2","is_prod":false,"is_daily":false,"chose_seed":false,"campfire_upgraded":6,"win_rate":0,"timestamp":1562974450,"path_taken":["M","?","?","M","?","M","R","M","T","R","M","$","E","?","R","BOSS","M","?","?","M","$","R","E","R","T","E","M","?","R","M","R","BOSS","M","M","$","M","M","R","M","R","T","M","?","?","M","?","R","BOSS"],"build_version":"2019-07-05","purchased_purges":2,"victory":true,"max_hp_per_floor":[70,70,75,75,75,75,75,75,75,75,75,75,75,75,75,75,75,75,75,75,75,75,75,75,75,75,75,75,75,75,75,75,75,81,81,81,78,78,78,78,78,78,78,78,78,78,78,78,78,78],"card_choices":[{"not_picked":["Eviscerate","Dodge and Roll"],"picked":"Prepared","floor":1},{"not_picked":["Endless Agony","Bouncing Flask"],"picked":"Prepared","floor":4},{"not_picked":["Dagger Throw","Bouncing Flask","Accuracy"],"picked":"SKIP","floor":6},{"not_picked":["Outmaneuver","Endless Agony"],"picked":"Deadly Poison","floor":8},{"not_picked":["Dash","Blade Dance"],"picked":"Noxious Fumes","floor":11},{"not_picked":["Outmaneuver","Flechettes","All Out Attack"],"picked":"SKIP","floor":13},{"not_picked":["Doppelganger","Phantasmal Killer"],"picked":"After Image","floor":16},{"not_picked":["Deadly Poison+1","Backflip","Poisoned Stab"],"picked":"SKIP","floor":18},{"not_picked":["Sucker Punch","Skewer+1","Poisoned Stab"],"picked":"SKIP","floor":21},{"not_picked":["Leg Sweep","Outmaneuver","All Out Attack"],"picked":"SKIP","floor":24},{"not_picked":["Backflip","Burst"],"picked":"Bane","floor":27},{"not_picked":["Poisoned Stab","Dodge and Roll"],"picked":"Underhanded Strike","floor":28},{"not_picked":["Skewer","Accuracy"],"picked":"Poisoned Stab","floor":29},{"not_picked":["Blade Dance+1","Accuracy","Glass Knife"],"picked":"SKIP","floor":31},{"not_picked":["Glass Knife","Night Terror"],"picked":"After Image","floor":33},{"not_picked":["Blade Dance+1","Endless Agony","Backflip+1"],"picked":"SKIP","floor":35},{"not_picked":["Flying Knee","Blade Dance+1"],"picked":"Deflect+1","floor":36},{"not_picked":["Choke+1","Finisher+1","Glass Knife"],"picked":"SKIP","floor":38},{"not_picked":["Terror+1","Deflect+1","Endless Agony"],"picked":"SKIP","floor":39},{"not_picked":["Flechettes","PiercingWail+1","Flying Knee+1"],"picked":"SKIP","floor":41},{"not_picked":["Blade Dance+1","Expertise+1","Prepared+1"],"picked":"SKIP","floor":44},{"not_picked":["PiercingWail+1","Outmaneuver+1"],"picked":"Catalyst+1","floor":46},{"not_picked":["Well Laid Plans+1","Deflect+1","Cloak And Dagger+1"],"picked":"SKIP","floor":47}],"player_experience":125278,"relics_obtained":[{"floor":9,"key":"Shuriken"},{"floor":13,"key":"Paper Crane"},{"floor":14,"key":"Darkstone Periapt"},{"floor":24,"key":"Potion Belt"},{"floor":26,"key":"Omamori"},{"floor":27,"key":"Bag of Preparation"},{"floor":34,"key":"Anchor"},{"floor":34,"key":"Toxic Egg 2"},{"floor":34,"key":"The Specimen"},{"floor":43,"key":"Blood Vial"}],"event_choices":[{"damage_healed":0,"gold_gain":75,"player_choice":"Gather Gold","damage_taken":11,"max_hp_gain":0,"max_hp_loss":0,"event_name":"World of Goop","floor":2,"gold_loss":0},{"damage_healed":0,"gold_gain":0,"player_choice":"Donut","damage_taken":0,"max_hp_gain":5,"max_hp_loss":0,"event_name":"Big Fish","floor":3,"gold_loss":0},{"damage_healed":0,"gold_gain":0,"cards_transformed":["Strike_G"],"player_choice":"Change","damage_taken":0,"max_hp_gain":0,"max_hp_loss":0,"event_name":"Living Wall","floor":5,"gold_loss":0,"cards_obtained":["Calculated Gamble"]},{"damage_healed":0,"gold_gain":0,"cards_transformed":["Strike_G","Defend_G"],"player_choice":"Became Test Subject","damage_taken":0,"max_hp_gain":0,"max_hp_loss":0,"event_name":"Drug Dealer","floor":19,"gold_loss":0,"cards_obtained":["Venomology","All Out Attack"]},{"cards_removed":["Defend_G"],"damage_healed":0,"gold_gain":0,"player_choice":"Gave Gold","damage_taken":0,"max_hp_gain":0,"max_hp_loss":0,"event_name":"Beggar","floor":20,"gold_loss":75},{"cards_removed":["Strike_G"],"damage_healed":0,"gold_gain":0,"player_choice":"Upgrade and Remove","damage_taken":0,"max_hp_gain":0,"max_hp_loss":0,"event_name":"Designer","floor":45,"gold_loss":90,"cards_upgraded":["Venomology"]},{"damage_healed":0,"gold_gain":0,"player_choice":"Paid","damage_taken":0,"relics_obtained":["Red Mask"],"max_hp_gain":0,"max_hp_loss":0,"event_name":"Tomb of Lord Red Mask","floor":48,"gold_loss":158}],"is_beta":false,"boss_relics":[{"not_picked":["Black Star","Lizard Tail"],"picked":"Empty Cage"},{"not_picked":["Ring of the Serpent","Tiny House"],"picked":"Calling Bell"}],"items_purged_floors":[22,37],"is_endless":false,"potions_floor_spawned":[1,11,13,16,27,28,29,31,36,39,44,46],"ascension_level":1}