{"gold_per_floor":[112,127,139,157,157,185,185,197,221,221,239,253,253,328,328,430,430,446,458,373,373,393,48,59,59,138,138,138],"floor_reached":28,"playtime":2105,"items_purged":[],"score":244,"play_id":"bf06ebec-6d70-4737-b135-a012631f6882","local_time":"20190707213701","is_ascension_mode":true,"campfire_choices":[{"data":"True Grit","floor":7,"key":"SMITH"},{"data":"Carnage","floor":10,"key":"SMITH"},{"data":"Armaments","floor":13,"key":"SMITH"},{"data":"Entrench","floor":15,"key":"SMITH"},{"data":"Body Slam","floor":25,"key":"SMITH"}],"neow_cost":"CURSE","seed_source_timestamp":1281675686791000,"circlet_count":0,"master_deck":["Strike_R","Strike_R","Strike_R","Strike_R","Strike_R","Defend_R","Defend_R+1","Defend_R","Defend_R","Bash","Clumsy","True Grit+1","Rage","Flex+1","Hemokinesis","Entrench+1","Carnage+1","Infernal Blade","Armaments+1","Limit Break","Heavy Blade","Pummel","Body Slam+1","RitualDagger"],"relics":["Burning Blood","Bird Faced Urn","Strawberry","War Paint","Coffee Dripper","Centennial Puzzle","MutagenicStrength","Champion Belt","Kunai"],"potions_floor_usage":[6,16,22,22,24,28],"damage_taken":[{"damage":6,"enemies":"Cultist","floor":1,"turns":4},{"damage":0,"enemies":"Small Slimes","floor":2,"turns":3},{"damage":4,"enemies":"Jaw Worm","floor":3,"turns":5},{"damage":8,"enemies":"Blue Slaver","floor":4,"turns":4},{"damage":40,"enemies":"Lagavulin","floor":6,"turns":7},{"damage":5,"enemies":"Looter","floor":8,"turns":3},{"damage":8,"enemies":"Large Slime","floor":11,"turns":4},{"damage":0,"enemies":"Blue Slaver","floor":12,"turns":1},{"damage":41,"enemies":"Slime Boss","floor":16,"turns":8},{"damage":37,"enemies":"3 Byrds","floor":18,"turns":8},{"damage":23,"enemies":"Chosen","floor":19,"turns":5},{"damage":26,"enemies":"Snake Plant","floor":22,"turns":2},{"damage":29,"enemies":"Shelled Parasite and Fungi","floor":24,"turns":4},{"damage":2,"enemies":"Snecko","floor":28,"turns":3}],"seed_played":"-1218721335824049379","potions_obtained":[{"floor":1,"key":"BloodPotion"},{"floor":3,"key":"Swift Potion"},{"floor":6,"key":"PowerPotion"},{"floor":12,"key":"Ancient Potion"},{"floor":19,"key":"FearPotion"},{"floor":22,"key":"GamblersBrew"},{"floor":24,"key":"SkillPotion"}],"is_trial":false,"path_per_floor":["M","M","M","M","?","E","R","M","T","R","M","M","R","?","R","B",null,"M","M","?","?","M","$","M","R","T","?","M"],"character_chosen":"IRONCLAD","items_purchased":["Champion Belt","Body Slam"],"campfire_rested":0,"item_purchase_floors":[23,23],"current_hp_per_floor":[80,80,80,78,78,51,51,52,52,52,50,56,56,45,45,12,87,56,39,39,39,40,40,17,17,17,11,9],"gold":138,"neow_bonus":"ONE_RARE_RELIC","is_prod":false,"is_daily":false,"chose_seed":false,"campfire_upgraded":5,"win_rate":0,"timestamp":1562549821,"path_taken":["M","?","M","?","?","E","R","M","T","R","M","M","R","?","R","BOSS","M","M","?","?","M","$","M","R","T","?","M"],"build_version":"2019-07-05","purchased_purges":0,"victory":false,"max_hp_per_floor":[80,80,80,80,80,87,87,87,87,87,87,87,87,87,87,87,87,87,87,87,87,87,87,87,87,87,87,87],"card_choices":[{"not_picked":["Clothesline","Sentinel"],"picked":"True Grit","floor":1},{"not_picked":["Rupture","Pommel Strike"],"picked":"Rage","floor":2},{"not_picked":["Warcry","Perfected Strike"],"picked":"Flex","floor":3},{"not_picked":["Twin Strike","Clash"],"picked":"Hemokinesis","floor":4},{"not_picked":["Sever Soul","Exhume"],"picked":"Entrench","floor":6},{"not_picked":["Flex","Dual Wield"],"picked":"Carnage","floor":8},{"not_picked":["True Grit","Dual Wield"],"picked":"Infernal Blade","floor":11},{"not_picked":["Anger","Wild Strike"],"picked":"Armaments","floor":12},{"not_picked":["Offering","Exhume"],"picked":"Limit Break","floor":16},{"not_picked":["Warcry","Pommel Strike+1","Headbutt"],"picked":"SKIP","floor":18},{"not_picked":["Battle Trance+1","Havoc"],"picked":"Heavy Blade","floor":19},{"not_picked":["Sword Boomerang+1","Headbutt"],"picked":"Pummel","floor":22},{"not_picked":["Wild Strike","Thunderclap+1","Anger"],"picked":"SKIP","floor":24}],"player_experience":667620,"relics_obtained":[{"floor":6,"key":"Strawberry"},{"floor":9,"key":"War Paint"},{"floor":26,"key":"Kunai"}],"event_choices":[{"damage_healed":0,"gold_gain":0,"player_choice":"Ignored","damage_taken":0,"max_hp_gain":0,"max_hp_loss":0,"event_name":"Liars Game","floor":5,"gold_loss":0},{"damage_healed":0,"gold_gain":75,"player_choice":"Gather Gold","damage_taken":11,"max_hp_gain":0,"max_hp_loss":0,"event_name":"World of Goop","floor":14,"gold_loss":0},{"damage_healed":0,"gold_gain":0,"player_choice":"Obtained Relic","damage_taken":0,"relics_obtained":["Centennial Puzzle"],"max_hp_gain":0,"max_hp_loss":0,"event_name":"Addict","floor":20,"gold_loss":85},{"damage_healed":0,"gold_gain":0,"player_choice":"Inject Mutagens","damage_taken":0,"relics_obtained":["MutagenicStrength"],"max_hp_gain":0,"max_hp_loss":0,"event_name":"Drug Dealer","floor":21,"gold_loss":0},{"damage_healed":0,"gold_gain":0,"player_choice":"Joined the Cult","damage_taken":6,"max_hp_gain":0,"max_hp_loss":0,"event_name":"Nest","floor":27,"gold_loss":0,"cards_obtained":["RitualDagger"]}],"is_beta":false,"boss_relics":[{"not_picked":["Cursed Key","Sozu"],"picked":"Coffee Dripper"}],"items_purged_floors":[],"is_endless":false,"potions_floor_spawned":[1,3,6,12,19,22,24],"killed_by":"Snecko","ascension_level":2}