{"gold_per_floor":[117,131,147,162,172,204,220,220,245,245,265,294,294,314,314,409,409,422,7,24,34,45,76,93,93,117,117,147,147,182,192,192,292,292,311,325,335,354,1353,1353,957,957,981,1059,1059,1079,1079,498,498,498],"floor_reached":50,"playtime":4064,"items_purged":["Normality","Normality"],"score":618,"play_id":"835c0e84-1154-4d39-8825-5eb726daf877","local_time":"20190208230614","is_ascension_mode":false,"campfire_choices":[{"data":"Corruption","floor":8.0,"key":"SMITH"},{"data":"Intimidate","floor":10.0,"key":"SMITH"},{"data":"Anger","floor":15.0,"key":"SMITH"},{"floor":25.0,"key":"REST"},{"data":"Swift Strike","floor":27.0,"key":"SMITH"},{"floor":32.0,"key":"REST"},{"data":"Seeing Red","floor":40,"key":"SMITH"},{"data":"Limit Break","floor":42,"key":"SMITH"},{"data":"Heavy Blade","floor":45,"key":"SMITH"},{"data":"Fire Breathing","floor":47,"key":"SMITH"},{"data":"Anger","floor":49,"key":"SMITH"}],"neow_cost":"PERCENT_DAMAGE","seed_source_timestamp":0,"circlet_count":0,"master_deck":["Bash","Violence","Thinking Ahead","Flame Barrier","Anger+1","Reckless Charge","Intimidate+1","Corruption+1","Rage","Thunderclap","Spot Weakness","Skim","Limit Break+1","Heavy Blade+1","Fire Breathing+1","Wild Strike","Feed","Shrug It Off","Ghostly Armor","Searing Blow","Feel No Pain","Dropkick","Inflame","Swift Strike+1","Flex","Sentinel+1","Carnage","PanicButton","Rupture","Shrug It Off+1","Seeing Red+1","Bludgeon","Sentinel+1","Anger+1","Flame Barrier+1","Intimidate","Anger+1","Flex+1","Intimidate+1","Panacea+1"],"special_seed":0,"relics":["Black Blood","Pen Nib","PreservedInsect","Red Skull","Pandora\u0027s Box","Vajra","Membership Card","Art of War","Regal Pillow","Boot","Blood Vial","Ancient Tea Set","Pantograph","Lee\u0027s Waffle","Bag of Marbles","Toxic Egg 2","Kunai","Nunchaku","DollysMirror"],"potions_floor_usage":[37,50,50,50],"damage_taken":[{"damage":1.0,"enemies":"Cultist","floor":1.0,"turns":4.0},{"damage":2.0,"enemies":"2 Louse","floor":2.0,"turns":3.0},{"damage":6.0,"enemies":"Jaw Worm","floor":3.0,"turns":4.0},{"damage":22.0,"enemies":"Gremlin Gang","floor":4.0,"turns":6.0},{"damage":5.0,"enemies":"Large Slime","floor":5.0,"turns":6.0},{"damage":13.0,"enemies":"Gremlin Nob","floor":6.0,"turns":4.0},{"damage":4.0,"enemies":"Exordium Wildlife","floor":7.0,"turns":6.0},{"damage":3.0,"enemies":"Blue Slaver","floor":11.0,"turns":4.0},{"damage":12.0,"enemies":"3 Sentries","floor":12.0,"turns":5.0},{"damage":2.0,"enemies":"2 Fungi Beasts","floor":14.0,"turns":3.0},{"damage":26.0,"enemies":"Hexaghost","floor":16.0,"turns":8.0},{"damage":28.0,"enemies":"Spheric Guardian","floor":18.0,"turns":6.0},{"damage":3.0,"enemies":"Shell Parasite","floor":20.0,"turns":2.0},{"damage":18.0,"enemies":"Snake Plant","floor":21.0,"turns":4.0},{"damage":9.0,"enemies":"Centurion and Healer","floor":22.0,"turns":4.0},{"damage":19.0,"enemies":"Book of Stabbing","floor":23.0,"turns":4.0},{"damage":11.0,"enemies":"Snecko","floor":24.0,"turns":4.0},{"damage":17.0,"enemies":"Slavers","floor":28.0,"turns":4.0},{"damage":12.0,"enemies":"Gremlin Leader","floor":30.0,"turns":5.0},{"damage":33.0,"enemies":"3 Cultists","floor":31.0,"turns":6.0},{"damage":51.0,"enemies":"Automaton","floor":33.0,"turns":9.0},{"damage":25,"enemies":"3 Shapes","floor":35,"turns":7},{"damage":28,"enemies":"3 Darklings","floor":36,"turns":6},{"damage":28,"enemies":"Jaw Worm Horde","floor":37,"turns":4},{"damage":12,"enemies":"Sphere and 2 Shapes","floor":38,"turns":5},{"damage":6,"enemies":"4 Shapes","floor":46,"turns":3},{"damage":116,"enemies":"Time Eater","floor":50,"turns":10}],"seed_played":"-3444633266229465223","potions_obtained":[{"floor":1.0,"key":"Energy Potion"},{"floor":2.0,"key":"FearPotion"},{"floor":3.0,"key":"Dexterity Potion"},{"floor":7.0,"key":"BloodPotion"},{"floor":14.0,"key":"Energy Potion"},{"floor":18.0,"key":"SkillPotion"},{"floor":20.0,"key":"PowerPotion"},{"floor":24.0,"key":"Energy Potion"},{"floor":30.0,"key":"LiquidBronze"},{"floor":36,"key":"LiquidBronze"},{"floor":46,"key":"Strength Potion"}],"is_trial":false,"path_per_floor":["M","M","M","M","M","E","M","R","T","R","M","E","?","M","R","B",null,"M","$","M","M","M","E","M","R","T","R","E","?","E","M","R","B",null,"M","M","M","M","?","R","$","R","T","T","R","M","R","$","R","B"],"character_chosen":"IRONCLAD","items_purchased":["Vajra","Membership Card","Inflame","Swift Strike","Ancient Tea Set","Pantograph","Lee\u0027s Waffle","Intimidate","Fire Potion","Kunai","Nunchaku","DollysMirror","Flex+1","Intimidate+1","Panacea+1","GamblersBrew"],"campfire_rested":2,"item_purchase_floors":[19,19,19,19,41,41,41,41,41,48,48,48,48,48,48,48],"current_hp_per_floor":[61,65,65,49,50,43,45,45,45,45,48,42,42,46,46,26,80,58,58,61,49,46,41,36,60,60,60,49,49,43,21,60,20,86,71,55,42,42,42,42,96,96,96,96,96,99,99,99,99,0],"gold":498,"neow_bonus":"RANDOM_COLORLESS_2","is_prod":false,"is_daily":false,"chose_seed":false,"campfire_upgraded":9,"win_rate":0,"timestamp":1549685174,"path_taken":["M","M","?","?","M","E","M","R","T","R","?","E","?","?","R","BOSS","M","$","M","M","M","E","M","R","T","R","E","?","E","M","R","BOSS","M","M","M","?","?","R","$","R","T","?","R","M","R","$","R","BOSS"],"build_version":"2019-01-23","purchased_purges":2,"victory":false,"max_hp_per_floor":[80,80,80,80,80,80,80,80,80,80,80,80,80,80,80,80,80,80,80,80,80,80,80,80,80,80,80,80,80,80,83,83,86,86,86,86,89,89,89,89,96,96,96,96,96,99,99,99,99,99],"card_choices":[{"not_picked":["Clothesline","Uppercut"],"picked":"Flame Barrier","floor":1.0},{"not_picked":["Combust","Clothesline"],"picked":"Anger","floor":2.0},{"not_picked":["Body Slam","Clash"],"picked":"Reckless Charge","floor":3.0},{"not_picked":["Evolve","Combust"],"picked":"Intimidate","floor":4.0},{"not_picked":["Shrug It Off","Iron Wave"],"picked":"Corruption","floor":5.0},{"not_picked":["Cleave","Headbutt"],"picked":"Rage","floor":6.0},{"not_picked":["Twin Strike","Havoc"],"picked":"Thunderclap","floor":7.0},{"not_picked":["Heavy Blade","Thunderclap","Fire Breathing"],"picked":"SKIP","floor":11.0},{"not_picked":["Barricade","Sword Boomerang"],"picked":"Spot Weakness","floor":12.0},{"not_picked":["Rupture","Pommel Strike","Heavy Blade"],"picked":"SKIP","floor":14.0},{"not_picked":["Juggernaut","Reaper"],"picked":"Limit Break","floor":16.0},{"not_picked":["Wild Strike","Corruption"],"picked":"Dropkick","floor":18.0},{"not_picked":["Sword Boomerang","Rampage","Shrug It Off"],"picked":"SKIP","floor":20.0},{"not_picked":["Pommel Strike+1","True Grit"],"picked":"Flex","floor":21.0},{"not_picked":["Clash+1","Pommel Strike"],"picked":"Sentinel+1","floor":22.0},{"not_picked":["Clothesline","True Grit"],"picked":"Carnage","floor":23.0},{"not_picked":["Dual Wield","Corruption","Second Wind"],"picked":"SKIP","floor":24.0},{"not_picked":["Dark Embrace","Warcry","Clothesline"],"picked":"SKIP","floor":28.0},{"not_picked":["Havoc+1","True Grit"],"picked":"Shrug It Off+1","floor":30.0},{"not_picked":["Whirlwind","Clothesline"],"picked":"Seeing Red","floor":31.0},{"not_picked":["Brutality","Offering"],"picked":"Bludgeon","floor":33.0},{"not_picked":["Iron Wave+1","Corruption"],"picked":"Sentinel+1","floor":35},{"not_picked":["Thunderclap+1","Combust"],"picked":"Anger","floor":36},{"not_picked":["Whirlwind","Sword Boomerang+1","Metallicize"],"picked":"SKIP","floor":37},{"not_picked":["Searing Blow","Dropkick"],"picked":"Flame Barrier+1","floor":38},{"not_picked":["Wild Strike+1","Twin Strike","Pommel Strike+1"],"picked":"SKIP","floor":46}],"player_experience":189472,"relics_obtained":[{"floor":6.0,"key":"Pen Nib"},{"floor":9.0,"key":"PreservedInsect"},{"floor":12.0,"key":"Red Skull"},{"floor":23.0,"key":"Art of War"},{"floor":26.0,"key":"Regal Pillow"},{"floor":28.0,"key":"Boot"},{"floor":30.0,"key":"Blood Vial"},{"floor":43,"key":"Bag of Marbles"},{"floor":44,"key":"Toxic Egg 2"}],"event_choices":[{"cards_removed":["Defend_R"],"damage_healed":0.0,"max_hp_gain":0.0,"max_hp_loss":0.0,"gold_gain":0.0,"event_name":"NoteForYourself","player_choice":"Took Card","floor":13.0,"gold_loss":0.0,"damage_taken":0.0,"cards_obtained":["Skim"]},{"damage_healed":0.0,"max_hp_gain":0.0,"max_hp_loss":0.0,"gold_gain":0.0,"event_name":"Match and Keep!","player_choice":"2 cards matched","floor":29.0,"gold_loss":0.0,"damage_taken":0.0,"cards_obtained":["PanicButton","Rupture"]},{"damage_healed":0,"gold_gain":999,"player_choice":"Gold","damage_taken":0,"max_hp_gain":0,"max_hp_loss":0,"event_name":"MindBloom","floor":39,"gold_loss":0,"cards_obtained":["Normality","Normality"]}],"is_beta":false,"boss_relics":[{"not_picked":["Lizard Tail","Eternal Feather"],"picked":"Pandora\u0027s Box"},{"not_picked":["Calling Bell","Velvet Choker"],"picked":"Black Blood"}],"items_purged_floors":[41,48],"is_endless":false,"potions_floor_spawned":[1,2,3,7,14,18,20,24,30,36,46],"killed_by":"Time Eater","ascension_level":0}