{"path_per_floor":["M","$","?","?","?","E","R","M","T","M","?","M","R","?","R","B",null,"M","?","?","?","$","R","M","E","T","M","E","M","M","M","R","B",null,"M","?","?","$","?","R","M","?","T","$","T","E","?","$","R","B"],"character_chosen":"IRONCLAD","items_purchased":["Bronze Scales","Meat on the Bone","Pen Nib","Whetstone","Barricade"],"gold_per_floor":[209,65,65,140,240,267,267,281,581,598,598,568,568,568,568,669,699,712,712,712,637,23,23,29,57,57,73,106,121,131,150,150,253,253,271,271,271,66,66,66,80,0,0,0,50,83,83,33,33,33],"floor_reached":51,"campfire_rested":2,"playtime":4698,"current_hp_per_floor":[80,80,80,69,69,62,62,68,68,74,79,85,85,67,67,63,90,90,90,90,90,90,90,73,74,74,80,67,58,54,59,86,46,90,84,73,73,73,73,73,74,74,74,74,74,58,58,58,90,45],"items_purged":["Strike_R","Strike_R","Doubt"],"gold":33,"score":557,"play_id":"ef064fa1-3bea-43f8-99db-2b5ee8554561","is_prod":false,"is_daily":false,"is_ascension_mode":false,"campfire_upgraded":5,"path_taken":["M","$","?","?","?","E","R","M","T","?","?","M","R","?","R","BOSS","M","?","?","?","$","R","M","E","T","M","E","?","?","?","R","BOSS","M","?","?","?","?","R","M","?","T","$","?","E","?","$","R","BOSS"],"build_version":"2018-02-12-PROD1","purchased_purges":3,"victory":true,"master_deck":["Defend_R","Defend_R","Defend_R+1","Defend_R","Bash+1","Metallicize+1","Pommel Strike+1","Power Through","Armaments+1","Juggernaut+1","Iron Wave+1","Shrug It Off","Body Slam+1","Clumsy","Clumsy","Madness","Madness+1","Barricade+1"],"max_hp_per_floor":[80,80,80,80,80,80,80,80,80,80,85,85,85,85,85,85,90,90,90,90,90,90,90,90,90,90,90,90,90,90,90,90,90,90,90,90,90,90,90,90,90,90,90,90,90,90,90,90,90,90],"relics":["Burning Blood","Bronze Scales","Centennial Puzzle","Old Coin","Self Forming Clay","Tiny House","Meat on the Bone","Pen Nib","Whetstone","Ancient Tea Set","Smiling Mask","Letter Opener","Calling Bell","Paper Frog","Juzu Bracelet","Regal Pillow","Red Mask","Du-Vu Doll","Dream Catcher","War Paint"],"card_choices":[{"not_picked":["Warcry","Pommel Strike"],"picked":"Metallicize"},{"not_picked":["Disarm","Pummel"],"picked":"Pommel Strike"},{"not_picked":["Hemokinesis","Demon Form"],"picked":"Power Through"},{"not_picked":["Heavy Blade","Clothesline"],"picked":"Armaments"},{"not_picked":["Berserk","Reaper"],"picked":"Juggernaut"},{"not_picked":["Flame Barrier","Anger"],"picked":"Iron Wave"},{"not_picked":["Wild Strike","Flex"],"picked":"Shrug It Off"},{"not_picked":["Sentinel","Evolve"],"picked":"Shrug It Off"},{"not_picked":["True Grit","Cleave"],"picked":"Body Slam"}],"player_experience":82576,"potions_floor_usage":[16,25,28,30,33,33,33,46,50,50],"damage_taken":[{"damage":1,"enemies":"Jaw Worm","floor":1,"turns":5},{"damage":13,"enemies":"3 Sentries","floor":6,"turns":11},{"damage":0,"enemies":"Cultist","floor":8,"turns":4},{"damage":0,"enemies":"2 Louse","floor":10,"turns":3},{"damage":0,"enemies":"Looter","floor":12,"turns":4},{"damage":10,"enemies":"The Guardian","floor":16,"turns":13},{"damage":1,"enemies":"Spheric Guardian","floor":18,"turns":5},{"damage":23,"enemies":"2 Thieves","floor":24,"turns":4},{"damage":5,"enemies":"Book of Stabbing","floor":25,"turns":6},{"damage":0,"enemies":"Centurion and Healer","floor":27,"turns":8},{"damage":34,"enemies":"Slavers","floor":28,"turns":6},{"damage":15,"enemies":"Chosen and Byrds","floor":29,"turns":6},{"damage":10,"enemies":"Cultist and Chosen","floor":30,"turns":8},{"damage":13,"enemies":"Snecko","floor":31,"turns":4},{"damage":58,"enemies":"Collector","floor":33,"turns":13},{"damage":12,"enemies":"Orb Walker","floor":35,"turns":4},{"damage":5,"enemies":"3 Shapes","floor":41,"turns":4},{"damage":43,"enemies":"Giant Head","floor":46,"turns":11},{"damage":63,"enemies":"Awakened One","floor":50,"turns":15}],"event_choices":[{"event_name":"Living Wall","player_choice":"Forget","floor":3,"damage_taken":0},{"event_name":"World of Goop","player_choice":"Gather Gold","floor":4,"damage_taken":0},{"event_name":"Wheel of Change","player_choice":"Gold","floor":5,"damage_taken":0},{"event_name":"Big Fish","player_choice":"Donut","floor":11,"damage_taken":0},{"event_name":"Scrap Ooze","player_choice":"success","floor":14,"damage_taken":18},{"event_name":"Back to Basics","player_choice":"Elegance","floor":19,"damage_taken":0},{"event_name":"Vampires","player_choice":"Ignored","floor":20,"damage_taken":0},{"event_name":"Beggar","player_choice":"Gave Gold","floor":21,"damage_taken":0},{"event_name":"Winding Halls","player_choice":"Embrace Madness","floor":36,"damage_taken":0},{"event_name":"The Lab","player_choice":"Got Potions","floor":37,"damage_taken":0},{"event_name":"Tomb of Lord Red Mask","player_choice":"Paid","floor":42,"damage_taken":0},{"event_name":"Mysterious Sphere","player_choice":"Ignore","floor":47,"damage_taken":0}],"boss_relics":[{"not_picked":["Cursed Key","Runic Cube"],"picked":"Tiny House"},{"not_picked":["Runic Pyramid","Astrolabe"],"picked":"Calling Bell"}],"potions_floor_spawned":[1,10,16,18,27,30,31,35,41],"seed_played":"2328114168335681881","ascension_level":0,"is_trial":false}