{"gold_per_floor":[117,133,133,133,148,148,162,162,162,174,191,191,224,47,47,118,118,133,153,177,102,102,102,122,122,122,122,12,12,41,41,41,119,119,129,129,0,16,16,16,36,48,73,88,99,8,8,8,8,8],"floor_reached":51,"playtime":2198,"items_purged":[],"score":1249,"play_id":"8978ccef-b842-4f50-bd8f-1d97c2e39c8e","local_time":"20190323213212","is_ascension_mode":true,"campfire_choices":[{"data":"Bash","floor":6.0,"key":"SMITH"},{"data":"Spot Weakness","floor":8.0,"key":"SMITH"},{"data":"Body Slam","floor":12.0,"key":"SMITH"},{"data":"Uppercut","floor":15.0,"key":"SMITH"},{"data":"Limit Break","floor":23.0,"key":"SMITH"},{"data":"Armaments","floor":25.0,"key":"SMITH"},{"floor":29.0,"key":"REST"},{"floor":32.0,"key":"REST"},{"data":"Armaments","floor":40.0,"key":"SMITH"},{"data":"Offering","floor":47,"key":"SMITH"},{"floor":49,"key":"REST"}],"neow_cost":"PERCENT_DAMAGE","seed_source_timestamp":0,"circlet_count":0,"master_deck":["AscendersBane","Strike_R","Strike_R","Strike_R","Strike_R","Defend_R","Defend_R","Defend_R","Defend_R","Dropkick","Spot Weakness+1","Sword Boomerang","Iron Wave","Body Slam+1","Metallicize+1","Fire Breathing+1","Uppercut+1","Limit Break+1","Pommel Strike","Armaments+1","Armaments+1","Barricade+1","Bash","Fire Breathing+1","Shrug It Off","Offering+1","Inflame+1","Reaper","Seeing Red+1","Inflame+1","Ghostly Armor","Warcry","Demon Form+1","Rupture+1"],"special_seed":0,"relics":["Burning Blood","FossilizedHelix","Gambling Chip","Juzu Bracelet","Frozen Egg 2","Dodecahedron","Mark of Pain","Art of War","Paper Frog","Mummified Hand","Runic Cube","Red Mask","Bag of Marbles","CultistMask"],"potions_floor_usage":[50,50],"damage_taken":[{"damage":0.0,"enemies":"Jaw Worm","floor":1.0,"turns":3.0},{"damage":0.0,"enemies":"Small Slimes","floor":2.0,"turns":4.0},{"damage":0.0,"enemies":"Cultist","floor":5.0,"turns":3.0},{"damage":0.0,"enemies":"2 Fungi Beasts","floor":7.0,"turns":3.0},{"damage":6.0,"enemies":"3 Louse","floor":10.0,"turns":5.0},{"damage":0.0,"enemies":"Large Slime","floor":11.0,"turns":5.0},{"damage":10.0,"enemies":"3 Sentries","floor":13.0,"turns":5.0},{"damage":27.0,"enemies":"Hexaghost","floor":16.0,"turns":8.0},{"damage":18.0,"enemies":"Chosen","floor":18.0,"turns":4.0},{"damage":3.0,"enemies":"Shell Parasite","floor":19.0,"turns":4.0},{"damage":10.0,"enemies":"Colosseum Slavers","floor":22.0,"turns":4.0},{"damage":23.0,"enemies":"Snake Plant","floor":24.0,"turns":5.0},{"damage":14.0,"enemies":"Book of Stabbing","floor":30.0,"turns":4.0},{"damage":23.0,"enemies":"Champ","floor":33.0,"turns":8.0},{"damage":10.0,"enemies":"3 Shapes","floor":35.0,"turns":13.0},{"damage":37.0,"enemies":"3 Darklings","floor":38.0,"turns":14.0},{"damage":41.0,"enemies":"Maw","floor":41.0,"turns":8.0},{"damage":6.0,"enemies":"4 Shapes","floor":42.0,"turns":21.0},{"damage":26.0,"enemies":"Jaw Worm Horde","floor":44.0,"turns":5.0},{"damage":16,"enemies":"Transient","floor":45,"turns":6},{"damage":70,"enemies":"Donu and Deca","floor":50,"turns":6}],"seed_played":"-6913135882595273741","potions_obtained":[{"floor":1.0,"key":"Dexterity Potion"},{"floor":11.0,"key":"FearPotion"},{"floor":24.0,"key":"Weak Potion"},{"floor":35.0,"key":"PowerPotion"},{"floor":41.0,"key":"FearPotion"}],"is_trial":false,"path_per_floor":["M","M","?","?","M","R","M","R","T","M","M","R","E","$","R","B",null,"M","M","T","?","?","R","M","R","T","?","$","R","E","?","R","B",null,"M","?","?","M","$","R","M","M","T","M","M","$","R","?","R","B",null],"character_chosen":"IRONCLAD","items_purchased":["Fire Breathing+1","Uppercut","Fire Breathing+1","Shrug It Off","Rupture+1","Strength Potion"],"campfire_rested":3,"item_purchase_floors":[14,14,28,28,46,46],"current_hp_per_floor":[56,62,44,44,50,50,56,56,56,56,62,62,58,58,58,37,66,54,57,57,57,53,53,36,36,36,36,36,58,50,50,72,55,70,75,75,75,75,75,75,64,75,75,55,65,65,65,65,75,34],"gold":8,"neow_bonus":"ONE_RARE_RELIC","is_prod":false,"is_daily":false,"chose_seed":false,"campfire_upgraded":8,"win_rate":0,"timestamp":1553391132,"path_taken":["M","M","?","?","M","R","M","R","T","M","M","R","E","$","R","BOSS","M","M","?","?","?","R","M","R","T","?","$","R","E","?","R","BOSS","M","?","?","M","$","R","M","M","T","M","M","$","R","?","R","BOSS"],"build_version":"2019-03-15","purchased_purges":0,"victory":true,"max_hp_per_floor":[75,75,75,75,75,75,75,75,75,75,75,75,75,75,75,75,75,75,75,75,75,75,75,75,75,75,75,75,75,75,75,75,75,75,75,75,75,75,75,75,75,75,75,75,75,75,75,75,75,75],"card_choices":[{"not_picked":["Warcry","Blood for Blood"],"picked":"Rage","floor":1.0},{"not_picked":["Perfected Strike","Iron Wave"],"picked":"Dropkick","floor":2.0},{"not_picked":["True Grit","Sentinel"],"picked":"Spot Weakness","floor":5.0},{"not_picked":["Sentinel","Clash"],"picked":"Sword Boomerang","floor":7.0},{"not_picked":["Carnage","Perfected Strike"],"picked":"Iron Wave","floor":10.0},{"not_picked":["Flex","Twin Strike"],"picked":"Body Slam","floor":11.0},{"not_picked":["Havoc","Sword Boomerang"],"picked":"Metallicize+1","floor":13.0},{"not_picked":["Immolate","Berserk+1"],"picked":"Limit Break","floor":16.0},{"not_picked":["Anger+1","Carnage","Flex"],"picked":"SKIP","floor":18.0},{"not_picked":["Wild Strike","Anger"],"picked":"Pommel Strike","floor":19.0},{"not_picked":["Intimidate","Warcry"],"picked":"Armaments","floor":24.0},{"not_picked":["Rampage","Bloodletting"],"picked":"Offering","floor":30.0},{"not_picked":["Limit Break","Feed"],"picked":"Reaper","floor":33.0},{"not_picked":["Second Wind","Shrug It Off"],"picked":"Seeing Red+1","floor":35.0},{"not_picked":["Twin Strike","Iron Wave","Cleave"],"picked":"SKIP","floor":38.0},{"not_picked":["Wild Strike","Body Slam"],"picked":"Inflame+1","floor":41.0},{"not_picked":["Clothesline","Wild Strike+1"],"picked":"Ghostly Armor","floor":42.0},{"not_picked":["Thunderclap","Sever Soul+1"],"picked":"Warcry","floor":44.0},{"not_picked":["Clothesline+1","Armaments+1"],"picked":"Demon Form+1","floor":45}],"player_experience":1042400,"relics_obtained":[{"floor":9.0,"key":"Frozen Egg 2"},{"floor":13.0,"key":"Dodecahedron"},{"floor":20.0,"key":"Art of War"},{"floor":26.0,"key":"Paper Frog"},{"floor":30.0,"key":"Mummified Hand"},{"floor":43.0,"key":"Bag of Marbles"}],"event_choices":[{"damage_healed":0.0,"max_hp_gain":0.0,"max_hp_loss":0.0,"gold_gain":0.0,"event_name":"Scrap Ooze","player_choice":"Success","floor":3.0,"gold_loss":0.0,"damage_taken":18.0,"relics_obtained":["Gambling Chip"]},{"cards_removed":["Rage"],"damage_healed":0.0,"max_hp_gain":0.0,"max_hp_loss":0.0,"gold_gain":0.0,"event_name":"WeMeetAgain","player_choice":"Gave Card","floor":4.0,"gold_loss":0.0,"damage_taken":0.0,"relics_obtained":["Juzu Bracelet"]},{"cards_removed":["Strike_R"],"damage_healed":0.0,"max_hp_gain":0.0,"max_hp_loss":0.0,"gold_gain":0.0,"event_name":"Beggar","player_choice":"Gave Gold","floor":21.0,"gold_loss":75.0,"damage_taken":0.0},{"damage_healed":0.0,"max_hp_gain":0.0,"max_hp_loss":0.0,"gold_gain":0.0,"event_name":"Colosseum","player_choice":"Fight","floor":22.0,"gold_loss":0.0,"damage_taken":0.0},{"damage_healed":0.0,"max_hp_gain":0.0,"max_hp_loss":0.0,"gold_gain":0.0,"event_name":"Colosseum","player_choice":"Fled From Nobs","floor":22.0,"gold_loss":0.0,"damage_taken":0.0},{"damage_healed":0.0,"max_hp_gain":0.0,"max_hp_loss":0.0,"gold_gain":0.0,"event_name":"Match and Keep!","player_choice":"3 cards matched","floor":27.0,"gold_loss":0.0,"damage_taken":0.0,"cards_obtained":["Armaments","Barricade","Bash"]},{"damage_healed":0.0,"max_hp_gain":0.0,"max_hp_loss":0.0,"gold_gain":0.0,"event_name":"The Library","player_choice":"Read","floor":31.0,"gold_loss":0.0,"damage_taken":0.0,"cards_obtained":["Inflame"]},{"cards_removed":["Bash"],"damage_healed":0.0,"max_hp_gain":0.0,"max_hp_loss":0.0,"gold_gain":0.0,"event_name":"Falling","player_choice":"Removed Attack","floor":36.0,"gold_loss":0.0,"damage_taken":0.0},{"damage_healed":0.0,"max_hp_gain":0.0,"max_hp_loss":0.0,"gold_gain":0.0,"event_name":"Tomb of Lord Red Mask","player_choice":"Paid","floor":37.0,"gold_loss":129.0,"damage_taken":0.0,"relics_obtained":["Red Mask"]},{"damage_healed":0,"gold_gain":0,"player_choice":"Trade","damage_taken":0,"relics_obtained":["CultistMask"],"max_hp_gain":0,"max_hp_loss":0,"event_name":"FaceTrader","floor":48,"gold_loss":0}],"is_beta":true,"boss_relics":[{"not_picked":["Coffee Dripper","Tiny House"],"picked":"Mark of Pain"},{"not_picked":["Calling Bell","Eternal Feather"],"picked":"Runic Cube"}],"items_purged_floors":[],"is_endless":false,"potions_floor_spawned":[1,11,22,24,35,41],"ascension_level":19}