{"gold_per_floor":[113,12,12,112,131,163,176,207,278,278,298,327,343,353,353,449,479,495,495,510,510,510,537,557,575,599,599,1,14,14,24,24,24],"floor_reached":33,"playtime":3808,"items_purged":[],"score":339,"play_id":"cf204ef3-8d76-47e0-affb-9ac58a4238b6","local_time":"20180623234211","is_ascension_mode":false,"campfire_choices":[{"data":"Immolate","floor":10,"key":"SMITH"},{"data":"Perfected Strike","floor":15,"key":"SMITH"},{"data":"Searing Blow","floor":27,"key":"SMITH"},{"floor":30,"key":"REST"},{"data":"Searing Blow+1","floor":32,"key":"SMITH"}],"neow_cost":"NONE","seed_source_timestamp":945345534811095,"circlet_count":0,"master_deck":["Strike_R","Strike_R","Strike_R","Strike_R","Strike_R","Defend_R","Defend_R","Defend_R","Defend_R","Bash+1","Flex","Mind Blast","Anger","Second Wind","Dual Wield","Immolate+1","Burning Pact","Ghostly Armor","Flame Barrier","Perfected Strike+1","Offering","Dropkick","Headbutt","Immolate+1","Searing Blow+2","Armaments+1","Clash","Infernal Blade+1","Panacea+1","Sadistic Nature","Evolve","Armaments+1","True Grit+1","Twin Strike","Carnage","Perfected Strike+1","Sword Boomerang+1"],"relics":["Burning Blood","NeowsBlessing","Thread and Needle","Vajra","Pantograph","Happy Flower","Tiny House","Toxic Egg 2","Omamori"],"potions_floor_usage":[16,16,16,23,23,33,33,33],"damage_taken":[{"damage":0,"enemies":"2 Louse","floor":1,"turns":1},{"damage":0,"enemies":"Jaw Worm","floor":5,"turns":1},{"damage":0,"enemies":"Gremlin Nob","floor":6,"turns":1},{"damage":0,"enemies":"Cultist","floor":7,"turns":3},{"damage":32,"enemies":"Lagavulin","floor":8,"turns":6},{"damage":0,"enemies":"2 Fungi Beasts","floor":11,"turns":3},{"damage":18,"enemies":"Gremlin Nob","floor":12,"turns":4},{"damage":8,"enemies":"Red Slaver","floor":13,"turns":2},{"damage":0,"enemies":"Large Slime","floor":14,"turns":3},{"damage":34,"enemies":"The Guardian","floor":16,"turns":8},{"damage":9,"enemies":"Shell Parasite","floor":18,"turns":5},{"damage":9,"enemies":"2 Thieves","floor":20,"turns":3},{"damage":35,"enemies":"Gremlin Leader","floor":23,"turns":4},{"damage":0,"enemies":"3 Cultists","floor":24,"turns":2},{"damage":4,"enemies":"Sentry and Sphere","floor":25,"turns":3},{"damage":29,"enemies":"Slaver and Parasite","floor":29,"turns":5},{"damage":10,"enemies":"Centurion and Healer","floor":31,"turns":4},{"damage":93,"enemies":"Champ","floor":33,"turns":9}],"seed_played":"3898122422399975830","potions_obtained":[{"floor":5,"key":"Strength Potion"},{"floor":6,"key":"PowerPotion"},{"floor":11,"key":"SteroidPotion"},{"floor":16,"key":"Poison Potion"},{"floor":17,"key":"SteroidPotion"},{"floor":20,"key":"FearPotion"},{"floor":23,"key":"SkillPotion"}],"is_trial":false,"path_per_floor":["M","$","?","?","M","E","M","E","T","R","M","E","M","M","R","B",null,"M","?","M","?","?","E","M","M","T","R","$","M","R","M","R"],"character_chosen":"IRONCLAD","items_purchased":["Mind Blast","Panacea+1","Sadistic Nature","Evolve","Armaments+1","True Grit+1","Twin Strike","Carnage","PowerPotion"],"campfire_rested":1,"item_purchase_floors":[2,28,28,28,28,28,28,28,28],"current_hp_per_floor":[80,80,80,80,80,80,80,54,54,54,60,48,46,52,52,49,85,82,82,79,79,79,50,56,58,58,58,58,35,60,56,56,0],"gold":24,"neow_bonus":"THREE_ENEMY_KILL","is_prod":false,"is_daily":false,"chose_seed":false,"campfire_upgraded":4,"win_rate":0.0,"timestamp":1529811731,"path_taken":["M","$","?","?","M","E","M","E","T","R","M","E","M","M","R","BOSS","M","?","M","?","?","E","M","M","T","R","?","M","R","M","R","BOSS"],"build_version":"2018-06-21v2","purchased_purges":0,"victory":false,"max_hp_per_floor":[80,80,80,80,80,80,80,80,80,80,80,80,80,80,80,80,85,85,85,85,85,85,85,85,85,85,85,85,85,85,85,85,85],"card_choices":[{"not_picked":["Warcry","Cleave"],"picked":"Flex","floor":1},{"not_picked":["Flame Barrier","Rage"],"picked":"Anger","floor":5},{"not_picked":["Shrug It Off","Inflame"],"picked":"Second Wind","floor":6},{"not_picked":["Wild Strike","Inflame"],"picked":"Dual Wield","floor":7},{"not_picked":["Seeing Red","Anger"],"picked":"Immolate","floor":8},{"not_picked":["Sword Boomerang","Combust"],"picked":"Burning Pact","floor":11},{"not_picked":["Shrug It Off","Burning Pact"],"picked":"Ghostly Armor","floor":12},{"not_picked":["Combust","Twin Strike"],"picked":"Flame Barrier","floor":13},{"not_picked":["Armaments","Heavy Blade"],"picked":"Perfected Strike","floor":14},{"not_picked":["Fiend Fire","Immolate"],"picked":"Offering","floor":16},{"not_picked":["Warcry","Body Slam"],"picked":"Dropkick","floor":17},{"not_picked":["True Grit","Flame Barrier"],"picked":"Headbutt","floor":18},{"not_picked":["Carnage","Pommel Strike"],"picked":"Searing Blow","floor":20},{"not_picked":["Ghostly Armor","Bloodletting"],"picked":"Armaments+1","floor":23},{"not_picked":["Ghostly Armor+1","Cleave"],"picked":"Clash","floor":24},{"not_picked":["Rampage","Disarm+1"],"picked":"Infernal Blade+1","floor":25},{"not_picked":["Reckless Charge+1","Burning Pact+1"],"picked":"Perfected Strike+1","floor":29},{"not_picked":["Body Slam","True Grit+1"],"picked":"Sword Boomerang+1","floor":31}],"player_experience":58647,"relics_obtained":[{"floor":6,"key":"Thread and Needle"},{"floor":8,"key":"Vajra"},{"floor":9,"key":"Pantograph"},{"floor":12,"key":"Happy Flower"},{"floor":23,"key":"Toxic Egg 2"},{"floor":26,"key":"Omamori"}],"event_choices":[{"event_name":"Liars Game","player_choice":"disagreed","floor":3,"damage_taken":0},{"event_name":"Wheel of Change","player_choice":"Gold","floor":4,"damage_taken":0},{"event_name":"Duplicator","player_choice":"One dupe","floor":19,"damage_taken":0},{"event_name":"Vampires","player_choice":"Ignored","floor":21,"damage_taken":0},{"event_name":"Beggar","player_choice":"Ignored","floor":22,"damage_taken":0}],"boss_relics":[{"not_picked":["Black Star","Mark of Pain"],"picked":"Tiny House"}],"items_purged_floors":[],"is_endless":false,"potions_floor_spawned":[5,6,11,14,16,20,23,29],"killed_by":"Champ","ascension_level":0}