{"gold_per_floor":[360,360,360,375,13,13,48,48,48,72,88,107,107,147,147,147],"floor_reached":16,"playtime":800,"items_purged":["Injury"],"score":116,"play_id":"822ab09d-d601-4e5d-8bee-7717f6816b1f","local_time":"20190508180807","is_ascension_mode":true,"campfire_choices":[{"floor":6,"key":"DIG"},{"floor":8,"key":"REST"},{"floor":15,"key":"DIG"}],"neow_cost":"PERCENT_DAMAGE","seed_source_timestamp":168487087551112,"circlet_count":0,"master_deck":["Strike_R","Strike_R","Strike_R","Strike_R","Strike_R","Defend_R","Defend_R","Defend_R","Defend_R","Bash","Thunderclap","Headbutt","Seeing Red","Spot Weakness","Twin Strike","Flex","Entrench"],"relics":["Burning Blood","Golden Idol","Shovel","Ancient Tea Set","Bag of Preparation","Bag of Marbles","Regal Pillow"],"potions_floor_usage":[12,14,16,16],"damage_taken":[{"damage":9,"enemies":"Jaw Worm","floor":1,"turns":6},{"damage":0,"enemies":"Small Slimes","floor":4,"turns":3},{"damage":55,"enemies":"Lagavulin","floor":7,"turns":7},{"damage":0,"enemies":"Cultist","floor":10,"turns":2},{"damage":11,"enemies":"Red Slaver","floor":11,"turns":4},{"damage":1,"enemies":"Exordium Thugs","floor":12,"turns":3},{"damage":12,"enemies":"3 Sentries","floor":14,"turns":4},{"damage":41,"enemies":"Slime Boss","floor":16,"turns":5}],"seed_played":"-3929627154931645245","potions_obtained":[{"floor":10,"key":"Ancient Potion"},{"floor":11,"key":"Swift Potion"},{"floor":12,"key":"Explosive Potion"},{"floor":14,"key":"FearPotion"}],"is_trial":false,"path_per_floor":["M","?","?","M","$","R","E","R","T","M","M","M","$","E","R","B"],"character_chosen":"IRONCLAD","items_purchased":["Shovel"],"campfire_rested":1,"item_purchase_floors":[5],"current_hp_per_floor":[53,58,58,64,64,64,15,40,40,46,41,46,46,40,40,0],"gold":147,"neow_bonus":"TWO_FIFTY_GOLD","is_prod":false,"is_daily":false,"chose_seed":false,"campfire_upgraded":0,"win_rate":0,"timestamp":1557353287,"path_taken":["M","?","?","M","$","R","E","R","T","M","M","M","$","E","R","BOSS"],"build_version":"2019-01-23","purchased_purges":1,"victory":false,"max_hp_per_floor":[80,85,85,85,85,85,85,85,85,85,85,85,85,85,85,85],"card_choices":[{"not_picked":["Warcry","Body Slam"],"picked":"Thunderclap","floor":1},{"not_picked":["Perfected Strike","Body Slam"],"picked":"Headbutt","floor":4},{"not_picked":["Burning Pact","Fiend Fire"],"picked":"Seeing Red","floor":7},{"not_picked":["Headbutt","Heavy Blade"],"picked":"Spot Weakness","floor":10},{"not_picked":["Clash","Battle Trance"],"picked":"Twin Strike","floor":11},{"not_picked":["Evolve","Perfected Strike"],"picked":"Flex","floor":12},{"not_picked":["Thunderclap","Whirlwind"],"picked":"Entrench","floor":14}],"player_experience":325818,"relics_obtained":[{"floor":6,"key":"Ancient Tea Set"},{"floor":7,"key":"Bag of Preparation"},{"floor":14,"key":"Bag of Marbles"},{"floor":15,"key":"Regal Pillow"}],"event_choices":[{"damage_healed":0,"gold_gain":0,"player_choice":"Donut","damage_taken":0,"max_hp_gain":5,"max_hp_loss":0,"event_name":"Big Fish","floor":2,"gold_loss":0},{"damage_healed":0,"gold_gain":0,"player_choice":"Take Wound","damage_taken":0,"relics_obtained":["Golden Idol"],"max_hp_gain":0,"max_hp_loss":0,"event_name":"Golden Idol","floor":3,"gold_loss":0,"cards_obtained":["Injury"]}],"is_beta":false,"boss_relics":[],"items_purged_floors":[5],"is_endless":false,"potions_floor_spawned":[10,11,12,14],"killed_by":"Slime Boss","ascension_level":1}