{"gold_per_floor":[118,137,137,212,225,225,244,244,269,292,41,59,59,59,59,157,157,171,191,191],"floor_reached":20,"playtime":1158,"items_purged":[],"score":332,"play_id":"b4d876f9-d9d3-4841-b510-1d1abb28781b","local_time":"20190429080009","is_ascension_mode":true,"campfire_choices":[{"data":"Reinforced Body","floor":6.0,"key":"SMITH"},{"data":"Capacitor","floor":8.0,"key":"SMITH"},{"data":"Loop","floor":13.0,"key":"SMITH"},{"data":"Redo","floor":15.0,"key":"SMITH"}],"neow_cost":"PERCENT_DAMAGE","seed_source_timestamp":0,"circlet_count":0,"master_deck":["AscendersBane","Strike_B","Strike_B","Defend_B","Defend_B","Defend_B","Defend_B","Zap","Dualcast","Reinforced Body+1","Leap","Capacitor+1","Hologram","Injury","Compile Driver","Coolheaded","Redo+1","Loop+1","All For One","Seek","Glacier"],"special_seed":0,"relics":["Cracked Core","Golden Idol","Blood Vial","Juzu Bracelet","White Beast Statue"],"potions_floor_usage":[18,20],"damage_taken":[{"damage":0.0,"enemies":"Jaw Worm","floor":1.0,"turns":3.0},{"damage":0.0,"enemies":"2 Louse","floor":2.0,"turns":2.0},{"damage":0.0,"enemies":"Cultist","floor":5.0,"turns":4.0},{"damage":7.0,"enemies":"3 Louse","floor":7.0,"turns":5.0},{"damage":2.0,"enemies":"Blue Slaver","floor":10.0,"turns":7.0},{"damage":11.0,"enemies":"Exordium Thugs","floor":12.0,"turns":5.0},{"damage":10.0,"enemies":"The Guardian","floor":16.0,"turns":18.0},{"damage":6,"enemies":"Chosen","floor":18,"turns":5},{"damage":40,"enemies":"Shell Parasite","floor":19,"turns":14},{"damage":38,"enemies":"Colosseum Slavers","floor":20,"turns":4}],"seed_played":"-2313958968044881003","potions_obtained":[{"floor":1.0,"key":"Block Potion"},{"floor":5.0,"key":"PowerPotion"},{"floor":12.0,"key":"EssenceOfSteel"},{"floor":16.0,"key":"Ancient Potion"},{"floor":18,"key":"FairyPotion"},{"floor":19,"key":"PowerPotion"}],"is_trial":false,"path_per_floor":["M","M","?","?","M","R","M","R","T","M","$","M","R","$","R","B",null,"M","M","?"],"character_chosen":"DEFECT","items_purchased":["Juzu Bracelet","Loop"],"campfire_rested":0,"item_purchase_floors":[11,11],"current_hp_per_floor":[46,46,46,35,35,35,28,28,28,28,28,19,19,19,19,11,56,52,14,0],"gold":191,"neow_bonus":"TRANSFORM_TWO_CARDS","is_prod":false,"is_daily":false,"chose_seed":false,"campfire_upgraded":4,"win_rate":0,"timestamp":1556539209,"path_taken":["M","M","?","?","M","R","M","R","T","M","?","M","R","$","R","BOSS","M","M","?"],"build_version":"2019-04-23","purchased_purges":0,"victory":false,"max_hp_per_floor":[71,71,71,71,71,71,71,71,71,71,71,71,71,71,71,71,71,71,71,71],"card_choices":[{"not_picked":["Stack","Darkness"],"picked":"Capacitor","floor":1.0},{"not_picked":["Streamline","Ball Lightning"],"picked":"Hologram","floor":2.0},{"not_picked":["Beam Cell","Redo"],"picked":"Compile Driver","floor":5.0},{"not_picked":["Streamline","Ball Lightning"],"picked":"Coolheaded","floor":7.0},{"not_picked":["Redo","Turbo","Fusion"],"picked":"SKIP","floor":10.0},{"not_picked":["Turbo","Fusion"],"picked":"Redo","floor":10.0},{"not_picked":["Undo","Coolheaded"],"picked":"All For One","floor":12.0},{"not_picked":["Thunder Strike","Rainbow"],"picked":"Seek","floor":16.0},{"not_picked":["Gash","Compile Driver","Barrage"],"picked":"SKIP","floor":18},{"not_picked":["Consume","Melter"],"picked":"Glacier","floor":19}],"player_experience":1071724,"relics_obtained":[{"floor":9.0,"key":"Blood Vial"}],"event_choices":[{"damage_healed":0.0,"max_hp_gain":0.0,"max_hp_loss":0.0,"gold_gain":0.0,"event_name":"Golden Idol","player_choice":"Take Wound","floor":3.0,"gold_loss":0.0,"damage_taken":0.0,"relics_obtained":["Golden Idol"],"cards_obtained":["Injury"]},{"damage_healed":0.0,"max_hp_gain":0.0,"max_hp_loss":0.0,"gold_gain":75.0,"event_name":"World of Goop","player_choice":"Gather Gold","floor":4.0,"gold_loss":0.0,"damage_taken":11.0},{"damage_healed":0,"gold_gain":0,"player_choice":"Fight","damage_taken":0,"max_hp_gain":0,"max_hp_loss":0,"event_name":"Colosseum","floor":20,"gold_loss":0}],"is_beta":true,"boss_relics":[{"not_picked":["Sozu","Cursed Key"],"picked":"White Beast Statue"}],"items_purged_floors":[],"is_endless":false,"potions_floor_spawned":[1,5,12,16,18,19],"killed_by":"Colosseum Slavers","ascension_level":20}