{"path_per_floor":["M","?","?","M","M","E","R","M","T","M","R","M","R","M","R"],"character_chosen":"DEFECT","items_purchased":[],"gold_per_floor":[117,117,117,141,162,200,200,220,220,243,243,262,262,275,275,275],"floor_reached":16,"campfire_rested":3,"playtime":1978,"current_hp_per_floor":[82,66,66,66,62,17,17,9,9,9,33,27,51,30,54,0],"items_purged":[],"gold":275,"score":104,"play_id":"fe615183-827d-4108-ab51-93d39045aed8","local_time":"20180510014024","is_prod":false,"is_daily":false,"chose_seed":false,"is_ascension_mode":false,"campfire_upgraded":1,"timestamp":1525930824,"path_taken":["M","?","?","M","M","E","R","M","T","M","R","M","R","?","R","BOSS"],"build_version":"2018-05-08","seed_source_timestamp":32485089748332,"purchased_purges":0,"victory":false,"master_deck":["Strike_B","Strike_B+1","Strike_B","Strike_B","Defend_B","Defend_B","Defend_B","Defend_B","Zap","Dualcast+1","Coolheaded","Injury","White Noise","Coolheaded","Genetic Algorithm+1","Consume","Genetic Algorithm","FTL","White Noise","Stack","Cold Snap","Sweeping Beam"],"max_hp_per_floor":[82,82,82,82,82,82,82,82,82,82,82,82,82,82,82,82],"relics":["Cracked Core","Golden Idol","Lantern","Dream Catcher"],"card_choices":[{"not_picked":["Go for the Eyes","Lockon"],"picked":"Coolheaded","floor":1},{"not_picked":["Auto Shields","Capacitor"],"picked":"White Noise","floor":4},{"not_picked":["Buffer","Storm"],"picked":"Coolheaded","floor":5},{"not_picked":["Steam","Cold Snap"],"picked":"Genetic Algorithm","floor":6},{"not_picked":["Streamline","Ball Lightning"],"picked":"Consume","floor":8},{"not_picked":["Stack","Rebound"],"picked":"Genetic Algorithm","floor":10},{"not_picked":["Go for the Eyes","Ball Lightning"],"picked":"FTL","floor":11},{"not_picked":["Turbo","Streamline"],"picked":"White Noise","floor":12},{"not_picked":["Go for the Eyes","Auto Shields"],"picked":"Stack","floor":13},{"not_picked":["Nova","Capacitor"],"picked":"Cold Snap","floor":14},{"not_picked":["Capacitor","Consume"],"picked":"Sweeping Beam","floor":15}],"player_experience":34116,"potions_floor_usage":[12,16,16,16],"damage_taken":[{"damage":0,"enemies":"2 Louse","floor":1,"turns":3},{"damage":0,"enemies":"Small Slimes","floor":4,"turns":2},{"damage":4,"enemies":"Cultist","floor":5,"turns":4},{"damage":45,"enemies":"Gremlin Nob","floor":6,"turns":5},{"damage":8,"enemies":"Blue Slaver","floor":8,"turns":4},{"damage":0,"enemies":"Large Slime","floor":10,"turns":5},{"damage":6,"enemies":"Exordium Wildlife","floor":12,"turns":5},{"damage":21,"enemies":"Lots of Slimes","floor":14,"turns":5},{"damage":66,"enemies":"The Guardian","floor":16,"turns":14}],"event_choices":[{"event_name":"Shining Light","player_choice":"Entered Light","floor":2,"damage_taken":0},{"event_name":"Golden Idol","player_choice":"Take Wound","floor":3,"damage_taken":0}],"boss_relics":[],"potions_floor_spawned":[5,6,8,10,14],"seed_played":"3601475629333151179","killed_by":"The Guardian","ascension_level":0,"is_trial":false}