{"gold_per_floor":[115,125,144,144,158,202,202,129,129,153,194,210,254,270,270,389,389,412,447,13,13,38,38,71,83],"floor_reached":25,"playtime":1985,"items_purged":[],"score":267,"play_id":"bc10c3a4-39a9-4acc-8157-c09c774b1187","local_time":"20190529213356","is_ascension_mode":true,"campfire_choices":[{"data":"Limit Break","floor":7.0,"key":"SMITH"},{"floor":15.0,"key":"REST"},{"floor":23.0,"key":"RECALL"}],"neow_cost":"NONE","seed_source_timestamp":0,"circlet_count":0,"master_deck":["Bash","Limit Break+1","Shrug It Off","Cleave","Intimidate","Injury","Flame Barrier","Battle Trance","Iron Wave","Spot Weakness","Thunderclap","Anger","Disarm","Limit Break","Carnage","Body Slam","True Grit","Hemokinesis","Offering","Rupture","Ghostly Armor","Searing Blow","Clothesline+1","Double Tap","Armaments","Uppercut"],"special_seed":0,"relics":["Burning Blood","Golden Idol","Happy Flower","Thread and Needle","Ginger","Matryoshka","Pandora\u0027s Box","Red Mask","Art of War","Strawberry","MawBank"],"potions_floor_usage":[25],"damage_taken":[{"damage":9.0,"enemies":"2 Louse","floor":1.0,"turns":3.0},{"damage":1.0,"enemies":"Small Slimes","floor":2.0,"turns":5.0},{"damage":10.0,"enemies":"Cultist","floor":3.0,"turns":4.0},{"damage":9.0,"enemies":"3 Louse","floor":5.0,"turns":3.0},{"damage":9.0,"enemies":"3 Sentries","floor":6.0,"turns":8.0},{"damage":4.0,"enemies":"Blue Slaver","floor":10.0,"turns":4.0},{"damage":32.0,"enemies":"Gremlin Nob","floor":11.0,"turns":5.0},{"damage":2.0,"enemies":"Looter","floor":12.0,"turns":3.0},{"damage":13.0,"enemies":"Lagavulin","floor":13.0,"turns":8.0},{"damage":0.0,"enemies":"Red Slaver","floor":14.0,"turns":3.0},{"damage":34.0,"enemies":"The Guardian","floor":16.0,"turns":9.0},{"damage":9.0,"enemies":"Shell Parasite","floor":18.0,"turns":3.0},{"damage":32.0,"enemies":"Masked Bandits","floor":19.0,"turns":4.0},{"damage":17.0,"enemies":"3 Byrds","floor":22.0,"turns":5.0},{"damage":25.0,"enemies":"Book of Stabbing","floor":24.0,"turns":6.0},{"damage":34,"enemies":"Centurion and Healer","floor":25,"turns":4}],"seed_played":"3172494940966131955","potions_obtained":[{"floor":5.0,"key":"EssenceOfSteel"},{"floor":6.0,"key":"Energy Potion"},{"floor":10.0,"key":"Regen Potion"},{"floor":14.0,"key":"SkillPotion"},{"floor":19.0,"key":"PowerPotion"},{"floor":22.0,"key":"FearPotion"},{"floor":24.0,"key":"SkillPotion"}],"is_trial":false,"path_per_floor":["M","M","M","?","M","E","R","?","T","M","E","M","E","M","R","B",null,"M","?","$","?","M","R","E","M"],"character_chosen":"IRONCLAD","items_purchased":["Art of War","Double Tap","Strawberry"],"campfire_rested":1,"item_purchase_floors":[20,20,20],"current_hp_per_floor":[77,80,76,76,73,70,70,70,70,72,46,59,52,58,80,52,80,77,51,58,58,47,47,28,0],"gold":83,"neow_bonus":"ONE_RANDOM_RARE_CARD","is_prod":false,"is_daily":false,"chose_seed":false,"campfire_upgraded":1,"win_rate":0,"timestamp":1559180036,"path_taken":["M","M","M","?","M","E","R","?","T","M","E","?","E","M","R","BOSS","M","?","$","?","M","R","E","M"],"build_version":"2019-01-23","purchased_purges":0,"victory":false,"max_hp_per_floor":[80,80,80,80,80,80,80,80,80,80,80,80,80,80,80,80,80,80,80,87,87,87,87,87,87],"card_choices":[{"not_picked":["Armaments","Battle Trance"],"picked":"Shrug It Off","floor":1.0},{"not_picked":["Combust","Sentinel"],"picked":"Cleave","floor":2.0},{"not_picked":["Combust","Warcry"],"picked":"Intimidate","floor":3.0},{"not_picked":["Armaments","Corruption"],"picked":"Flame Barrier","floor":5.0},{"not_picked":["Flame Barrier","Clash"],"picked":"Battle Trance","floor":6.0},{"not_picked":["Fire Breathing","Second Wind"],"picked":"Iron Wave","floor":10.0},{"not_picked":["Uppercut","True Grit"],"picked":"Spot Weakness","floor":11.0},{"not_picked":["Burning Pact","Shrug It Off"],"picked":"Thunderclap","floor":12.0},{"not_picked":["Armaments","Heavy Blade"],"picked":"Anger","floor":13.0},{"not_picked":["Corruption","Immolate"],"picked":"Disarm","floor":14.0},{"not_picked":["Dark Embrace","Juggernaut"],"picked":"Limit Break","floor":16.0},{"not_picked":["Disarm","Sword Boomerang","Warcry+1"],"picked":"SKIP","floor":18.0},{"not_picked":["Heavy Blade","Rage"],"picked":"Clothesline+1","floor":19.0},{"not_picked":["Thunderclap+1","Wild Strike+1"],"picked":"Armaments","floor":22.0},{"not_picked":["Clothesline","Hemokinesis"],"picked":"Uppercut","floor":24.0}],"player_experience":398870,"relics_obtained":[{"floor":6.0,"key":"Happy Flower"},{"floor":11.0,"key":"Ginger"},{"floor":13.0,"key":"Matryoshka"},{"floor":19.0,"key":"Red Mask"},{"floor":24.0,"key":"MawBank"}],"event_choices":[{"damage_healed":0.0,"max_hp_gain":0.0,"max_hp_loss":0.0,"gold_gain":0.0,"event_name":"Golden Idol","player_choice":"Take Wound","floor":4.0,"gold_loss":0.0,"damage_taken":0.0,"relics_obtained":["Golden Idol"],"cards_obtained":["Injury"]},{"damage_healed":0.0,"max_hp_gain":0.0,"max_hp_loss":0.0,"gold_gain":0.0,"event_name":"WeMeetAgain","player_choice":"Paid Gold","floor":8.0,"gold_loss":73.0,"damage_taken":0.0,"relics_obtained":["Thread and Needle"]},{"damage_healed":0.0,"max_hp_gain":0.0,"max_hp_loss":0.0,"gold_gain":0.0,"event_name":"Masked Bandits","player_choice":"Fought Bandits","floor":19.0,"gold_loss":0.0,"damage_taken":0.0},{"cards_removed":["Berserk"],"damage_healed":0.0,"max_hp_gain":0.0,"max_hp_loss":0.0,"gold_gain":0.0,"event_name":"Back to Basics","player_choice":"Elegance","floor":21.0,"gold_loss":0.0,"damage_taken":0.0}],"is_beta":false,"boss_relics":[{"not_picked":["Astrolabe","Tiny House"],"picked":"Pandora\u0027s Box"}],"items_purged_floors":[],"is_endless":false,"potions_floor_spawned":[5,6,10,14,19,22,24],"killed_by":"Centurion and Healer","ascension_level":2}