{"gold_per_floor":[113,127,203,203,221,221,235,261,330,330],"floor_reached":10,"playtime":484,"items_purged":[],"score":75,"play_id":"5ccc152f-5518-40bd-acca-2a0a81e4f058","local_time":"20190606215918","is_ascension_mode":true,"campfire_choices":[{"floor":6,"key":"RECALL"}],"neow_cost":"NONE","seed_source_timestamp":0,"circlet_count":0,"master_deck":["Defend_G+1","Defend_G","Defend_G","Defend_G","Defend_G+1","Strike_G","Strike_G","Strike_G","Strike_G","Strike_G","Survivor","Neutralize","Purity","Sucker Punch","Masterful Stab","Poisoned Stab","Predator","Corpse Explosion"],"special_seed":0,"relics":["Ring of the Snake","Peace Pipe"],"potions_floor_usage":[8,10],"damage_taken":[{"damage":4.0,"enemies":"Small Slimes","floor":1.0,"turns":4.0},{"damage":3.0,"enemies":"Jaw Worm","floor":2.0,"turns":5.0},{"damage":4.0,"enemies":"Cultist","floor":5.0,"turns":3.0},{"damage":8,"enemies":"Exordium Thugs","floor":7,"turns":5},{"damage":31,"enemies":"Lagavulin","floor":8,"turns":10},{"damage":12,"enemies":"Gremlin Gang","floor":10,"turns":2}],"seed_played":"2934900140461468904","potions_obtained":[{"floor":5,"key":"Energy Potion"},{"floor":8,"key":"Block Potion"}],"is_trial":false,"path_per_floor":["M","M","?","?","M","R","M","E","T","M"],"character_chosen":"THE_SILENT","items_purchased":[],"campfire_rested":0,"item_purchase_floors":[],"current_hp_per_floor":[66,63,63,49,45,45,37,6,6,0],"gold":330,"neow_bonus":"RANDOM_COLORLESS","is_prod":false,"is_daily":false,"chose_seed":false,"campfire_upgraded":0,"win_rate":0,"timestamp":1559872758,"path_taken":["M","M","?","?","?","R","M","E","T","M"],"build_version":"2019-01-23","purchased_purges":0,"victory":false,"max_hp_per_floor":[70,70,70,70,70,70,70,70,70,70],"card_choices":[{"not_picked":["Slice","Leg Sweep"],"picked":"Sucker Punch","floor":1.0},{"not_picked":["Concentrate","Slice"],"picked":"Masterful Stab","floor":2.0},{"not_picked":["Dagger Spray","Dodge and Roll"],"picked":"Poisoned Stab","floor":5},{"not_picked":["Blur","After Image"],"picked":"Predator","floor":7},{"not_picked":["Deadly Poison","Outmaneuver"],"picked":"Corpse Explosion","floor":8}],"player_experience":432790,"relics_obtained":[{"floor":8,"key":"Peace Pipe"}],"event_choices":[{"damage_healed":0.0,"max_hp_gain":0.0,"max_hp_loss":0.0,"gold_gain":76.0,"event_name":"Golden Wing","player_choice":"Gained Gold","floor":3.0,"gold_loss":0.0,"damage_taken":0.0},{"damage_healed":0.0,"max_hp_gain":0.0,"max_hp_loss":0.0,"gold_gain":0.0,"event_name":"Shining Light","player_choice":"Entered Light","floor":4.0,"gold_loss":0.0,"damage_taken":14.0,"cards_upgraded":["Defend_G","Defend_G"]}],"is_beta":false,"boss_relics":[],"items_purged_floors":[],"is_endless":false,"potions_floor_spawned":[5,8],"killed_by":"Gremlin Gang","ascension_level":2}