{"gold_per_floor":[113,129,149,149,169,169,187,187,241,241,258,281,281,297,297,297],"floor_reached":16,"playtime":891,"items_purged":[],"score":132,"play_id":"0d7e18fe-7e91-4157-a646-4a59fba3de22","local_time":"20181111111035","is_ascension_mode":true,"campfire_choices":[{"data":"Stack","floor":6,"key":"SMITH"},{"data":"Genetic Algorithm","floor":8,"key":"SMITH"},{"floor":13,"key":"REST"},{"data":"Leap","floor":15,"key":"SMITH"}],"neow_cost":"NONE","seed_source_timestamp":10806897925944,"circlet_count":0,"master_deck":["Strike_B","Strike_B","Strike_B","Strike_B","Defend_B","Defend_B","Defend_B","Defend_B","Zap","Dualcast","White Noise","Stack+1","Aggregate","Genetic Algorithm+1","Leap+1","Undo","Aggregate"],"relics":["Cracked Core","Bronze Scales","Dream Catcher","Vajra"],"potions_floor_usage":[16],"damage_taken":[{"damage":1,"enemies":"Cultist","floor":1,"turns":3},{"damage":0,"enemies":"Small Slimes","floor":2,"turns":3},{"damage":2,"enemies":"2 Louse","floor":3,"turns":2},{"damage":7,"enemies":"Blue Slaver","floor":5,"turns":4},{"damage":9,"enemies":"3 Louse","floor":7,"turns":3},{"damage":25,"enemies":"Gremlin Gang","floor":11,"turns":4},{"damage":9,"enemies":"Exordium Wildlife","floor":14,"turns":6},{"damage":54,"enemies":"Slime Boss","floor":16,"turns":11}],"seed_played":"-5843499458235508049","potions_obtained":[{"floor":3,"key":"EssenceOfSteel"},{"floor":7,"key":"Swift Potion"},{"floor":11,"key":"FocusPotion"},{"floor":14,"key":"EssenceOfSteel"}],"is_trial":false,"path_per_floor":["M","M","M","?","M","R","M","R","T","?","M","T","R","M","R","B"],"character_chosen":"DEFECT","items_purchased":[],"campfire_rested":1,"item_purchase_floors":[],"current_hp_per_floor":[67,67,65,75,68,68,59,59,59,64,39,39,63,54,54,0],"gold":297,"neow_bonus":"RANDOM_COMMON_RELIC","is_prod":false,"is_daily":false,"chose_seed":false,"campfire_upgraded":3,"win_rate":0,"timestamp":1541952635,"path_taken":["M","?","M","?","?","R","M","R","T","?","M","?","R","M","R","BOSS"],"build_version":"2018-11-08","purchased_purges":0,"victory":false,"max_hp_per_floor":[75,75,75,75,75,75,75,75,75,80,80,80,80,80,80,80],"card_choices":[{"not_picked":["Beam Cell","Skim"],"picked":"Recycle","floor":1},{"not_picked":["Barrage","Gash"],"picked":"White Noise","floor":2},{"not_picked":["Gash","Ball Lightning"],"picked":"Stack","floor":3},{"not_picked":["Turbo","Streamline"],"picked":"Aggregate","floor":5},{"not_picked":["Blizzard","Hologram"],"picked":"Genetic Algorithm","floor":7},{"not_picked":["Hologram","Compile Driver"],"picked":"Leap","floor":11},{"not_picked":["Hologram","Double Energy"],"picked":"Undo","floor":13},{"not_picked":["All For One","Leap"],"picked":"Aggregate","floor":14}],"player_experience":364631,"relics_obtained":[{"floor":9,"key":"Dream Catcher"},{"floor":12,"key":"Vajra"}],"event_choices":[{"cards_removed":["Recycle"],"damage_healed":10,"gold_gain":0,"player_choice":"Offered Uncommon","damage_taken":0,"max_hp_gain":0,"max_hp_loss":0,"event_name":"Bonfire Elementals","floor":4,"gold_loss":0},{"damage_healed":0,"gold_gain":0,"player_choice":"Donut","damage_taken":0,"max_hp_gain":5,"max_hp_loss":0,"event_name":"Big Fish","floor":10,"gold_loss":0}],"is_beta":true,"boss_relics":[],"items_purged_floors":[],"is_endless":false,"potions_floor_spawned":[3,7,11,14],"killed_by":"Slime Boss","ascension_level":8}