{"path_per_floor":["M","?","M","M","M","R","?","R","T","R","$","M","R","M","R","B",null,"M","M","M","?"],"character_chosen":"DEFECT","items_purchased":["Machine Learning"],"gold_per_floor":[109,109,124,143,154,154,154,154,154,154,12,22,22,41,41,144,144,163,147,167,167,167],"floor_reached":22,"campfire_rested":1,"playtime":1837,"current_hp_per_floor":[75,63,63,63,30,30,30,30,30,30,30,17,17,17,39,27,75,57,45,30,16,0],"items_purged":[],"gold":167,"score":187,"play_id":"976064a1-de0a-41e7-a5e2-2bb87aca2063","local_time":"20180511035601","is_prod":false,"is_daily":false,"chose_seed":false,"is_ascension_mode":true,"campfire_upgraded":4,"timestamp":1526025361,"path_taken":["M","?","M","?","M","R","?","R","T","R","$","M","R","M","R","BOSS","M","?","M","?","M"],"build_version":"2018-05-10","seed_source_timestamp":32295217926942,"purchased_purges":0,"victory":false,"master_deck":["Strike_B","Strike_B","Strike_B","Strike_B","Defend_B","Defend_B","Defend_B","Defend_B+1","Zap","Dualcast","Sweeping Beam+1","Recycle","Coolheaded+1","Skim","Machine Learning","Chaos+1","Ball Lightning+1","Amplify","Self Repair+1","Static Discharge","Aggregate"],"max_hp_per_floor":[75,75,75,75,75,75,75,75,75,75,75,75,75,75,75,75,75,75,75,75,80,80],"relics":["Cracked Core","Bag of Preparation","Centennial Puzzle","Molten Egg 2","Inserter"],"card_choices":[{"not_picked":["Stack","Go for the Eyes"],"picked":"Sweeping Beam","floor":1},{"not_picked":["Rebound","Impulse"],"picked":"Recycle","floor":3},{"not_picked":["Skim","Barrage"],"picked":"Coolheaded","floor":4},{"not_picked":["Hologram","Ball Lightning"],"picked":"Skim","floor":5},{"not_picked":["Barrage","Leap"],"picked":"Chaos","floor":12},{"not_picked":["Streamline","Rip and Tear"],"picked":"Ball Lightning","floor":14},{"not_picked":["Reboot","Biased Cognition"],"picked":"Amplify","floor":16},{"not_picked":["Coolheaded","Axe Kick"],"picked":"Self Repair","floor":18},{"not_picked":["FTL","Ball Lightning"],"picked":"Static Discharge","floor":19},{"not_picked":["Beam Cell","Steam Power"],"picked":"Aggregate","floor":20}],"player_experience":56021,"potions_floor_usage":[16,16,20,22,22],"damage_taken":[{"damage":0,"enemies":"2 Louse","floor":1,"turns":3},{"damage":0,"enemies":"Small Slimes","floor":3,"turns":2},{"damage":0,"enemies":"Cultist","floor":4,"turns":3},{"damage":33,"enemies":"Exordium Thugs","floor":5,"turns":7},{"damage":13,"enemies":"Gremlin Gang","floor":12,"turns":2},{"damage":0,"enemies":"Blue Slaver","floor":14,"turns":4},{"damage":12,"enemies":"Hexaghost","floor":16,"turns":8},{"damage":18,"enemies":"Chosen","floor":18,"turns":4},{"damage":32,"enemies":"2 Thieves","floor":19,"turns":5},{"damage":35,"enemies":"Snake Plant","floor":20,"turns":6},{"damage":23,"enemies":"3 Cultists","floor":22,"turns":4}],"event_choices":[{"event_name":"Scrap Ooze","player_choice":"success","floor":2,"damage_taken":12},{"event_name":"The Lab","player_choice":"Got Potions","floor":7,"damage_taken":0},{"event_name":"Forgotten Altar","player_choice":"Shed Blood","floor":21,"damage_taken":0}],"boss_relics":[{"not_picked":["Lizard Tail","Runic Pyramid"],"picked":"Inserter"}],"potions_floor_spawned":[16,20],"seed_played":"1208801549720125099","killed_by":"3 Cultists","ascension_level":1,"is_trial":false}