{"gold_per_floor":[109,123,140,140,156,186,186,196,249,261,44,57,69,85,85,181,181,194,205,225,39,50,75,91,91,145,67,67,78,78,97,97,97],"floor_reached":33,"playtime":3965,"items_purged":["Strike_G"],"score":289,"play_id":"b9ee671f-fbb4-42a6-9c4f-bf2ab458f79f","local_time":"20190630151712","is_ascension_mode":true,"campfire_choices":[{"data":"Noxious Fumes","floor":7.0,"key":"SMITH"},{"data":"Riddle With Holes","floor":15.0,"key":"SMITH"},{"data":"Dash","floor":28.0,"key":"SMITH"},{"floor":32,"key":"REST"}],"neow_cost":"NONE","seed_source_timestamp":0,"circlet_count":0,"master_deck":["Defend_G","Defend_G","Defend_G","Defend_G","Defend_G","Strike_G","Strike_G","Strike_G","Strike_G","Survivor","Neutralize","Dagger Spray","Deflect","Quick Slash","Setup","Noxious Fumes+1","Poisoned Stab","Sucker Punch","Dodge and Roll","Riddle With Holes+1","Bullet Time","Footwork","Predator+1","Bane","Chrysalis","Underhanded Strike","Bane","Writhe","Dash+1","Noxious Fumes","Caltrops"],"special_seed":0,"relics":["Ring of the Snake","NeowsBlessing","Meat on the Bone","Paper Crane","MawBank","Lantern","Snecko Eye","Ancient Tea Set","Mummified Hand","Vajra","Letter Opener"],"potions_floor_usage":[],"damage_taken":[{"damage":0.0,"enemies":"Cultist","floor":1.0,"turns":1.0},{"damage":0.0,"enemies":"Jaw Worm","floor":2.0,"turns":1.0},{"damage":0.0,"enemies":"Small Slimes","floor":3.0,"turns":1.0},{"damage":10.0,"enemies":"Looter","floor":5.0,"turns":3.0},{"damage":35.0,"enemies":"3 Sentries","floor":6.0,"turns":11.0},{"damage":9.0,"enemies":"Exordium Thugs","floor":8.0,"turns":4.0},{"damage":7.0,"enemies":"Blue Slaver","floor":12.0,"turns":3.0},{"damage":3.0,"enemies":"3 Louse","floor":13.0,"turns":2.0},{"damage":3.0,"enemies":"Gremlin Gang","floor":14.0,"turns":6.0},{"damage":14.0,"enemies":"The Guardian","floor":16.0,"turns":11.0},{"damage":0.0,"enemies":"3 Byrds","floor":18.0,"turns":4.0},{"damage":18.0,"enemies":"2 Thieves","floor":19.0,"turns":5.0},{"damage":6.0,"enemies":"Shelled Parasite and Fungi","floor":20.0,"turns":5.0},{"damage":5.0,"enemies":"Centurion and Healer","floor":22.0,"turns":7.0},{"damage":24.0,"enemies":"Book of Stabbing","floor":23.0,"turns":5.0},{"damage":11.0,"enemies":"Cultist and Chosen","floor":24.0,"turns":7.0},{"damage":27.0,"enemies":"Snake Plant","floor":29.0,"turns":5.0},{"damage":0,"enemies":"3 Cultists","floor":31,"turns":4},{"damage":64,"enemies":"Automaton","floor":33,"turns":6}],"seed_played":"5819367768957652337","potions_obtained":[{"floor":1.0,"key":"Weak Potion"},{"floor":8.0,"key":"GamblersBrew"},{"floor":12.0,"key":"PowerPotion"},{"floor":13.0,"key":"Block Potion"},{"floor":16.0,"key":"AttackPotion"},{"floor":22.0,"key":"Poison Potion"},{"floor":23.0,"key":"Energy Potion"}],"is_trial":false,"path_per_floor":["M","M","M","?","M","E","R","M","T","?","$","M","M","M","R","B",null,"M","M","M","$","M","E","M","?","T","$","R","M","T","M","R","B"],"character_chosen":"THE_SILENT","items_purchased":["Lantern","Chrysalis","Dash"],"campfire_rested":1,"item_purchase_floors":[11,21,27],"current_hp_per_floor":[70,70,70,70,60,37,37,40,40,40,40,45,42,39,39,37,70,70,52,46,46,41,29,30,30,30,30,30,15,15,27,48,0],"gold":97,"neow_bonus":"THREE_ENEMY_KILL","is_prod":false,"is_daily":false,"chose_seed":false,"campfire_upgraded":3,"win_rate":0,"timestamp":1561922232,"path_taken":["M","M","?","?","?","E","R","M","T","?","$","M","M","M","R","BOSS","M","M","M","$","M","E","M","?","T","?","R","M","?","M","R","BOSS"],"build_version":"2019-01-23","purchased_purges":1,"victory":false,"max_hp_per_floor":[70,70,70,70,70,70,70,70,70,70,70,70,70,70,70,70,70,70,70,70,70,70,70,70,70,70,70,70,70,70,70,70,70],"card_choices":[{"not_picked":["Dodge and Roll","Accuracy"],"picked":"Dagger Spray","floor":1.0},{"not_picked":["Catalyst","Deadly Poison"],"picked":"Deflect","floor":2.0},{"not_picked":["Dodge and Roll","Blade Dance"],"picked":"Quick Slash","floor":3.0},{"not_picked":["Slice","Prepared"],"picked":"Setup","floor":5.0},{"not_picked":["Bane","Grand Finale"],"picked":"Noxious Fumes","floor":6.0},{"not_picked":["Skewer","Quick Slash"],"picked":"Poisoned Stab","floor":8.0},{"not_picked":["Blade Dance","Calculated Gamble","Deadly Poison"],"picked":"SKIP","floor":12.0},{"not_picked":["Concentrate","Outmaneuver"],"picked":"Dodge and Roll","floor":13.0},{"not_picked":["Blade Dance","Dodge and Roll"],"picked":"Riddle With Holes","floor":14.0},{"not_picked":["Unload","Malaise"],"picked":"Bullet Time","floor":16.0},{"not_picked":["Dagger Spray","PiercingWail+1"],"picked":"Footwork","floor":18.0},{"not_picked":["Reflex","Blade Dance"],"picked":"Predator+1","floor":19.0},{"not_picked":["Dagger Throw","PiercingWail"],"picked":"Bane","floor":20.0},{"not_picked":["Deflect","Cloak And Dagger"],"picked":"Underhanded Strike","floor":22.0},{"not_picked":["Slice","Deadly Poison"],"picked":"Bane","floor":23.0},{"not_picked":["Prepared","Dagger Spray","Slice"],"picked":"SKIP","floor":24.0},{"not_picked":["PiercingWail","Underhanded Strike+1"],"picked":"Noxious Fumes","floor":29.0},{"not_picked":["Underhanded Strike","Quick Slash+1"],"picked":"Caltrops","floor":31}],"player_experience":529103,"relics_obtained":[{"floor":6.0,"key":"Paper Crane"},{"floor":9.0,"key":"MawBank"},{"floor":23.0,"key":"Ancient Tea Set"},{"floor":26.0,"key":"Vajra"},{"floor":30.0,"key":"Letter Opener"}],"event_choices":[{"damage_healed":0.0,"max_hp_gain":0.0,"max_hp_loss":0.0,"gold_gain":0.0,"event_name":"WeMeetAgain","player_choice":"Gave Potion","floor":4.0,"gold_loss":0.0,"damage_taken":0.0,"relics_obtained":["Meat on the Bone"]},{"damage_healed":0.0,"max_hp_gain":0.0,"max_hp_loss":0.0,"gold_gain":0.0,"event_name":"Match and Keep!","player_choice":"1 cards matched","floor":10.0,"gold_loss":0.0,"damage_taken":0.0,"cards_obtained":["Sucker Punch"]},{"damage_healed":0.0,"max_hp_gain":0.0,"max_hp_loss":0.0,"gold_gain":0.0,"event_name":"The Mausoleum","player_choice":"Opened","floor":25.0,"gold_loss":0.0,"damage_taken":0.0,"relics_obtained":["Mummified Hand"],"cards_obtained":["Writhe"]}],"is_beta":false,"boss_relics":[{"not_picked":["Runic Pyramid","Tiny House"],"picked":"Snecko Eye"}],"items_purged_floors":[11],"is_endless":false,"potions_floor_spawned":[1,8,12,13,16,22,23],"killed_by":"Automaton","ascension_level":1}