{"gold_per_floor":[110,110,127,127,147,147,181,181,206,206,237,237,256,271,271,371,371,338,354,49,62,62,62,390,390],"floor_reached":25,"playtime":2278,"items_purged":[],"score":231,"play_id":"48b9f333-e5a3-4e61-89f2-7e4735e33903","local_time":"20180918153324","is_ascension_mode":false,"campfire_choices":[{"data":"Metallicize","floor":6,"key":"SMITH"},{"floor":8,"key":"REST"},{"data":"Fire Breathing","floor":12,"key":"SMITH"},{"data":"Rage","floor":15,"key":"SMITH"},{"floor":23,"key":"REST"}],"neow_cost":"NONE","seed_source_timestamp":625972316587935,"circlet_count":0,"master_deck":["Strike_R","Strike_R","Strike_R","Strike_R","Strike_R","Defend_R","Defend_R","Defend_R","Defend_R","Bash","Impervious+1","Reckless Charge","Metallicize+1","Iron Wave","Shrug It Off","Rage+1","Fire Breathing+1","Rage+1","Limit Break","Thunderclap","Second Wind+1","Cleave","Pommel Strike+1","Pommel Strike","Flame Barrier"],"relics":["Burning Blood","Dream Catcher","Letter Opener","War Paint","Happy Flower","Black Star","HandDrill","Old Coin","Incense Burner"],"potions_floor_usage":[11,18,24,24,25],"damage_taken":[{"damage":3,"enemies":"2 Louse","floor":1,"turns":3},{"damage":3,"enemies":"Small Slimes","floor":3,"turns":3},{"damage":11,"enemies":"Jaw Worm","floor":5,"turns":4},{"damage":23,"enemies":"3 Sentries","floor":7,"turns":12},{"damage":8,"enemies":"Lagavulin","floor":11,"turns":9},{"damage":0,"enemies":"Looter","floor":13,"turns":3},{"damage":1,"enemies":"Large Slime","floor":14,"turns":7},{"damage":47,"enemies":"Slime Boss","floor":16,"turns":22},{"damage":11,"enemies":"2 Thieves","floor":18,"turns":5},{"damage":7,"enemies":"Spheric Guardian","floor":19,"turns":8},{"damage":51,"enemies":"Snake Plant","floor":21,"turns":7},{"damage":43,"enemies":"Gremlin Leader","floor":24,"turns":8},{"damage":17,"enemies":"Chosen and Byrds","floor":25,"turns":4}],"seed_played":"-885490090086427430","potions_obtained":[{"floor":1,"key":"Fire Potion"},{"floor":3,"key":"FearPotion"},{"floor":16,"key":"Swift Potion"},{"floor":21,"key":"Energy Potion"}],"is_trial":false,"path_per_floor":["M","?","M","?","M","R","E","R","T","?","E","R","M","M","R","B",null,"M","M","$","M","?","R","E"],"character_chosen":"IRONCLAD","items_purchased":["Cleave","HandDrill","Poison Potion"],"campfire_rested":2,"item_purchase_floors":[20,20,20],"current_hp_per_floor":[80,80,80,62,57,57,40,64,64,64,62,62,68,73,73,32,80,75,74,74,29,29,53,16,0],"gold":390,"neow_bonus":"ONE_RANDOM_RARE_CARD","is_prod":false,"is_daily":false,"chose_seed":false,"campfire_upgraded":3,"win_rate":0.0,"timestamp":1537302804,"path_taken":["M","?","M","?","M","R","E","R","T","?","E","R","M","M","R","BOSS","M","M","$","M","?","R","E","M"],"build_version":"2018-09-06","purchased_purges":0,"victory":false,"max_hp_per_floor":[80,80,80,80,80,80,80,80,80,80,80,80,80,80,80,80,80,80,80,80,80,80,80,80,80],"card_choices":[{"not_picked":["Whirlwind","Warcry"],"picked":"Reckless Charge","floor":1},{"not_picked":["Thunderclap","Clothesline"],"picked":"Metallicize","floor":3},{"not_picked":["Pommel Strike","Heavy Blade"],"picked":"Iron Wave","floor":5},{"not_picked":["Wild Strike","Armaments"],"picked":"Shrug It Off","floor":7},{"not_picked":["Evolve","Combust"],"picked":"Rage","floor":8},{"not_picked":["Whirlwind","Double Tap"],"picked":"Fire Breathing","floor":11},{"not_picked":["Heavy Blade","Disarm","True Grit"],"picked":"SKIP","floor":13},{"not_picked":["Rampage","Warcry"],"picked":"Rage","floor":14},{"not_picked":["Dark Embrace","Exhume"],"picked":"Limit Break","floor":16},{"not_picked":["Shrug It Off","Combust"],"picked":"Thunderclap","floor":18},{"not_picked":["True Grit","Inflame"],"picked":"Second Wind+1","floor":19},{"not_picked":["Dual Wield","Spot Weakness+1"],"picked":"Pommel Strike+1","floor":21},{"not_picked":["Power Through","Feel No Pain"],"picked":"Pommel Strike","floor":23},{"not_picked":["Twin Strike+1","Dropkick"],"picked":"Flame Barrier","floor":24}],"player_experience":33218,"relics_obtained":[{"floor":7,"key":"Letter Opener"},{"floor":9,"key":"War Paint"},{"floor":11,"key":"Happy Flower"},{"floor":24,"key":"Old Coin"},{"floor":24,"key":"Incense Burner"}],"event_choices":[{"event_name":"Golden Wing","player_choice":"Ignored","floor":2,"damage_taken":0},{"event_name":"Scrap Ooze","player_choice":"success","floor":4,"damage_taken":18},{"event_name":"Liars Game","player_choice":"disagreed","floor":10,"damage_taken":0},{"event_name":"Ghosts","player_choice":"Ignored","floor":22,"damage_taken":0}],"is_beta":false,"boss_relics":[{"not_picked":["Astrolabe","Snecko Eye"],"picked":"Black Star"}],"items_purged_floors":[],"is_endless":false,"potions_floor_spawned":[1,3,16,21],"killed_by":"Chosen and Byrds","ascension_level":0}