{"gold_per_floor":[361,536,611,611,625,625,266,286,286,306,10,25,125,150,150,276,276,276,31,31,31,6,6,6,6,6,6,6,6,6,6,6,6,6,6,6,6,6,6,6,6,6,6,6,6,6,6,6,6,6],"floor_reached":51,"playtime":1822,"items_purged":["Doubt"],"score":723,"play_id":"7ba1acb7-2841-4c10-afb8-afb59f03e9b0","local_time":"20190701055442","is_ascension_mode":false,"campfire_choices":[{"floor":6.0,"key":"REST"},{"data":"Storm","floor":15.0,"key":"SMITH"},{"floor":23.0,"key":"REST"},{"data":"Hello World","floor":25.0,"key":"SMITH"},{"data":"Heatsinks","floor":30.0,"key":"SMITH"},{"data":"Hologram","floor":32.0,"key":"SMITH"},{"data":"Amplify","floor":40,"key":"SMITH"},{"data":"Fusion","floor":49,"key":"SMITH"}],"neow_cost":"PERCENT_DAMAGE","seed_source_timestamp":2952938417238,"circlet_count":0,"master_deck":["Zap","Dualcast","Storm+1","Conserve Battery","Heatsinks+1","Hello World+1","Noxious Fumes+1","Capacitor","Glacier","Sadistic Nature","Accuracy","Hologram+1","Barricade","Thunderclap+1","Magnetism","Static Discharge","Corruption+1","Turbo","Bandage Up","Feel No Pain","Violence","Echo Form","Amplify+1","Self Repair","Undo","Self Repair","Ball Lightning","Fusion+1","Beam Cell","Metallicize+1","Dodge and Roll+1","Bandage Up+1","Infernal Blade+1","Backflip+1","Capacitor+1","Steam+1"],"special_seed":0,"relics":["Cracked Core","PrismaticShard","Ornamental Fan","Ectoplasm","Gremlin Horn","Pandora\u0027s Box","Vajra","Symbiotic Virus","Calipers"],"potions_floor_usage":[37,41,41,41,41,50,50,50],"damage_taken":[{"damage":7.0,"enemies":"Small Slimes","floor":1.0,"turns":4.0},{"damage":10.0,"enemies":"Jaw Worm","floor":5.0,"turns":4.0},{"damage":0.0,"enemies":"Cultist","floor":8.0,"turns":4.0},{"damage":5.0,"enemies":"Looter","floor":10.0,"turns":3.0},{"damage":0.0,"enemies":"2 Fungi Beasts","floor":12.0,"turns":4.0},{"damage":0.0,"enemies":"Exordium Thugs","floor":14.0,"turns":6.0},{"damage":28.0,"enemies":"Slime Boss","floor":16.0,"turns":8.0},{"damage":11.0,"enemies":"Spheric Guardian","floor":18.0,"turns":4.0},{"damage":11.0,"enemies":"Shell Parasite","floor":20.0,"turns":4.0},{"damage":19.0,"enemies":"Shelled Parasite and Fungi","floor":21.0,"turns":5.0},{"damage":0.0,"enemies":"Snecko","floor":28.0,"turns":3.0},{"damage":7.0,"enemies":"Centurion and Healer","floor":29.0,"turns":6.0},{"damage":5.0,"enemies":"Chosen and Byrds","floor":31.0,"turns":4.0},{"damage":1.0,"enemies":"Collector","floor":33.0,"turns":8.0},{"damage":20,"enemies":"3 Darklings","floor":35,"turns":3},{"damage":15,"enemies":"Orb Walker","floor":36,"turns":3},{"damage":11,"enemies":"Transient","floor":37,"turns":5},{"damage":0,"enemies":"Maw","floor":38,"turns":5},{"damage":5,"enemies":"Reptomancer","floor":41,"turns":4},{"damage":20,"enemies":"Writhing Mass","floor":45,"turns":4},{"damage":11,"enemies":"Sphere and 2 Shapes","floor":47,"turns":4},{"damage":33,"enemies":"Jaw Worm Horde","floor":48,"turns":3},{"damage":20,"enemies":"Donu and Deca","floor":50,"turns":6}],"seed_played":"66215499422269592","potions_obtained":[{"floor":8.0,"key":"Poison Potion"},{"floor":10.0,"key":"FearPotion"},{"floor":14.0,"key":"FearPotion"},{"floor":20.0,"key":"EssenceOfSteel"},{"floor":28.0,"key":"Weak Potion"},{"floor":29.0,"key":"Weak Potion"},{"floor":31.0,"key":"SteroidPotion"},{"floor":35,"key":"Block Potion"},{"floor":36,"key":"LiquidBronze"},{"floor":37,"key":"EntropicBrew"},{"floor":48,"key":"Swift Potion"}],"is_trial":false,"path_per_floor":["M","?","?","?","M","R","$","M","T","M","$","M","?","M","R","B",null,"M","$","M","M","$","R","?","R","T","?","M","M","R","M","R","B",null,"M","M","M","M","$","R","E","?","T","?","M","?","M","M","R","B",null],"character_chosen":"DEFECT","items_purchased":["Heatsinks","PrismaticShard","Capacitor","Glacier","Sadistic Nature","Magnetism","Static Discharge","Turbo"],"campfire_rested":2,"item_purchase_floors":[7,7,11,11,11,19,19,22],"current_hp_per_floor":[47,47,36,36,26,46,46,46,46,41,41,41,41,41,41,13,69,58,58,47,28,28,48,48,48,48,69,69,62,62,61,61,64,69,67,68,69,69,69,69,69,69,69,69,69,69,69,56,56,69],"gold":6,"neow_bonus":"TWO_FIFTY_GOLD","is_prod":false,"is_daily":false,"chose_seed":false,"campfire_upgraded":6,"win_rate":0,"timestamp":1561982082,"path_taken":["M","?","?","?","M","R","$","M","T","?","$","M","?","M","R","BOSS","M","?","M","M","$","R","?","R","T","?","M","M","R","M","R","BOSS","M","M","M","M","$","R","E","?","T","?","?","?","?","M","R","BOSS"],"build_version":"2019-01-23","purchased_purges":1,"victory":true,"max_hp_per_floor":[75,75,75,69,69,69,69,69,69,69,69,69,69,69,69,69,69,69,69,69,69,69,69,69,69,69,69,69,69,69,69,69,69,69,69,69,69,69,69,69,69,69,69,69,69,69,69,69,69,69],"card_choices":[{"not_picked":["Streamline","Go for the Eyes"],"picked":"Storm","floor":1.0},{"not_picked":["Rebound","Leap"],"picked":"Conserve Battery","floor":5.0},{"not_picked":["Riddle With Holes","Headbutt"],"picked":"Hello World","floor":8.0},{"not_picked":["Second Wind","Go for the Eyes"],"picked":"Noxious Fumes","floor":10.0},{"not_picked":["Stack","Flying Knee"],"picked":"Accuracy","floor":12.0},{"not_picked":["Heavy Blade","Undo"],"picked":"Hologram","floor":14.0},{"not_picked":["Metamorphosis","Exhume"],"picked":"Barricade","floor":16.0},{"not_picked":["Deadly Poison","Sword Boomerang+1"],"picked":"Thunderclap+1","floor":18.0},{"not_picked":["Body Slam","Redo+1","Underhanded Strike"],"picked":"SKIP","floor":20.0},{"not_picked":["Flex","Iron Wave"],"picked":"Corruption+1","floor":21.0},{"not_picked":["Blade Dance","Blizzard"],"picked":"Bandage Up","floor":28.0},{"not_picked":["Sucker Punch+1","Blood for Blood"],"picked":"Feel No Pain","floor":29.0},{"not_picked":["Predator","Anger"],"picked":"Doppelganger","floor":31.0},{"not_picked":["Thunder Strike","Offering"],"picked":"Violence","floor":33.0},{"not_picked":["Sucker Punch+1","Carnage","Recycle"],"picked":"SKIP","floor":35},{"not_picked":["Accuracy+1","Combust+1"],"picked":"Metallicize+1","floor":36},{"not_picked":["Hologram","Concentrate"],"picked":"Dodge and Roll+1","floor":37},{"not_picked":["Cloak And Dagger+1","Flechettes"],"picked":"Bandage Up+1","floor":38},{"not_picked":["Panacea+1","Deflect+1"],"picked":"Infernal Blade+1","floor":41},{"not_picked":["Compile Driver","Leap+1"],"picked":"Backflip+1","floor":45},{"not_picked":["Skewer","Barrage"],"picked":"Capacitor+1","floor":47},{"not_picked":["Twin Strike+1","Lockon+1"],"picked":"Steam+1","floor":48}],"player_experience":1526212,"relics_obtained":[{"floor":9.0,"key":"Ornamental Fan"},{"floor":26.0,"key":"Gremlin Horn"},{"floor":41,"key":"Vajra"},{"floor":43,"key":"Symbiotic Virus"}],"event_choices":[{"damage_healed":0.0,"max_hp_gain":0.0,"max_hp_loss":0.0,"gold_gain":175.0,"event_name":"Liars Game","player_choice":"AGREE","floor":2.0,"gold_loss":0.0,"damage_taken":0.0,"cards_obtained":["Doubt"]},{"damage_healed":0.0,"max_hp_gain":0.0,"max_hp_loss":0.0,"gold_gain":75.0,"event_name":"World of Goop","player_choice":"Gather Gold","floor":3.0,"gold_loss":0.0,"damage_taken":11.0},{"damage_healed":0.0,"max_hp_gain":0.0,"max_hp_loss":6.0,"gold_gain":0.0,"event_name":"Golden Idol","player_choice":"Lose Max HP","floor":4.0,"gold_loss":0.0,"damage_taken":0.0,"relics_obtained":["Golden Idol"]},{"damage_healed":0.0,"max_hp_gain":0.0,"max_hp_loss":0.0,"gold_gain":100.0,"event_name":"Golden Shrine","player_choice":"Pray","floor":13.0,"gold_loss":0.0,"damage_taken":0.0},{"damage_healed":0.0,"max_hp_gain":0.0,"max_hp_loss":0.0,"gold_gain":0.0,"event_name":"Vampires","player_choice":"Ignored","floor":24.0,"gold_loss":0.0,"damage_taken":0.0},{"damage_healed":21.0,"max_hp_gain":0.0,"max_hp_loss":0.0,"gold_gain":0.0,"event_name":"Wheel of Change","player_choice":"Full Heal","floor":27.0,"gold_loss":0.0,"damage_taken":0.0},{"damage_healed":0,"gold_gain":333,"player_choice":"Gave Idol","damage_taken":0,"max_hp_gain":0,"max_hp_loss":0,"event_name":"The Moai Head","floor":42,"relics_lost":["Golden Idol"],"gold_loss":0},{"cards_removed":["Doppelganger"],"damage_healed":0,"gold_gain":0,"player_choice":"Gave Card","damage_taken":0,"relics_obtained":["Calipers"],"max_hp_gain":0,"max_hp_loss":0,"event_name":"WeMeetAgain","floor":44,"gold_loss":0},{"damage_healed":0,"gold_gain":0,"player_choice":"Upgraded","damage_taken":0,"max_hp_gain":0,"max_hp_loss":0,"event_name":"Upgrade Shrine","floor":46,"gold_loss":0,"cards_upgraded":["Noxious Fumes"]}],"is_beta":false,"boss_relics":[{"not_picked":["Eternal Feather","White Beast Statue"],"picked":"Ectoplasm"},{"not_picked":["Astrolabe","FrozenCore"],"picked":"Pandora\u0027s Box"}],"items_purged_floors":[7],"is_endless":false,"potions_floor_spawned":[8,10,14,20,28,29,31,35,36,37,48],"ascension_level":0}