{"gold_per_floor":[117,127,142,157,157,184,184,198,223,223,257,257,116,128,128,224,224,207,207,89,108,108,108,9,9],"floor_reached":25,"playtime":3813,"items_purged":["Strike_R","Defend_R","Defend_R"],"score":222,"play_id":"f51526d3-bf17-4580-a1a2-d004ce05f6ab","local_time":"20190626121253","is_ascension_mode":true,"campfire_choices":[{"data":"True Grit","floor":7,"key":"SMITH"},{"data":"Armaments","floor":10,"key":"SMITH"},{"floor":15,"key":"REST"},{"data":"Sentinel","floor":23,"key":"SMITH"}],"neow_cost":"NONE","seed_source_timestamp":64563559772009,"circlet_count":0,"master_deck":["Strike_R","Strike_R+1","Strike_R+1","Strike_R","Defend_R","Bash","Armaments+1","Sentinel+1","Rage","True Grit+1","Shrug It Off","Headbutt","Pommel Strike","Rampage","Impervious","Flex","Rampage","Sentinel"],"relics":["Burning Blood","Whetstone","Smiling Mask","Potion Belt","Eternal Feather"],"potions_floor_usage":[4,6,6,25,25,25],"damage_taken":[{"damage":5,"enemies":"Jaw Worm","floor":1,"turns":5},{"damage":0,"enemies":"Small Slimes","floor":2,"turns":4},{"damage":2,"enemies":"2 Louse","floor":3,"turns":3},{"damage":6,"enemies":"Lots of Slimes","floor":4,"turns":3},{"damage":55,"enemies":"Gremlin Nob","floor":6,"turns":7},{"damage":0,"enemies":"Exordium Wildlife","floor":8,"turns":4},{"damage":18,"enemies":"3 Sentries","floor":11,"turns":11},{"damage":2,"enemies":"Looter","floor":14,"turns":3},{"damage":60,"enemies":"Hexaghost","floor":16,"turns":15},{"damage":24,"enemies":"2 Thieves","floor":18,"turns":4},{"damage":6,"enemies":"Spheric Guardian","floor":21,"turns":4},{"damage":86,"enemies":"Gremlin Leader","floor":25,"turns":9}],"seed_played":"-8994911789196410787","potions_obtained":[{"floor":1,"key":"Swift Potion"},{"floor":2,"key":"Explosive Potion"},{"floor":4,"key":"EssenceOfSteel"},{"floor":18,"key":"Energy Potion"}],"is_trial":false,"path_per_floor":["M","M","M","M","?","E","R","M","T","R","E","?","$","M","R","B",null,"M","?","$","M","?","R","$","E"],"character_chosen":"IRONCLAD","items_purchased":["Rampage","SteroidPotion","Rampage","Strength Potion"],"campfire_rested":1,"item_purchase_floors":[13,13,20,24],"current_hp_per_floor":[88,88,88,88,93,44,44,50,50,50,38,31,31,35,62,8,93,75,75,75,75,75,84,84,0],"gold":9,"neow_bonus":"TEN_PERCENT_HP_BONUS","is_prod":false,"is_daily":false,"chose_seed":false,"campfire_upgraded":3,"win_rate":0,"timestamp":1561569173,"path_taken":["M","M","M","M","?","E","R","M","T","R","E","?","$","M","R","BOSS","M","?","$","M","?","R","$","E"],"build_version":"2019-01-23","purchased_purges":3,"victory":false,"max_hp_per_floor":[88,88,88,88,93,93,93,93,93,93,93,93,93,93,93,93,93,93,93,93,93,93,93,93,93],"card_choices":[{"not_picked":["Combust","Heavy Blade"],"picked":"Armaments","floor":1},{"not_picked":["Whirlwind","Bloodletting"],"picked":"Sentinel","floor":2},{"not_picked":["Clash","Perfected Strike"],"picked":"Rage","floor":3},{"not_picked":["Evolve","Flex"],"picked":"True Grit","floor":4},{"not_picked":["Combust","Pommel Strike"],"picked":"Shrug It Off","floor":6},{"not_picked":["Warcry","Rage"],"picked":"Headbutt","floor":8},{"not_picked":["Heavy Blade","True Grit"],"picked":"Pommel Strike","floor":11},{"not_picked":["Warcry","Hemokinesis","Dual Wield"],"picked":"SKIP","floor":14},{"not_picked":["Brutality","Juggernaut"],"picked":"Impervious","floor":16},{"not_picked":["Pommel Strike","Seeing Red"],"picked":"Flex","floor":18},{"not_picked":["Searing Blow","Shockwave","Flex"],"picked":"SKIP","floor":21}],"player_experience":144733,"relics_obtained":[{"floor":6,"key":"Whetstone"},{"floor":9,"key":"Smiling Mask"},{"floor":11,"key":"Potion Belt"}],"event_choices":[{"damage_healed":0,"gold_gain":0,"player_choice":"Donut","damage_taken":0,"max_hp_gain":5,"max_hp_loss":0,"event_name":"Big Fish","floor":5,"gold_loss":0},{"cards_removed":["Defend_R"],"damage_healed":0,"gold_gain":0,"player_choice":"Card Removal","damage_taken":7,"max_hp_gain":0,"max_hp_loss":0,"event_name":"Golden Wing","floor":12,"gold_loss":0},{"damage_healed":0,"gold_gain":0,"player_choice":"Ignored","damage_taken":0,"max_hp_gain":0,"max_hp_loss":0,"event_name":"Ghosts","floor":19,"gold_loss":0},{"damage_healed":0,"gold_gain":0,"player_choice":"Read","damage_taken":0,"max_hp_gain":0,"max_hp_loss":0,"event_name":"The Library","floor":22,"gold_loss":0,"cards_obtained":["Sentinel"]}],"is_beta":false,"boss_relics":[{"not_picked":["Ectoplasm","Velvet Choker"],"picked":"Eternal Feather"}],"items_purged_floors":[13,20,24],"is_endless":false,"potions_floor_spawned":[1,2,4,18],"killed_by":"Gremlin Leader","ascension_level":1}