{"gold_per_floor":[118,118,118,128,148,148,167,179,203,236,246,246,246,258,258,357,657,639,194,194,231,95,95,122,122,148,162,162,176,195,211,211,307,307,322,338,338,338,348,348,373,373,446,463,463],"floor_reached":45,"playtime":3920,"items_purged":["Decay","Parasite"],"score":494,"play_id":"3b4e5688-1fa7-4a27-bd66-f198bb8b5f9e","local_time":"20190427100824","is_ascension_mode":false,"campfire_choices":[{"data":"Self Repair","floor":6.0,"key":"SMITH"},{"floor":13.0,"key":"RECALL"},{"data":"Sweeping Beam","floor":15,"key":"SMITH"},{"data":"Storm","floor":23,"key":"SMITH"},{"data":"Zap","floor":28,"key":"SMITH"},{"data":"Loop","floor":32,"key":"SMITH"},{"floor":40,"key":"REST"},{"data":"The Bomb","floor":42,"key":"SMITH"}],"neow_cost":"NONE","seed_source_timestamp":0,"circlet_count":0,"master_deck":["Strike_B","Strike_B","Strike_B","Strike_B","Defend_B","Defend_B","Defend_B","Defend_B","Zap+1","Dualcast+1","Melter","Cold Snap","Self Repair+1","Conserve Battery","Stack","Turbo","Sweeping Beam+1","Coolheaded","Creative AI","Melter","HandOfGreed","Ball Lightning","Storm+1","Loop+1","Darkness+1","Ball Lightning+1","Loop","Ball Lightning+1","All For One","Rip and Tear+1","The Bomb+1","Aggregate","Go for the Eyes+1","Electrodynamics"],"special_seed":0,"relics":["Cracked Core","Orichalcum","NlothsMask","DataDisk","Emotion Chip","Calling Bell","Pen Nib","Meat on the Bone","Old Coin","ClockworkSouvenir","Nilry\u0027s Codex","Strawberry","Nuclear Battery","Anchor","Symbiotic Virus"],"potions_floor_usage":[18,21,21,24,29,39,44,45],"damage_taken":[{"damage":1.0,"enemies":"2 Louse","floor":1.0,"turns":2.0},{"damage":0.0,"enemies":"Small Slimes","floor":4.0,"turns":2.0},{"damage":0.0,"enemies":"Cultist","floor":5.0,"turns":2.0},{"damage":10.0,"enemies":"Exordium Wildlife","floor":7.0,"turns":5.0},{"damage":6.0,"enemies":"2 Fungi Beasts","floor":8.0,"turns":4.0},{"damage":14.0,"enemies":"Gremlin Nob","floor":10.0,"turns":5.0},{"damage":2.0,"enemies":"Blue Slaver","floor":11.0,"turns":3.0},{"damage":3.0,"enemies":"Red Slaver","floor":14.0,"turns":3.0},{"damage":41,"enemies":"The Guardian","floor":16,"turns":14},{"damage":8,"enemies":"2 Thieves","floor":18,"turns":4},{"damage":10,"enemies":"3 Byrds","floor":21,"turns":4},{"damage":16,"enemies":"Book of Stabbing","floor":24,"turns":6},{"damage":28,"enemies":"Shelled Parasite and Fungi","floor":27,"turns":6},{"damage":13,"enemies":"Snake Plant","floor":29,"turns":3},{"damage":0,"enemies":"Snecko","floor":30,"turns":5},{"damage":11,"enemies":"Chosen and Byrds","floor":31,"turns":5},{"damage":82,"enemies":"Champ","floor":33,"turns":9},{"damage":28,"enemies":"3 Darklings","floor":35,"turns":4},{"damage":4,"enemies":"Orb Walker","floor":36,"turns":2},{"damage":19,"enemies":"Sphere and 2 Shapes","floor":39,"turns":3},{"damage":26,"enemies":"Reptomancer","floor":41,"turns":6},{"damage":27,"enemies":"Maw","floor":44,"turns":5},{"damage":64,"enemies":"Giant Head","floor":45,"turns":9}],"seed_played":"-8061824604982292393","potions_obtained":[{"floor":1.0,"key":"Poison Potion"},{"floor":5.0,"key":"Energy Potion"},{"floor":8.0,"key":"SneckoOil"},{"floor":11.0,"key":"EssenceOfSteel"},{"floor":16,"key":"Poison Potion"},{"floor":21,"key":"Fire Potion"},{"floor":27,"key":"SkillPotion"},{"floor":29,"key":"FairyPotion"},{"floor":33,"key":"Explosive Potion"},{"floor":41,"key":"Poison Potion"},{"floor":44,"key":"FocusPotion"}],"is_trial":false,"path_per_floor":["M","?","?","M","M","R","M","M","T","E","M","T","R","M","R","B",null,"M","$","?","M","$","R","E","?","T","M","R","M","M","M","R","B",null,"M","M","?","?","M","R","E","R","T","M","E"],"character_chosen":"DEFECT","items_purchased":["HandOfGreed","ClockworkSouvenir","Storm"],"campfire_rested":1,"item_purchase_floors":[19,19,22],"current_hp_per_floor":[74,74,74,74,74,74,74,75,75,71,75,75,75,75,75,44,75,75,75,59,59,59,59,60,60,60,54,54,51,61,60,60,29,76,48,54,54,47,40,62,58,58,58,43,0],"gold":463,"neow_bonus":"RANDOM_COMMON_RELIC","is_prod":false,"is_daily":false,"chose_seed":false,"campfire_upgraded":6,"win_rate":0,"timestamp":1556374104,"path_taken":["M","?","?","M","?","R","M","M","T","E","M","?","R","M","R","BOSS","M","$","?","M","$","R","E","?","T","?","R","M","M","M","R","BOSS","M","M","?","?","?","R","E","R","T","M","E"],"build_version":"2019-01-23","purchased_purges":2,"victory":false,"max_hp_per_floor":[75,75,75,75,75,75,75,75,75,75,75,75,75,75,75,75,75,75,75,75,75,72,72,79,76,76,76,76,76,76,76,76,76,76,76,76,76,76,76,76,76,76,76,76,76],"card_choices":[{"not_picked":["Streamline","Redo"],"picked":"Melter","floor":1.0},{"not_picked":["Lockon","Gash"],"picked":"Cold Snap","floor":4.0},{"not_picked":["Steam","Coolheaded"],"picked":"Self Repair","floor":5.0},{"not_picked":["Undo","BootSequence"],"picked":"Conserve Battery","floor":7.0},{"not_picked":["Steam Power","Rip and Tear"],"picked":"Stack","floor":8.0},{"not_picked":["Beam Cell","Auto Shields"],"picked":"Turbo","floor":10.0},{"not_picked":["Heatsinks","Conserve Battery"],"picked":"Sweeping Beam","floor":11.0},{"not_picked":["Beam Cell","Melter"],"picked":"Coolheaded","floor":14.0},{"not_picked":["Fission","Machine Learning"],"picked":"Creative AI","floor":16},{"not_picked":["Stack","Sweeping Beam"],"picked":"Melter","floor":18},{"not_picked":["Turbo","Rebound+1"],"picked":"Ball Lightning","floor":21},{"not_picked":["Sweeping Beam","Leap"],"picked":"Loop","floor":24},{"not_picked":["Steam","Glacier+1"],"picked":"Darkness+1","floor":27},{"not_picked":["Gash+1","Hello World"],"picked":"Ball Lightning+1","floor":29},{"not_picked":["Rebound","Steam"],"picked":"Loop","floor":30},{"not_picked":["Stack","Rip and Tear"],"picked":"Ball Lightning+1","floor":31},{"not_picked":["Amplify","Meteor Strike"],"picked":"All For One","floor":33},{"not_picked":["Coolheaded+1","Conserve Battery","Sweeping Beam"],"picked":"SKIP","floor":35},{"not_picked":["Turbo","Conserve Battery"],"picked":"Rip and Tear+1","floor":36},{"not_picked":["Dark Shackles","Flash of Steel"],"picked":"The Bomb","floor":37},{"not_picked":["Ball Lightning+1","Sweeping Beam"],"picked":"Aggregate","floor":39},{"not_picked":["Rebound+1","Recycle+1"],"picked":"Go for the Eyes+1","floor":41},{"not_picked":["Hologram","Lockon"],"picked":"Electrodynamics","floor":44}],"player_experience":288654,"relics_obtained":[{"floor":10.0,"key":"DataDisk"},{"floor":12.0,"key":"Emotion Chip"},{"floor":17,"key":"Pen Nib"},{"floor":17,"key":"Meat on the Bone"},{"floor":17,"key":"Old Coin"},{"floor":20,"key":"Nilry\u0027s Codex"},{"floor":24,"key":"Strawberry"},{"floor":41,"key":"Anchor"},{"floor":43,"key":"Symbiotic Virus"}],"event_choices":[{"damage_healed":0.0,"max_hp_gain":0.0,"max_hp_loss":0.0,"gold_gain":0.0,"event_name":"Living Wall","player_choice":"Grow","floor":2.0,"gold_loss":0.0,"damage_taken":0.0,"cards_upgraded":["Dualcast"]},{"damage_healed":0.0,"max_hp_gain":0.0,"max_hp_loss":0.0,"gold_gain":0.0,"event_name":"FaceTrader","player_choice":"Trade","floor":3.0,"gold_loss":0.0,"damage_taken":0.0,"relics_obtained":["NlothsMask"]},{"damage_healed":0,"gold_gain":0,"player_choice":"Obtained Book","damage_taken":16,"max_hp_gain":0,"max_hp_loss":0,"event_name":"Cursed Tome","floor":20,"gold_loss":0},{"cards_removed":["Parasite"],"damage_healed":0,"gold_gain":0,"player_choice":"Card Removal","damage_taken":0,"max_hp_gain":0,"max_hp_loss":0,"event_name":"Wheel of Change","floor":25,"gold_loss":0},{"damage_healed":0,"gold_gain":0,"player_choice":"Memory 1","damage_taken":0,"max_hp_gain":0,"max_hp_loss":0,"event_name":"SensoryStone","floor":37,"gold_loss":0},{"damage_healed":0,"gold_gain":0,"player_choice":"Damaged","damage_taken":7,"max_hp_gain":0,"max_hp_loss":0,"event_name":"Wheel of Change","floor":38,"gold_loss":0}],"is_beta":false,"boss_relics":[{"not_picked":["Lizard Tail","Tiny House"],"picked":"Calling Bell"},{"not_picked":["Runic Pyramid","Pandora\u0027s Box"],"picked":"Nuclear Battery"}],"items_purged_floors":[19,22],"is_endless":false,"potions_floor_spawned":[1,5,8,11,16,21,27,29,33,41,44],"killed_by":"Giant Head","ascension_level":0}