{"gold_per_floor":[214,227,227,239,259,284,284,284,284,296,309,484,444,459,459,459],"floor_reached":16,"playtime":1024,"items_purged":[],"score":166,"play_id":"d26b3927-06ef-4203-826c-07762a873bc7","local_time":"20190109235941","is_ascension_mode":true,"campfire_choices":[{"data":"Cloak And Dagger","floor":8,"key":"SMITH"},{"data":"Predator","floor":15,"key":"SMITH"}],"neow_cost":"NONE","seed_source_timestamp":12790735245852,"circlet_count":0,"master_deck":["AscendersBane","Defend_G","Defend_G","Defend_G","Defend_G","Defend_G","Strike_G","Strike_G","Strike_G","Strike_G","Strike_G","Survivor","Neutralize","Predator+1","PiercingWail","Doppelganger","Infinite Blades","Cloak And Dagger+1","Outmaneuver","Bullet Time","Doubt","Terror"],"special_seed":0,"relics":["Ring of the Snake","Meat on the Bone","Bottled Lightning"],"potions_floor_usage":[16,16,16,16],"damage_taken":[{"damage":1.0,"enemies":"Cultist","floor":1.0,"turns":5.0},{"damage":0.0,"enemies":"Jaw Worm","floor":2.0,"turns":5.0},{"damage":0.0,"enemies":"Small Slimes","floor":4.0,"turns":3.0},{"damage":8.0,"enemies":"Red Slaver","floor":5.0,"turns":8.0},{"damage":20.0,"enemies":"Lagavulin","floor":6.0,"turns":10.0},{"damage":11,"enemies":"Looter","floor":10,"turns":3},{"damage":25,"enemies":"Gremlin Gang","floor":11,"turns":6},{"damage":0,"enemies":"3 Louse","floor":14,"turns":3},{"damage":40,"enemies":"Slime Boss","floor":16,"turns":11}],"seed_played":"3948870481646146642","potions_obtained":[{"floor":1.0,"key":"EssenceOfSteel"},{"floor":4.0,"key":"Explosive Potion"},{"floor":13,"key":"EntropicBrew"},{"floor":13,"key":"AttackPotion"}],"is_trial":false,"path_per_floor":["M","M","?","M","M","E","?","R","T","M","M","?","?","M","R","B"],"character_chosen":"THE_SILENT","items_purchased":[],"campfire_rested":0,"item_purchase_floors":[],"current_hp_per_floor":[62,62,67,67,59,39,39,39,39,40,27,27,27,39,39,0],"gold":459,"neow_bonus":"HUNDRED_GOLD","is_prod":false,"is_daily":false,"chose_seed":false,"campfire_upgraded":2,"win_rate":0,"timestamp":1547096381,"path_taken":["M","M","?","M","M","E","?","R","T","M","M","?","?","?","R","BOSS"],"build_version":"2019-01-08","purchased_purges":0,"victory":false,"max_hp_per_floor":[70,70,75,75,75,75,75,75,75,75,75,75,75,75,75,75],"card_choices":[{"not_picked":["Tactician","Deadly Poison"],"picked":"Predator","floor":1.0},{"not_picked":["Choke","Sucker Punch"],"picked":"PiercingWail","floor":2.0},{"not_picked":["Deadly Poison","Slice"],"picked":"Doppelganger","floor":4.0},{"not_picked":["Sucker Punch","Underhanded Strike"],"picked":"Infinite Blades","floor":5.0},{"not_picked":["Underhanded Strike","Setup"],"picked":"Cloak And Dagger","floor":6.0},{"not_picked":["Heel Hook","Bane"],"picked":"Outmaneuver","floor":10},{"not_picked":["Deadly Poison","Distraction"],"picked":"Bullet Time","floor":11},{"not_picked":["Dodge and Roll","Slice"],"picked":"Terror","floor":14}],"player_experience":774200,"relics_obtained":[{"floor":6.0,"key":"Meat on the Bone"},{"floor":9,"key":"Bottled Lightning"}],"event_choices":[{"damage_healed":0.0,"max_hp_gain":5.0,"max_hp_loss":0.0,"gold_gain":0.0,"event_name":"Big Fish","player_choice":"Donut","floor":3.0,"gold_loss":0.0,"damage_taken":0.0},{"damage_healed":0,"gold_gain":0,"player_choice":"Searched \u00270\u0027 times","damage_taken":0,"max_hp_gain":0,"max_hp_loss":0,"event_name":"Dead Adventurer","floor":7,"gold_loss":0},{"damage_healed":0,"gold_gain":175,"player_choice":"AGREE","damage_taken":0,"max_hp_gain":0,"max_hp_loss":0,"event_name":"Liars Game","floor":12,"gold_loss":0,"cards_obtained":["Doubt"]},{"damage_healed":0,"gold_gain":0,"player_choice":"Bought 3 Potions","damage_taken":0,"max_hp_gain":0,"max_hp_loss":0,"event_name":"The Woman in Blue","floor":13,"gold_loss":0}],"is_beta":true,"boss_relics":[],"items_purged_floors":[],"is_endless":false,"potions_floor_spawned":[1,4,14],"killed_by":"Slime Boss","ascension_level":12}