{"gold_per_floor":[115,134,153,167,42,42,68,68,95,108,128,128,128,147,147,249,249,259,272,53,53,71,71,71,104,104,54,66,15,15],"floor_reached":30,"playtime":2005,"items_purged":["Strike_B","Strike_B","Decay"],"score":277,"play_id":"440a9137-20be-4391-a65e-f8ec3847f389","local_time":"20190719152429","is_ascension_mode":true,"campfire_choices":[{"data":"Conserve Battery","floor":6,"key":"SMITH"},{"data":"Electrodynamics","floor":8,"key":"SMITH"},{"data":"Conserve Battery","floor":12,"key":"SMITH"},{"data":"Zap","floor":15,"key":"SMITH"},{"data":"Madness","floor":23,"key":"SMITH"}],"neow_cost":"NONE","seed_source_timestamp":653375126580200,"circlet_count":0,"master_deck":["Defend_B","Defend_B","Defend_B","Zap+1","Dualcast","Steam","BootSequence","Conserve Battery+1","Gash","Electrodynamics+1","Conserve Battery+1","Creative AI","Melter","Madness+1","Conserve Battery+1","Loop","Skim","Leap"],"relics":["Cracked Core","Centennial Puzzle","Smiling Mask","Eternal Feather","Juzu Bracelet","Matryoshka"],"potions_floor_usage":[7,16,18,19,25],"damage_taken":[{"damage":0,"enemies":"Cultist","floor":1,"turns":3},{"damage":0,"enemies":"2 Louse","floor":2,"turns":3},{"damage":0,"enemies":"Jaw Worm","floor":3,"turns":3},{"damage":2,"enemies":"Large Slime","floor":4,"turns":7},{"damage":14,"enemies":"Lagavulin","floor":7,"turns":9},{"damage":0,"enemies":"Exordium Wildlife","floor":10,"turns":2},{"damage":0,"enemies":"Red Slaver","floor":11,"turns":3},{"damage":0,"enemies":"Large Slime","floor":14,"turns":4},{"damage":9,"enemies":"Slime Boss","floor":16,"turns":10},{"damage":17,"enemies":"Shell Parasite","floor":18,"turns":5},{"damage":8,"enemies":"Chosen","floor":19,"turns":6},{"damage":11,"enemies":"Snake Plant","floor":22,"turns":5},{"damage":24,"enemies":"Slavers","floor":25,"turns":4},{"damage":15,"enemies":"Centurion and Healer","floor":28,"turns":7},{"damage":0,"enemies":"Cultist and Chosen","floor":30,"turns":4}],"seed_played":"7158153109162826825","potions_obtained":[{"floor":1,"key":"EssenceOfSteel"},{"floor":2,"key":"SpeedPotion"},{"floor":10,"key":"Dexterity Potion"},{"floor":11,"key":"SkillPotion"},{"floor":22,"key":"SkillPotion"},{"floor":28,"key":"LiquidBronze"}],"is_trial":false,"path_per_floor":["M","M","M","M","$","R","E","R","T","M","M","R","?","M","R","B",null,"M","M","$","?","M","R","?","E","T","$","M","$","M"],"character_chosen":"DEFECT","items_purchased":["Gash","Melter","Madness","Leap"],"campfire_rested":0,"item_purchase_floors":[5,20,20,29],"current_hp_per_floor":[75,75,75,73,73,73,59,59,59,59,59,59,52,52,52,43,75,58,50,50,50,39,48,48,24,24,24,9,9,9],"gold":15,"neow_bonus":"TRANSFORM_CARD","is_prod":false,"is_daily":false,"chose_seed":false,"campfire_upgraded":5,"win_rate":0,"timestamp":1563564269,"path_taken":["M","M","M","M","$","R","E","R","T","M","?","R","?","M","R","BOSS","M","M","$","?","M","R","?","E","T","$","M","?","M"],"build_version":"2019-07-17","purchased_purges":3,"victory":false,"max_hp_per_floor":[75,75,75,75,75,75,75,75,75,75,75,75,75,75,75,75,75,75,75,75,75,75,75,75,75,75,75,75,75,75],"card_choices":[{"not_picked":["Compile Driver","Rebound"],"picked":"BootSequence","floor":1},{"not_picked":["Ball Lightning","Redo","Barrage"],"picked":"SKIP","floor":2},{"not_picked":["Compile Driver","Go for the Eyes","Stack"],"picked":"SKIP","floor":3},{"not_picked":["Machine Learning","Rebound"],"picked":"Conserve Battery","floor":4},{"not_picked":["Steam","Steam Power"],"picked":"Electrodynamics","floor":7},{"not_picked":["Compile Driver","Turbo","Loop"],"picked":"SKIP","floor":10},{"not_picked":["Streamline","Static Discharge"],"picked":"Conserve Battery","floor":11},{"not_picked":["Heatsinks","Streamline","Go for the Eyes"],"picked":"SKIP","floor":14},{"not_picked":["Multi-Cast","Buffer"],"picked":"Creative AI","floor":16},{"not_picked":["Barrage","Streamline","Conserve Battery"],"picked":"SKIP","floor":18},{"not_picked":["Cold Snap","Steam","Stack+1"],"picked":"SKIP","floor":19},{"not_picked":["Static Discharge","Sweeping Beam"],"picked":"Conserve Battery+1","floor":22},{"not_picked":["Conserve Battery","Hologram"],"picked":"Loop","floor":25},{"not_picked":["Barrage","Heatsinks"],"picked":"Skim","floor":28}],"player_experience":754542,"relics_obtained":[{"floor":7,"key":"Centennial Puzzle"},{"floor":9,"key":"Smiling Mask"},{"floor":25,"key":"Juzu Bracelet"},{"floor":26,"key":"Matryoshka"}],"event_choices":[{"cards_removed":["Defend_B"],"damage_healed":0,"gold_gain":0,"player_choice":"Card Removal","damage_taken":7,"max_hp_gain":0,"max_hp_loss":0,"event_name":"Golden Wing","floor":13,"gold_loss":0},{"cards_removed":["Strike_B"],"damage_healed":0,"gold_gain":0,"player_choice":"Elegance","damage_taken":0,"max_hp_gain":0,"max_hp_loss":0,"event_name":"Back to Basics","floor":21,"gold_loss":0},{"damage_healed":0,"gold_gain":0,"player_choice":"Smashed Altar","damage_taken":0,"max_hp_gain":0,"max_hp_loss":0,"event_name":"Forgotten Altar","floor":24,"gold_loss":0,"cards_obtained":["Decay"]}],"is_beta":false,"boss_relics":[{"not_picked":["Lizard Tail","Orrery"],"picked":"Eternal Feather"}],"items_purged_floors":[5,20,27],"is_endless":false,"potions_floor_spawned":[1,2,10,11,22,28],"killed_by":"Cultist and Chosen","ascension_level":2}