{"gold_per_floor":[369,369,388,399,399,399,423,423,423,423,8,31,52,70,70,70],"floor_reached":16,"playtime":586,"items_purged":["Strike_B"],"score":179,"play_id":"fe0ca71b-2bf1-4363-8b92-7eb34b7d5046","local_time":"20190212211820","is_ascension_mode":true,"campfire_choices":[{"data":"Zap","floor":6.0,"key":"SMITH"},{"data":"Coolheaded","floor":8.0,"key":"SMITH"},{"floor":15,"key":"REST"}],"neow_cost":"PERCENT_DAMAGE","seed_source_timestamp":1236765059935162,"circlet_count":0,"master_deck":["AscendersBane","Strike_B","Strike_B","Defend_B","Defend_B","Defend_B","Defend_B","Zap+1","Dualcast","FTL","Coolheaded+1","Undo","FTL","Leap","Melter","Blizzard","Cold Snap","Stack","Sweeping Beam"],"special_seed":0,"relics":["Cracked Core","Golden Idol","Regal Pillow","Bag of Preparation"],"potions_floor_usage":[12,13,16],"damage_taken":[{"damage":5.0,"enemies":"2 Louse","floor":1.0,"turns":4.0},{"damage":0.0,"enemies":"Cultist","floor":3.0,"turns":3.0},{"damage":7.0,"enemies":"Small Slimes","floor":4.0,"turns":4.0},{"damage":16.0,"enemies":"Exordium Wildlife","floor":7.0,"turns":6.0},{"damage":0,"enemies":"Gremlin Gang","floor":12,"turns":4},{"damage":5,"enemies":"Exordium Thugs","floor":13,"turns":4},{"damage":2,"enemies":"Red Slaver","floor":14,"turns":4},{"damage":47,"enemies":"Slime Boss","floor":16,"turns":9}],"seed_played":"8425465351879146416","potions_obtained":[{"floor":1.0,"key":"EssenceOfSteel"},{"floor":7.0,"key":"SkillPotion"},{"floor":13,"key":"Energy Potion"}],"is_trial":false,"path_per_floor":["M","?","M","M","?","R","M","R","T","?","$","M","M","M","R","B"],"character_chosen":"DEFECT","items_purchased":["Bag of Preparation","Leap","Melter","Blizzard"],"campfire_rested":1,"item_purchase_floors":[11,11,11,11],"current_hp_per_floor":[41,41,41,34,34,34,18,18,18,11,11,11,6,4,40,0],"gold":70,"neow_bonus":"TWO_FIFTY_GOLD","is_prod":false,"is_daily":false,"chose_seed":false,"campfire_upgraded":2,"win_rate":0,"timestamp":1550024300,"path_taken":["M","?","?","M","?","R","M","R","T","?","$","?","?","M","R","BOSS"],"build_version":"2019-02-06","purchased_purges":1,"victory":false,"max_hp_per_floor":[71,71,71,71,71,71,71,71,71,71,71,71,71,71,71,71],"card_choices":[{"not_picked":["Self Repair","Turbo"],"picked":"FTL","floor":1.0},{"not_picked":["Gash","Turbo"],"picked":"Coolheaded","floor":3.0},{"not_picked":["Skim","Cold Snap"],"picked":"Undo","floor":4.0},{"not_picked":["Skim","Stack"],"picked":"FTL","floor":7.0},{"not_picked":["Darkness","Gash"],"picked":"Cold Snap","floor":12},{"not_picked":["Steam","Sweeping Beam"],"picked":"Stack","floor":13},{"not_picked":["Streamline","Beam Cell"],"picked":"Sweeping Beam","floor":14}],"player_experience":941559,"relics_obtained":[{"floor":9.0,"key":"Regal Pillow"}],"event_choices":[{"cards_removed":["Strike_B"],"damage_healed":0.0,"max_hp_gain":0.0,"max_hp_loss":0.0,"gold_gain":0.0,"event_name":"Purifier","player_choice":"Purged","floor":2.0,"gold_loss":0.0,"damage_taken":0.0},{"damage_healed":0.0,"max_hp_gain":0.0,"max_hp_loss":0.0,"gold_gain":0.0,"event_name":"Golden Idol","player_choice":"Take Wound","floor":5.0,"gold_loss":0.0,"damage_taken":0.0,"relics_obtained":["Golden Idol"],"cards_obtained":["Injury"]},{"cards_removed":["Injury"],"damage_healed":0.0,"max_hp_gain":0.0,"max_hp_loss":0.0,"gold_gain":0.0,"event_name":"Golden Wing","player_choice":"Card Removal","floor":10.0,"gold_loss":0.0,"damage_taken":7.0}],"is_beta":true,"boss_relics":[],"items_purged_floors":[11],"is_endless":false,"potions_floor_spawned":[1,7,13],"killed_by":"Slime Boss","ascension_level":18}