{"gold_per_floor":[112,122,140,140,153,153,164,114,188,188,215,215,234,260,260,361,361,328,427,444,444,369,38,68,86,136,154,54,54,54,68,68,172,172,186,186,1185,1202,1222,1222,1242,1242,1269,1281,1281],"floor_reached":45,"playtime":3363,"items_purged":["Strike_R","Strike_R"],"score":639,"play_id":"8fdcff86-bf1e-457a-b77e-d27e66dfb3ea","local_time":"20181117095208","is_ascension_mode":true,"campfire_choices":[{"data":"Armaments","floor":6.0,"key":"SMITH"},{"data":"Metallicize","floor":10.0,"key":"SMITH"},{"data":"True Grit","floor":12.0,"key":"SMITH"},{"data":"Ghostly Armor","floor":15.0,"key":"SMITH"},{"floor":29,"key":"REST"},{"floor":32,"key":"REST"},{"data":"Barricade","floor":40,"key":"SMITH"},{"data":"Shrug It Off","floor":42,"key":"SMITH"}],"neow_cost":"NONE","seed_source_timestamp":0,"circlet_count":0,"master_deck":["Strike_R","Defend_R","Defend_R","Defend_R","Defend_R","Bash","Metallicize+1","Ghostly Armor+1","Armaments+1","Pummel","True Grit+1","Fire Breathing","Barricade+1","Shrug It Off+1","Ghostly Armor+1","Body Slam","Shrug It Off+1","Impervious+1","Shrug It Off+1","Normality","Normality","Body Slam","True Grit+1","Body Slam","True Grit+1"],"special_seed":0,"relics":["Burning Blood","Omamori","Bottled Lightning","Ice Cream","Odd Mushroom","Calling Bell","Art of War","Ornamental Fan","Du-Vu Doll","Toxic Egg 2","Strawberry","Juzu Bracelet","Mark of Pain"],"potions_floor_usage":[27,33,39,41],"damage_taken":[{"damage":1.0,"enemies":"Cultist","floor":1.0,"turns":4.0},{"damage":4.0,"enemies":"Jaw Worm","floor":2.0,"turns":5.0},{"damage":1.0,"enemies":"2 Louse","floor":3.0,"turns":4.0},{"damage":15.0,"enemies":"Large Slime","floor":5.0,"turns":10.0},{"damage":0.0,"enemies":"Blue Slaver","floor":7.0,"turns":5.0},{"damage":11.0,"enemies":"Gremlin Nob","floor":11.0,"turns":5.0},{"damage":2.0,"enemies":"Exordium Wildlife","floor":13.0,"turns":7.0},{"damage":11.0,"enemies":"The Mushroom Lair","floor":14.0,"turns":7.0},{"damage":50.0,"enemies":"Slime Boss","floor":16.0,"turns":22.0},{"damage":47.0,"enemies":"2 Thieves","floor":18.0,"turns":5.0},{"damage":1.0,"enemies":"Shell Parasite","floor":20.0,"turns":12.0},{"damage":48.0,"enemies":"Book of Stabbing","floor":24.0,"turns":9.0},{"damage":5.0,"enemies":"Shelled Parasite and Fungi","floor":25.0,"turns":27.0},{"damage":6,"enemies":"Snecko","floor":27,"turns":7},{"damage":20,"enemies":"Sentry and Sphere","floor":31,"turns":12},{"damage":0,"enemies":"Champ","floor":33,"turns":13},{"damage":6,"enemies":"Orb Walker","floor":35,"turns":7},{"damage":19,"enemies":"3 Darklings","floor":38,"turns":18},{"damage":17,"enemies":"Transient","floor":39,"turns":5},{"damage":13,"enemies":"Sphere and 2 Shapes","floor":41,"turns":7},{"damage":17,"enemies":"Jaw Worm Horde","floor":44,"turns":8},{"damage":66,"enemies":"Giant Head","floor":45,"turns":11}],"seed_played":"6716811049845063337","potions_obtained":[{"floor":1.0,"key":"Weak Potion"},{"floor":5.0,"key":"Dexterity Potion"},{"floor":7.0,"key":"Swift Potion"},{"floor":11.0,"key":"Fruit Juice"},{"floor":13.0,"key":"PowerPotion"},{"floor":18.0,"key":"PowerPotion"},{"floor":25.0,"key":"AttackPotion"},{"floor":27,"key":"PowerPotion"},{"floor":33,"key":"AttackPotion"},{"floor":35,"key":"Weak Potion"},{"floor":39,"key":"Energy Potion"},{"floor":44,"key":"SneckoOil"}],"is_trial":false,"path_per_floor":["M","M","M","?","M","R","M","?","T","R","E","R","M","?","R","B",null,"M","?","M","?","?","$","E","M","T","M","$","R","?","M","R","B",null,"M","?","?","M","M","R","M","R","T","M","E"],"character_chosen":"IRONCLAD","items_purchased":["Toxic Egg 2"],"campfire_rested":2,"item_purchase_floors":[23],"current_hp_per_floor":[80,80,80,73,64,64,70,70,70,70,65,65,74,69,69,25,85,44,44,49,49,49,49,14,15,15,15,15,42,42,28,55,61,92,92,92,92,79,68,68,61,61,61,50,0],"gold":1281,"neow_bonus":"RANDOM_COMMON_RELIC","is_prod":false,"is_daily":false,"chose_seed":false,"campfire_upgraded":6,"win_rate":0,"timestamp":1542466328,"path_taken":["M","M","?","?","M","R","M","?","T","R","E","R","M","?","R","BOSS","M","?","M","?","?","$","E","M","T","M","?","R","?","M","R","BOSS","M","?","?","M","M","R","M","R","T","M","E"],"build_version":"2018-11-15","purchased_purges":2,"victory":false,"max_hp_per_floor":[80,80,80,80,80,80,80,80,80,80,80,80,85,85,85,85,85,85,85,85,85,85,85,92,92,92,92,92,92,92,92,92,92,92,92,92,92,92,92,92,92,92,92,92,92],"card_choices":[{"not_picked":["Searing Blow","Sentinel"],"picked":"Metallicize","floor":1.0},{"not_picked":["Evolve","Intimidate"],"picked":"Ghostly Armor","floor":2.0},{"not_picked":["Sentinel","Perfected Strike"],"picked":"Armaments","floor":3.0},{"not_picked":["Heavy Blade","Flex","Pommel Strike"],"picked":"SKIP","floor":5.0},{"not_picked":["Sword Boomerang","Dual Wield"],"picked":"Pummel","floor":7.0},{"not_picked":["Second Wind","Armaments"],"picked":"True Grit","floor":11.0},{"not_picked":["Cleave","Pommel Strike","Twin Strike"],"picked":"SKIP","floor":13.0},{"not_picked":["Brutality","Dropkick"],"picked":"Fire Breathing","floor":14.0},{"not_picked":["Immolate","Bludgeon"],"picked":"Barricade","floor":16.0},{"not_picked":["Thunderclap","Armaments"],"picked":"Shrug It Off","floor":18.0},{"not_picked":["Pommel Strike","Heavy Blade"],"picked":"Ghostly Armor+1","floor":20.0},{"not_picked":["Thunderclap","True Grit+1","Headbutt"],"picked":"SKIP","floor":24.0},{"not_picked":["Anger+1","Perfected Strike","True Grit+1"],"picked":"SKIP","floor":25.0},{"not_picked":["Warcry+1","Whirlwind"],"picked":"Body Slam","floor":27},{"not_picked":["Rampage","Headbutt+1"],"picked":"Shrug It Off+1","floor":31},{"not_picked":["Immolate","Fiend Fire"],"picked":"Impervious+1","floor":33},{"not_picked":["Headbutt+1","Heavy Blade+1"],"picked":"Shrug It Off+1","floor":35},{"not_picked":["Battle Trance+1","Rampage"],"picked":"Body Slam","floor":38},{"not_picked":["Warcry+1","Seeing Red+1"],"picked":"True Grit+1","floor":39},{"not_picked":["Inflame","Spot Weakness+1"],"picked":"Body Slam","floor":41},{"not_picked":["Pommel Strike","Havoc+1"],"picked":"True Grit+1","floor":44}],"player_experience":485061,"relics_obtained":[{"floor":9.0,"key":"Bottled Lightning"},{"floor":11.0,"key":"Ice Cream"},{"floor":14.0,"key":"Odd Mushroom"},{"floor":17.0,"key":"Art of War"},{"floor":17.0,"key":"Ornamental Fan"},{"floor":17.0,"key":"Du-Vu Doll"},{"floor":24.0,"key":"Strawberry"},{"floor":26.0,"key":"Juzu Bracelet"}],"event_choices":[{"cards_removed":["Strike_R"],"damage_healed":0.0,"max_hp_gain":0.0,"max_hp_loss":0.0,"gold_gain":0.0,"event_name":"Golden Wing","player_choice":"Card Removal","floor":4.0,"gold_loss":0.0,"damage_taken":7.0},{"cards_removed":["Strike_R"],"damage_healed":0.0,"max_hp_gain":0.0,"max_hp_loss":0.0,"gold_gain":0.0,"event_name":"The Cleric","player_choice":"Card Removal","floor":8.0,"gold_loss":50.0,"damage_taken":0.0},{"damage_healed":0.0,"max_hp_gain":0.0,"max_hp_loss":0.0,"gold_gain":0.0,"event_name":"Mushrooms","player_choice":"Fought Mushrooms","floor":14.0,"gold_loss":0.0,"damage_taken":0.0},{"damage_healed":0.0,"max_hp_gain":0.0,"max_hp_loss":0.0,"gold_gain":99.0,"event_name":"Nest","player_choice":"Stole From Cult","floor":19.0,"gold_loss":0.0,"damage_taken":0.0},{"damage_healed":0.0,"max_hp_gain":0.0,"max_hp_loss":0.0,"gold_gain":0.0,"event_name":"Ghosts","player_choice":"Ignored","floor":21.0,"gold_loss":0.0,"damage_taken":0.0},{"cards_removed":["Regret"],"damage_healed":0.0,"max_hp_gain":0.0,"max_hp_loss":0.0,"gold_gain":0.0,"event_name":"Beggar","player_choice":"Gave Gold","floor":22.0,"gold_loss":75.0,"damage_taken":0.0},{"damage_healed":0,"gold_gain":0,"player_choice":"Ignored","damage_taken":0,"max_hp_gain":0,"max_hp_loss":0,"event_name":"Vampires","floor":30,"gold_loss":0},{"damage_healed":0,"gold_gain":0,"player_choice":"0 cards matched","damage_taken":0,"max_hp_gain":0,"max_hp_loss":0,"event_name":"Match and Keep!","floor":36,"gold_loss":0,"cards_obtained":[]},{"damage_healed":0,"gold_gain":999,"player_choice":"Gold","damage_taken":0,"max_hp_gain":0,"max_hp_loss":0,"event_name":"MindBloom","floor":37,"gold_loss":0,"cards_obtained":["Normality","Normality"]}],"is_beta":true,"boss_relics":[{"not_picked":["Lizard Tail","Snecko Eye"],"picked":"Calling Bell"},{"not_picked":["Velvet Choker","Runic Pyramid"],"picked":"Mark of Pain"}],"items_purged_floors":[23,28],"is_endless":false,"potions_floor_spawned":[1,5,7,11,13,18,25,27,33,35,39,44],"killed_by":"Giant Head","ascension_level":4}