{"gold_per_floor":[359,376,376,394,413,413,423,423,450,45,59,59,70,86,86,161,161,173,33,33,33,33,33,51,65,65,65,65,79,79,89,89,89],"floor_reached":33,"playtime":1511,"items_purged":["Strike_R","Strike_R"],"score":458,"play_id":"35cd3c22-8835-43d9-ad60-0a14f8f3944c","local_time":"20190214232101","is_ascension_mode":true,"campfire_choices":[{"floor":6.0,"key":"REST"},{"data":"Clothesline","floor":8.0,"key":"SMITH"},{"floor":15.0,"key":"REST"},{"floor":23.0,"key":"REST"},{"floor":30.0,"key":"RECALL"},{"floor":32.0,"key":"REST"}],"neow_cost":"PERCENT_DAMAGE","seed_source_timestamp":95067838380434,"circlet_count":0,"master_deck":["AscendersBane","Strike_R+1","Strike_R+1","Defend_R+1","Defend_R+1","Defend_R+1","Defend_R+1","Bash+1","Clothesline+1","Pummel","Intimidate","Whirlwind+1","Evolve","Shrug It Off+1","Intimidate","Impervious","Seeing Red+1","Pummel","Battle Trance","Disarm","Writhe","Ghostly Armor","Inflame+1"],"special_seed":0,"relics":["Burning Blood","Whetstone","Regal Pillow","Boot","Fusion Hammer","MutagenicStrength","Darkstone Periapt","Smiling Mask"],"potions_floor_usage":[33],"damage_taken":[{"damage":16.0,"enemies":"Jaw Worm","floor":1.0,"turns":6.0},{"damage":8.0,"enemies":"Cultist","floor":2.0,"turns":4.0},{"damage":14.0,"enemies":"2 Louse","floor":4.0,"turns":3.0},{"damage":28.0,"enemies":"Lots of Slimes","floor":5.0,"turns":9.0},{"damage":7.0,"enemies":"Blue Slaver","floor":7.0,"turns":4.0},{"damage":9.0,"enemies":"Looter","floor":11.0,"turns":3.0},{"damage":0.0,"enemies":"3 Louse","floor":13.0,"turns":2.0},{"damage":1.0,"enemies":"2 Fungi Beasts","floor":14.0,"turns":3.0},{"damage":50.0,"enemies":"The Guardian","floor":16.0,"turns":15.0},{"damage":31.0,"enemies":"Shell Parasite","floor":18.0,"turns":4.0},{"damage":13.0,"enemies":"Spheric Guardian","floor":24.0,"turns":4.0},{"damage":2.0,"enemies":"3 Cultists","floor":25.0,"turns":3.0},{"damage":0.0,"enemies":"Centurion and Healer","floor":29.0,"turns":6.0},{"damage":7.0,"enemies":"Cultist and Chosen","floor":31.0,"turns":7.0},{"damage":93,"enemies":"Champ","floor":33,"turns":17}],"seed_played":"1724419604806430690","potions_obtained":[{"floor":4.0,"key":"SpeedPotion"},{"floor":5.0,"key":"Fire Potion"},{"floor":13.0,"key":"SpeedPotion"},{"floor":18.0,"key":"PowerPotion"},{"floor":24.0,"key":"Swift Potion"},{"floor":29.0,"key":"Block Potion"}],"is_trial":false,"path_per_floor":["M","M","?","M","M","R","M","R","T","$","M","?","M","M","R","B",null,"M","$","?","?","?","R","M","M","T","?","?","M","R","M","R","B"],"character_chosen":"IRONCLAD","items_purchased":["Regal Pillow","Boot","Pummel"],"campfire_rested":4,"item_purchase_floors":[10,10,19],"current_hp_per_floor":[40,38,38,30,8,30,29,29,29,29,26,26,32,37,74,30,64,39,39,39,39,39,75,68,72,72,78,78,81,81,80,81,0],"gold":89,"neow_bonus":"TWO_FIFTY_GOLD","is_prod":false,"is_daily":false,"chose_seed":false,"campfire_upgraded":1,"win_rate":0,"timestamp":1550204461,"path_taken":["M","M","?","M","?","R","M","R","T","?","M","?","?","M","R","BOSS","M","$","?","?","?","R","M","M","T","?","?","M","R","?","R","BOSS"],"build_version":"2019-02-06","purchased_purges":2,"victory":false,"max_hp_per_floor":[75,75,75,75,75,75,75,75,75,75,75,75,75,75,75,75,75,75,75,75,75,75,75,75,75,75,81,81,81,81,81,81,81],"card_choices":[{"not_picked":["Seeing Red","Thunderclap"],"picked":"Clothesline","floor":1.0},{"not_picked":["Cleave","Pommel Strike"],"picked":"Pummel","floor":2.0},{"not_picked":["Infernal Blade","Headbutt"],"picked":"Intimidate","floor":4.0},{"not_picked":["Sword Boomerang","Clothesline"],"picked":"Whirlwind","floor":5.0},{"not_picked":["Anger","Clothesline"],"picked":"Evolve","floor":7.0},{"not_picked":["Clothesline","Limit Break"],"picked":"Shrug It Off","floor":11.0},{"not_picked":["Perfected Strike","Carnage","Havoc"],"picked":"SKIP","floor":13.0},{"not_picked":["Combust","Clash"],"picked":"Intimidate","floor":14.0},{"not_picked":["Double Tap","Dark Embrace"],"picked":"Impervious","floor":16.0},{"not_picked":["True Grit","Iron Wave"],"picked":"Seeing Red+1","floor":18.0},{"not_picked":["Wild Strike","Warcry","Clothesline"],"picked":"SKIP","floor":24.0},{"not_picked":["Wild Strike","Fire Breathing"],"picked":"Disarm","floor":25.0},{"not_picked":["Uppercut","Anger"],"picked":"Ghostly Armor","floor":29.0},{"not_picked":["Body Slam","Dark Embrace"],"picked":"Inflame+1","floor":31.0}],"player_experience":971023,"relics_obtained":[{"floor":9.0,"key":"Whetstone"},{"floor":26.0,"key":"Darkstone Periapt"}],"event_choices":[{"cards_removed":["Strike_R"],"damage_healed":0.0,"max_hp_gain":0.0,"max_hp_loss":0.0,"gold_gain":0.0,"event_name":"Purifier","player_choice":"Purged","floor":3.0,"gold_loss":0.0,"damage_taken":0.0},{"damage_healed":0.0,"max_hp_gain":0.0,"max_hp_loss":0.0,"gold_gain":0.0,"event_name":"Accursed Blacksmith","player_choice":"Forge","floor":12.0,"gold_loss":0.0,"damage_taken":0.0,"cards_upgraded":["Shrug It Off"]},{"damage_healed":0.0,"max_hp_gain":0.0,"max_hp_loss":0.0,"gold_gain":0.0,"event_name":"The Library","player_choice":"Read","floor":20.0,"gold_loss":0.0,"damage_taken":0.0,"cards_obtained":["Battle Trance"]},{"damage_healed":0.0,"max_hp_gain":0.0,"max_hp_loss":0.0,"gold_gain":0.0,"event_name":"Drug Dealer","player_choice":"Inject Mutagens","floor":21.0,"gold_loss":0.0,"damage_taken":0.0,"relics_obtained":["MutagenicStrength"]},{"damage_healed":0.0,"max_hp_gain":0.0,"max_hp_loss":0.0,"gold_gain":0.0,"event_name":"Back to Basics","player_choice":"Simplicity","floor":22.0,"gold_loss":0.0,"damage_taken":0.0,"cards_upgraded":["Strike_R","Strike_R","Defend_R","Defend_R","Defend_R","Defend_R"]},{"damage_healed":0.0,"max_hp_gain":0.0,"max_hp_loss":0.0,"gold_gain":0.0,"event_name":"The Mausoleum","player_choice":"Opened","floor":27.0,"gold_loss":0.0,"damage_taken":0.0,"relics_obtained":["Smiling Mask"],"cards_obtained":["Writhe"]},{"damage_healed":0.0,"max_hp_gain":0.0,"max_hp_loss":0.0,"gold_gain":0.0,"event_name":"Vampires","player_choice":"Ignored","floor":28.0,"gold_loss":0.0,"damage_taken":0.0}],"is_beta":true,"boss_relics":[{"not_picked":["Pandora\u0027s Box","Orrery"],"picked":"Fusion Hammer"}],"items_purged_floors":[10,19],"is_endless":false,"potions_floor_spawned":[4,5,7,13,14,18,24,29],"killed_by":"Champ","ascension_level":18}