{"gold_per_floor":[112,112,126,141,156,156,58,68,68,79,93,93,93,112,112,112],"floor_reached":16,"playtime":1219,"items_purged":[],"score":182,"play_id":"26b8436e-f66d-4570-a153-9b9f0a4e4cb3","local_time":"20190207144439","is_ascension_mode":true,"campfire_choices":[{"data":"Blizzard","floor":6,"key":"SMITH"},{"data":"Static Discharge","floor":12,"key":"SMITH"},{"data":"Go for the Eyes","floor":15,"key":"SMITH"}],"neow_cost":"NONE","seed_source_timestamp":780556437202211,"circlet_count":0,"master_deck":["AscendersBane","Strike_B","Strike_B","Strike_B","Strike_B","Defend_B","Defend_B","Defend_B","Defend_B","Zap","Dualcast","Recycle","Go for the Eyes+1","Leap","Blizzard+1","Static Discharge+1","Cold Snap","White Noise","Stack","Cold Snap","Leap"],"relics":["Cracked Core","Orichalcum","Sundial"],"potions_floor_usage":[11,16],"damage_taken":[{"damage":0,"enemies":"Small Slimes","floor":1,"turns":3},{"damage":0,"enemies":"Cultist","floor":3,"turns":3},{"damage":6,"enemies":"Jaw Worm","floor":4,"turns":3},{"damage":5,"enemies":"2 Fungi Beasts","floor":5,"turns":4},{"damage":22,"enemies":"Lots of Slimes","floor":8,"turns":4},{"damage":7,"enemies":"Large Slime","floor":10,"turns":8},{"damage":0,"enemies":"2 Fungi Beasts","floor":11,"turns":4},{"damage":3,"enemies":"Blue Slaver","floor":14,"turns":4},{"damage":38,"enemies":"Slime Boss","floor":16,"turns":6}],"seed_played":"2640640661674786135","potions_obtained":[{"floor":1,"key":"Strength Potion"},{"floor":4,"key":"Swift Potion"},{"floor":5,"key":"FearPotion"},{"floor":8,"key":"Poison Potion"}],"is_trial":false,"path_per_floor":["M","?","M","M","M","R","$","M","T","M","M","R","?","M","R","B"],"character_chosen":"DEFECT","items_purchased":["Static Discharge","Cold Snap"],"campfire_rested":0,"item_purchase_floors":[7,7],"current_hp_per_floor":[71,71,71,65,60,60,60,38,38,31,31,31,36,33,33,0],"gold":112,"neow_bonus":"TEN_PERCENT_HP_BONUS","is_prod":false,"is_daily":false,"chose_seed":false,"campfire_upgraded":3,"win_rate":0,"timestamp":1549568679,"path_taken":["M","?","M","?","M","R","?","?","T","M","M","R","?","M","R","BOSS"],"build_version":"2019-02-06","purchased_purges":0,"victory":false,"max_hp_per_floor":[78,78,78,78,78,78,78,78,78,78,78,78,83,83,83,83],"card_choices":[{"not_picked":["Consume","Force Field"],"picked":"Recycle","floor":1},{"not_picked":["Hologram","Redo"],"picked":"Go for the Eyes","floor":3},{"not_picked":["Compile Driver","Turbo"],"picked":"Leap","floor":4},{"not_picked":["Gash","Barrage"],"picked":"Blizzard","floor":5},{"not_picked":["Force Field","Scrape"],"picked":"White Noise","floor":8},{"not_picked":["Heatsinks","Skim"],"picked":"Stack","floor":10},{"not_picked":["Leap","Turbo"],"picked":"Cold Snap","floor":11},{"not_picked":["Sweeping Beam","Hologram"],"picked":"Leap","floor":14}],"player_experience":928081,"relics_obtained":[{"floor":9,"key":"Sundial"}],"event_choices":[{"damage_healed":0,"gold_gain":0,"player_choice":"Gave Potion","damage_taken":0,"relics_obtained":["Orichalcum"],"max_hp_gain":0,"max_hp_loss":0,"event_name":"WeMeetAgain","floor":2,"gold_loss":0},{"damage_healed":0,"gold_gain":0,"player_choice":"Donut","damage_taken":0,"max_hp_gain":5,"max_hp_loss":0,"event_name":"Big Fish","floor":13,"gold_loss":0}],"is_beta":true,"boss_relics":[],"items_purged_floors":[],"is_endless":false,"potions_floor_spawned":[1,4,5,8],"killed_by":"Slime Boss","ascension_level":18}