{"gold_per_floor":[111,125,125,142,73,73,38,54,108,108,108],"floor_reached":11,"playtime":415,"items_purged":[],"score":69,"play_id":"ad2f5628-4d3c-4f98-809c-d5a4ceb869f9","local_time":"20190709231520","is_ascension_mode":true,"campfire_choices":[{"data":"Rainbow","floor":6,"key":"SMITH"}],"neow_cost":"PERCENT_DAMAGE","seed_source_timestamp":1462064885781200,"circlet_count":0,"master_deck":["Strike_B","Strike_B","Strike_B","Defend_B","Defend_B","Defend_B","Defend_B","Zap","Dualcast","Rainbow+1","Melter","Defragment","Defragment"],"relics":["Cracked Core","Centennial Puzzle","The Courier"],"potions_floor_usage":[],"damage_taken":[{"damage":11,"enemies":"Small Slimes","floor":1,"turns":4},{"damage":0,"enemies":"Cultist","floor":2,"turns":4},{"damage":0,"enemies":"2 Louse","floor":4,"turns":3},{"damage":18,"enemies":"Exordium Wildlife","floor":8,"turns":4},{"damage":12,"enemies":"Lots of Slimes","floor":11,"turns":2}],"seed_played":"-3461258182271254593","potions_obtained":[{"floor":8,"key":"SteroidPotion"}],"is_trial":false,"path_per_floor":["M","M","?","M","$","R","?","M","T","T","M"],"character_chosen":"DEFECT","items_purchased":["Defragment"],"campfire_rested":0,"item_purchase_floors":[5],"current_hp_per_floor":[43,43,43,43,43,43,61,43,43,43,31],"gold":108,"neow_bonus":"THREE_RARE_CARDS","is_prod":false,"is_daily":false,"chose_seed":false,"campfire_upgraded":1,"win_rate":0,"timestamp":1562728520,"path_taken":["M","M","?","?","$","R","?","M","T","?","M"],"build_version":"2019-07-05","purchased_purges":0,"victory":false,"max_hp_per_floor":[75,75,75,75,75,75,75,75,75,75,75],"card_choices":[{"not_picked":["Thunder Strike","Meteor Strike"],"picked":"Rainbow","floor":0},{"not_picked":["Gash","Ball Lightning","Sweeping Beam"],"picked":"SKIP","floor":1},{"not_picked":["Leap","Streamline"],"picked":"Melter","floor":2},{"not_picked":["Tempest","Sweeping Beam"],"picked":"Defragment","floor":4},{"not_picked":["Turbo","Ball Lightning","Barrage"],"picked":"SKIP","floor":8}],"player_experience":695053,"relics_obtained":[{"floor":9,"key":"Centennial Puzzle"},{"floor":10,"key":"The Courier"}],"event_choices":[{"cards_removed":["Strike_B"],"damage_healed":0,"gold_gain":0,"player_choice":"Purged","damage_taken":0,"max_hp_gain":0,"max_hp_loss":0,"event_name":"Purifier","floor":3,"gold_loss":0},{"damage_healed":18,"gold_gain":0,"player_choice":"Healed","damage_taken":0,"max_hp_gain":0,"max_hp_loss":0,"event_name":"The Cleric","floor":7,"gold_loss":35}],"is_beta":false,"boss_relics":[],"items_purged_floors":[],"is_endless":false,"potions_floor_spawned":[8],"killed_by":"Lots of Slimes","ascension_level":2}