{"gold_per_floor":[119,119,44,58,68,68,79,99,99,117,130,130,130,141,141,237,237,247,109,24,54,0,12,24,36,127,139,161,173,198,210],"floor_reached":31,"playtime":2231,"items_purged":["Defend_G","Strike_G"],"score":229,"play_id":"1ddc731c-8306-4684-9183-b94cc116f11d","local_time":"20190714203144","is_ascension_mode":false,"campfire_choices":[{"data":"Discovery","floor":6,"key":"SMITH"},{"floor":13,"key":"REST"},{"floor":15,"key":"REST"},{"data":"Burst","floor":23,"key":"SMITH"},{"data":"Backflip","floor":25,"key":"SMITH"},{"data":"Accuracy","floor":27,"key":"SMITH"}],"neow_cost":"PERCENT_DAMAGE","seed_source_timestamp":353883329882628,"circlet_count":0,"master_deck":["Strike_G","Strike_G","Strike_G","Defend_G","Defend_G","Defend_G","Defend_G","Survivor","Neutralize","Discovery+1","Forethought","Dagger Throw","Backflip+1","Acrobatics","Infinite Blades+1","Blade Dance","Acrobatics","Deflect","Burst+1","PiercingWail","Accuracy+1","Deflect+1"],"relics":["Ring of the Serpent","Dodecahedron","MawBank","Pantograph"],"potions_floor_usage":[18,18],"damage_taken":[{"damage":4,"enemies":"2 Louse","floor":1,"turns":5},{"damage":0,"enemies":"Jaw Worm","floor":4,"turns":3},{"damage":0,"enemies":"Cultist","floor":5,"turns":3},{"damage":4,"enemies":"Blue Slaver","floor":7,"turns":5},{"damage":6,"enemies":"2 Fungi Beasts","floor":8,"turns":5},{"damage":10,"enemies":"Exordium Thugs","floor":10,"turns":4},{"damage":5,"enemies":"Looter","floor":11,"turns":3},{"damage":17,"enemies":"Large Slime","floor":14,"turns":6},{"damage":39,"enemies":"The Guardian","floor":16,"turns":19},{"damage":0,"enemies":"Chosen","floor":18,"turns":5},{"damage":0,"enemies":"Shell Parasite","floor":21,"turns":6},{"damage":33,"enemies":"Snecko","floor":28,"turns":6},{"damage":26,"enemies":"Cultist and Chosen","floor":30,"turns":9},{"damage":11,"enemies":"Snake Plant","floor":31,"turns":1}],"seed_played":"-3880208105439185517","potions_obtained":[{"floor":4,"key":"EssenceOfSteel"},{"floor":5,"key":"Block Potion"},{"floor":11,"key":"Weak Potion"},{"floor":18,"key":"Dexterity Potion"},{"floor":28,"key":"AttackPotion"}],"is_trial":false,"path_per_floor":["M","?","$","M","M","R","M","M","T","M","M","T","R","M","R","B",null,"M","$","?","M","?","R","$","R","T","R","M","?","M","M"],"character_chosen":"THE_SILENT","items_purchased":["Accuracy"],"campfire_rested":2,"item_purchase_floors":[19],"current_hp_per_floor":[45,45,45,45,45,45,41,35,35,25,20,20,41,24,45,6,70,70,70,70,70,70,70,70,70,70,70,37,37,11,0],"gold":210,"neow_bonus":"RANDOM_COLORLESS_2","is_prod":false,"is_daily":false,"chose_seed":false,"campfire_upgraded":4,"win_rate":0,"timestamp":1563161504,"path_taken":["M","?","?","M","M","R","M","M","T","M","M","?","R","M","R","BOSS","M","?","?","M","?","R","$","R","T","R","M","?","?","M"],"build_version":"2019-07-05","purchased_purges":2,"victory":false,"max_hp_per_floor":[70,70,70,70,70,70,70,70,70,70,70,70,70,70,70,70,70,70,70,70,70,70,70,70,70,70,70,70,70,70,70],"card_choices":[{"not_picked":["PiercingWail","Dodge and Roll","Catalyst"],"picked":"SKIP","floor":1},{"not_picked":["Slice","Outmaneuver"],"picked":"Dagger Throw","floor":4},{"not_picked":["Eviscerate","Endless Agony"],"picked":"Backflip","floor":5},{"not_picked":["Outmaneuver","Expertise"],"picked":"Acrobatics","floor":7},{"not_picked":["Heel Hook","Deadly Poison"],"picked":"Infinite Blades","floor":8},{"not_picked":["Acrobatics","Venomology"],"picked":"Blade Dance","floor":10},{"not_picked":["Flying Knee","Riddle With Holes"],"picked":"Acrobatics","floor":11},{"not_picked":["Expertise","Quick Slash"],"picked":"Deflect","floor":14},{"not_picked":["Wraith Form v2","Corpse Explosion"],"picked":"Burst","floor":16},{"not_picked":["Flying Knee","Bane"],"picked":"PiercingWail","floor":18},{"not_picked":["Sucker Punch","Crippling Poison+1","Endless Agony"],"picked":"SKIP","floor":21},{"not_picked":["Terror+1","Slice"],"picked":"Deflect+1","floor":28},{"not_picked":["Predator","Backflip+1","Poisoned Stab+1"],"picked":"SKIP","floor":30}],"player_experience":147858,"relics_obtained":[{"floor":12,"key":"Dodecahedron"},{"floor":26,"key":"Pantograph"}],"event_choices":[{"cards_removed":["Strike_G"],"damage_healed":0,"gold_gain":0,"player_choice":"Forget","damage_taken":0,"max_hp_gain":0,"max_hp_loss":0,"event_name":"Living Wall","floor":2,"gold_loss":0},{"damage_healed":0,"gold_gain":0,"player_choice":"Obtained Relic","damage_taken":0,"relics_obtained":["MawBank"],"max_hp_gain":0,"max_hp_loss":0,"event_name":"Addict","floor":20,"gold_loss":85},{"damage_healed":0,"gold_gain":0,"player_choice":"Paid Fearfully","damage_taken":0,"max_hp_gain":0,"max_hp_loss":0,"event_name":"Masked Bandits","floor":22,"gold_loss":66},{"damage_healed":0,"gold_gain":0,"player_choice":"Forge","damage_taken":0,"max_hp_gain":0,"max_hp_loss":0,"event_name":"Accursed Blacksmith","floor":29,"gold_loss":0,"cards_upgraded":["Infinite Blades"]}],"is_beta":false,"boss_relics":[{"not_picked":["Snecko Eye","Black Star"],"picked":"Ring of the Serpent"}],"items_purged_floors":[3,19],"is_endless":false,"potions_floor_spawned":[4,5,11,14,18,28],"killed_by":"Snake Plant","ascension_level":0}