{"gold_per_floor":[117,117,192,208,226,251,53,78,101,101,116,129,157,176,176,253,253,270,220,234,31,31,31,31],"floor_reached":24,"playtime":1282,"items_purged":["Strike_R","Perfected Strike"],"score":356,"play_id":"11639387-d654-4093-a46b-638dec87e381","local_time":"20190710170029","is_ascension_mode":true,"campfire_choices":[{"floor":10,"key":"REST"},{"floor":15,"key":"REST"}],"neow_cost":"NONE","seed_source_timestamp":1279931825435200,"circlet_count":0,"master_deck":["AscendersBane","Bash+1","Thunderclap","Heavy Blade","Cleave","Panacea+1","Metallicize","Uppercut","Headbutt","Feed","Feed","Dual Wield","True Grit","Flex","Infernal Blade","Disarm","Feel No Pain","Clothesline","Cleave+1"],"relics":["Burning Blood","Ancient Tea Set","War Paint","Smiling Mask","Blood Vial","Pandora\u0027s Box","Omamori","Blue Candle"],"potions_floor_usage":[6,8,14,18,24],"damage_taken":[{"damage":6,"enemies":"2 Louse","floor":1,"turns":3},{"damage":0,"enemies":"Small Slimes","floor":4,"turns":3},{"damage":6,"enemies":"Cultist","floor":5,"turns":3},{"damage":40,"enemies":"Lagavulin","floor":6,"turns":6},{"damage":26,"enemies":"3 Sentries","floor":8,"turns":8},{"damage":4,"enemies":"Exordium Wildlife","floor":11,"turns":3},{"damage":0,"enemies":"Blue Slaver","floor":12,"turns":5},{"damage":43,"enemies":"Lagavulin","floor":13,"turns":7},{"damage":10,"enemies":"Large Slime","floor":14,"turns":6},{"damage":44,"enemies":"The Guardian","floor":16,"turns":15},{"damage":23,"enemies":"3 Byrds","floor":18,"turns":7},{"damage":37,"enemies":"Shell Parasite","floor":20,"turns":8},{"damage":34,"enemies":"Book of Stabbing","floor":24,"turns":4}],"seed_played":"-839515498631376362","potions_obtained":[{"floor":1,"key":"Regen Potion"},{"floor":5,"key":"Energy Potion"},{"floor":13,"key":"Regen Potion"},{"floor":16,"key":"AttackPotion"},{"floor":20,"key":"LiquidBronze"}],"is_trial":false,"path_per_floor":["M","?","?","M","M","E","$","E","T","R","M","M","E","M","R","B",null,"M","?","M","$","?","T","E"],"character_chosen":"IRONCLAD","items_purchased":["Panacea","Metallicize","Omamori"],"campfire_rested":2,"item_purchase_floors":[7,7,21],"current_hp_per_floor":[72,56,45,51,51,32,32,12,12,36,38,44,7,20,44,11,65,56,56,30,30,30,30,0],"gold":31,"neow_bonus":"UPGRADE_CARD","is_prod":false,"is_daily":false,"chose_seed":false,"campfire_upgraded":0,"win_rate":0,"timestamp":1562792429,"path_taken":["M","?","?","M","M","E","$","E","T","R","M","M","E","M","R","BOSS","M","?","?","$","?","?","E"],"build_version":"2019-07-05","purchased_purges":2,"victory":false,"max_hp_per_floor":[80,80,80,80,80,80,80,80,80,80,80,80,80,80,80,83,83,89,89,92,92,92,92,92],"card_choices":[{"not_picked":["Reckless Charge","Dropkick"],"picked":"Rupture","floor":1},{"not_picked":["Havoc","Searing Blow"],"picked":"Thunderclap","floor":4},{"not_picked":["Thunderclap","Searing Blow"],"picked":"Heavy Blade","floor":5},{"not_picked":["Twin Strike","Body Slam"],"picked":"Cleave","floor":6},{"not_picked":["Perfected Strike","Rampage","Rupture"],"picked":"SKIP","floor":8},{"not_picked":["Ghostly Armor","Perfected Strike"],"picked":"Uppercut","floor":11},{"not_picked":["Burning Pact","Flex"],"picked":"Headbutt","floor":12},{"not_picked":["Warcry","Wild Strike","Perfected Strike"],"picked":"SKIP","floor":13},{"not_picked":["Infernal Blade","Anger"],"picked":"Feed","floor":14},{"not_picked":["Juggernaut","Exhume"],"picked":"Feed","floor":16},{"not_picked":["Ghostly Armor","Fire Breathing"],"picked":"Cleave+1","floor":18},{"not_picked":["Perfected Strike","Reckless Charge","Body Slam"],"picked":"SKIP","floor":20}],"player_experience":609945,"relics_obtained":[{"floor":6,"key":"Ancient Tea Set"},{"floor":8,"key":"War Paint"},{"floor":9,"key":"Smiling Mask"},{"floor":13,"key":"Blood Vial"},{"floor":23,"key":"Blue Candle"}],"event_choices":[{"damage_healed":0,"gold_gain":0,"player_choice":"Entered Light","damage_taken":16,"max_hp_gain":0,"max_hp_loss":0,"event_name":"Shining Light","floor":2,"gold_loss":0,"cards_upgraded":["Defend_R","Strike_R"]},{"damage_healed":0,"gold_gain":75,"player_choice":"Gather Gold","damage_taken":11,"max_hp_gain":0,"max_hp_loss":0,"event_name":"World of Goop","floor":3,"gold_loss":0},{"damage_healed":0,"gold_gain":0,"player_choice":"Bet on Owner","damage_taken":0,"max_hp_gain":0,"max_hp_loss":0,"event_name":"The Joust","floor":19,"gold_loss":50},{"cards_removed":["Rupture"],"damage_healed":0,"gold_gain":0,"player_choice":"Elegance","damage_taken":0,"max_hp_gain":0,"max_hp_loss":0,"event_name":"Back to Basics","floor":22,"gold_loss":0}],"is_beta":false,"boss_relics":[{"not_picked":["Runic Cube","Eternal Feather"],"picked":"Pandora\u0027s Box"}],"items_purged_floors":[7,21],"is_endless":false,"potions_floor_spawned":[1,5,13,16,20],"killed_by":"Book of Stabbing","ascension_level":13}