{"path_per_floor":["M","M","M","M","M","R","E","R","T","E","R","M","M"],"character_chosen":"THE_SILENT","items_purchased":[],"gold_per_floor":[114,129,145,156,175,175,210,210,210,238,238,256,269,269],"floor_reached":14,"campfire_rested":0,"playtime":1305,"current_hp_per_floor":[61,61,60,57,57,57,36,36,36,25,25,7,7,0],"items_purged":[],"gold":269,"score":109,"play_id":"315bfd9c-750a-423d-9706-9df7914231ef","local_time":"20180508011856","is_prod":false,"is_daily":false,"chose_seed":false,"is_ascension_mode":true,"campfire_upgraded":2,"timestamp":1525756736,"path_taken":["M","M","M","M","?","R","E","R","T","E","R","M","M","M"],"build_version":"2018-05-03","seed_source_timestamp":362814411181424,"purchased_purges":0,"victory":false,"master_deck":["Defend_G","Defend_G","Defend_G","Defend_G","Defend_G","Strike_G","Strike_G","Strike_G","Strike_G","Strike_G","Survivor","Neutralize","Tools of the Trade","Flying Knee","Accuracy","Underhanded Strike","Backflip+1","Noxious Fumes+1","Catalyst+1","Leg Sweep+1","Crippling Poison+1"],"max_hp_per_floor":[70,70,70,70,70,70,70,70,70,70,70,70,70,70],"relics":["Ring of the Snake","Toxic Egg 2","Toolbox","Girya"],"card_choices":[{"not_picked":["Sucker Punch","Underhanded Strike"],"picked":"Flying Knee","floor":1},{"not_picked":["Calculated Gamble","Underhanded Strike"],"picked":"Accuracy","floor":2},{"not_picked":["Catalyst","Poisoned Stab"],"picked":"Underhanded Strike","floor":3},{"not_picked":["Sucker Punch","PiercingWail"],"picked":"Backflip","floor":4},{"not_picked":["Choke","Bane"],"picked":"Noxious Fumes","floor":5},{"not_picked":["Slice","Endless Agony"],"picked":"Catalyst","floor":7},{"not_picked":["Deadly Poison","Unload"],"picked":"Leg Sweep","floor":10},{"not_picked":["Flying Knee","Eviscerate"],"picked":"Crippling Poison","floor":13}],"player_experience":209372,"potions_floor_usage":[7,13],"damage_taken":[{"damage":9,"enemies":"Cultist","floor":1,"turns":5},{"damage":0,"enemies":"2 Louse","floor":2,"turns":3},{"damage":1,"enemies":"Jaw Worm","floor":3,"turns":5},{"damage":3,"enemies":"Exordium Wildlife","floor":4,"turns":6},{"damage":0,"enemies":"2 Fungi Beasts","floor":5,"turns":3},{"damage":21,"enemies":"Gremlin Nob","floor":7,"turns":4},{"damage":11,"enemies":"3 Sentries","floor":10,"turns":8},{"damage":18,"enemies":"Large Slime","floor":12,"turns":7},{"damage":0,"enemies":"3 Louse","floor":13,"turns":3},{"damage":10,"enemies":"2 Fungi Beasts","floor":14,"turns":3}],"event_choices":[],"boss_relics":[],"potions_floor_spawned":[4,10,12,13],"seed_played":"-4581932488908054246","killed_by":"2 Fungi Beasts","ascension_level":1,"is_trial":false}