{"gold_per_floor":[113,113,188,25,39,39,64,83,83,103,103,103,103,103,103,202,202,212,212,222,222,234,234,234],"floor_reached":24,"playtime":769,"items_purged":[],"score":206,"play_id":"5152f7a6-997f-4816-ad7d-bdad0c710417","local_time":"20190613224639","is_ascension_mode":true,"campfire_choices":[{"floor":6,"key":"RECALL"},{"floor":12,"key":"REST"},{"data":"Defragment","floor":15,"key":"SMITH"},{"floor":23,"key":"REST"}],"neow_cost":"NONE","seed_source_timestamp":82503381798900,"circlet_count":0,"master_deck":["Strike_B","Strike_B","Strike_B","Strike_B","Defend_B","Defend_B","Defend_B","Defend_B","Zap","Dualcast","Coolheaded","Defragment+1","Discovery","Beam Cell","Sunder","Beam Cell","Gash","Recycle","Rainbow","Streamline+1","BootSequence","Darkness"],"relics":["Cracked Core","Letter Opener","Inserter","Kunai"],"potions_floor_usage":[7,10,16,20,24,24],"damage_taken":[{"damage":0,"enemies":"Small Slimes","floor":1,"turns":2},{"damage":3,"enemies":"2 Louse","floor":5,"turns":2},{"damage":24,"enemies":"Gremlin Nob","floor":7,"turns":4},{"damage":4,"enemies":"Jaw Worm","floor":8,"turns":4},{"damage":4,"enemies":"Exordium Wildlife","floor":10,"turns":4},{"damage":9,"enemies":"Blue Slaver","floor":11,"turns":3},{"damage":53,"enemies":"Hexaghost","floor":16,"turns":11},{"damage":18,"enemies":"3 Byrds","floor":18,"turns":5},{"damage":16,"enemies":"Spheric Guardian","floor":20,"turns":4},{"damage":24,"enemies":"Snecko","floor":22,"turns":7},{"damage":44,"enemies":"Slavers","floor":24,"turns":6}],"seed_played":"7792565522947114745","potions_obtained":[{"floor":0,"key":"Poison Potion"},{"floor":0,"key":"SmokeBomb"},{"floor":0,"key":"FocusPotion"},{"floor":8,"key":"EssenceOfSteel"},{"floor":16,"key":"FearPotion"},{"floor":18,"key":"SkillPotion"},{"floor":22,"key":"Block Potion"}],"is_trial":false,"path_per_floor":["M","?","?","$","M","R","E","M","T","M","M","R","?","$","R","B",null,"M","?","M","T","M","R","E"],"character_chosen":"DEFECT","items_purchased":["Defragment","Discovery"],"campfire_rested":2,"item_purchase_floors":[4,4],"current_hp_per_floor":[75,75,64,64,61,61,37,33,33,29,20,42,67,67,67,14,75,57,57,41,41,17,39,0],"gold":234,"neow_bonus":"THREE_SMALL_POTIONS","is_prod":false,"is_daily":false,"chose_seed":false,"campfire_upgraded":1,"win_rate":0,"timestamp":1560480399,"path_taken":["M","?","?","?","?","R","E","M","T","M","M","R","?","$","R","BOSS","M","?","M","?","M","R","E"],"build_version":"2019-01-23","purchased_purges":0,"victory":false,"max_hp_per_floor":[75,75,75,75,75,75,75,75,75,75,75,75,75,75,75,75,75,75,75,75,75,75,75,75],"card_choices":[{"not_picked":["FTL","Hello World"],"picked":"Coolheaded","floor":1},{"not_picked":["Ball Lightning","Recycle"],"picked":"Beam Cell","floor":5},{"not_picked":["Turbo","Go for the Eyes"],"picked":"Sunder","floor":7},{"not_picked":["Chaos","Hello World"],"picked":"Beam Cell","floor":8},{"not_picked":["Consume","Coolheaded"],"picked":"Gash","floor":10},{"not_picked":["Recycle","Beam Cell","Melter"],"picked":"SKIP","floor":11},{"not_picked":["Beam Cell","Melter"],"picked":"Recycle","floor":11},{"not_picked":["Hyperbeam","Machine Learning"],"picked":"Rainbow","floor":16},{"not_picked":["Rebound+1","Conserve Battery+1"],"picked":"Streamline+1","floor":18},{"not_picked":["Redo","Compile Driver"],"picked":"BootSequence","floor":20},{"not_picked":["Hello World","Capacitor+1"],"picked":"Darkness","floor":22}],"player_experience":478206,"relics_obtained":[{"floor":7,"key":"Letter Opener"},{"floor":21,"key":"Kunai"}],"event_choices":[{"damage_healed":0,"gold_gain":0,"player_choice":"Leave","damage_taken":0,"max_hp_gain":0,"max_hp_loss":0,"event_name":"The Cleric","floor":2,"gold_loss":0},{"damage_healed":0,"gold_gain":75,"player_choice":"Gather Gold","damage_taken":11,"max_hp_gain":0,"max_hp_loss":0,"event_name":"World of Goop","floor":3,"gold_loss":0},{"damage_healed":25,"gold_gain":0,"player_choice":"Banana","damage_taken":0,"max_hp_gain":0,"max_hp_loss":0,"event_name":"Big Fish","floor":13,"gold_loss":0},{"damage_healed":0,"gold_gain":0,"player_choice":"Ignored","damage_taken":0,"max_hp_gain":0,"max_hp_loss":0,"event_name":"The Mausoleum","floor":19,"gold_loss":0}],"is_beta":false,"boss_relics":[{"not_picked":["White Beast Statue","Eternal Feather"],"picked":"Inserter"}],"items_purged_floors":[],"is_endless":false,"potions_floor_spawned":[8,16,18,22],"killed_by":"Slavers","ascension_level":1}