{"gold_per_floor":[361,381,399,409,424,424,437,512,512,469,469,481,494,514,514,588,588,558,558,558,576,587,587,607,607,607,623,623,636,67,81,81,81],"floor_reached":33,"playtime":2113,"items_purged":[],"score":608,"play_id":"6069cccf-b5d2-48f4-8577-da96f364ff20","local_time":"20190218194045","is_ascension_mode":true,"campfire_choices":[{"data":"Leg Sweep","floor":6.0,"key":"SMITH"},{"floor":11.0,"key":"REST"},{"data":"Footwork","floor":15.0,"key":"SMITH"},{"data":"Burst","floor":23.0,"key":"SMITH"},{"data":"Noxious Fumes","floor":25,"key":"SMITH"},{"floor":32,"key":"REST"}],"neow_cost":"PERCENT_DAMAGE","seed_source_timestamp":426913919041139,"circlet_count":0,"master_deck":["AscendersBane","Defend_G+1","Defend_G+1","Defend_G+1","Defend_G+1","Defend_G+1","Survivor","Neutralize","Predator","Leg Sweep+1","Deflect","Noxious Fumes+1","PiercingWail","Blur","Cloak And Dagger","Heel Hook","Footwork+1","Burst+1","Calculated Gamble+1","Bite+1","Bite","Bite","Bite+1","Bite","Dodge and Roll","Acrobatics","Dodge and Roll","Dodge and Roll","Prepared","Backflip"],"special_seed":0,"relics":["Ring of the Snake","Question Card","White Beast Statue","Ornamental Fan","Enchiridion","Whetstone","Du-Vu Doll"],"potions_floor_usage":[24,33,33],"damage_taken":[{"damage":6.0,"enemies":"Cultist","floor":1.0,"turns":6.0},{"damage":1.0,"enemies":"Small Slimes","floor":2.0,"turns":4.0},{"damage":0.0,"enemies":"2 Louse","floor":3.0,"turns":3.0},{"damage":3.0,"enemies":"2 Fungi Beasts","floor":4.0,"turns":6.0},{"damage":0.0,"enemies":"Blue Slaver","floor":5.0,"turns":6.0},{"damage":1.0,"enemies":"3 Louse","floor":7.0,"turns":5.0},{"damage":12.0,"enemies":"Exordium Thugs","floor":10.0,"turns":6.0},{"damage":0.0,"enemies":"2 Fungi Beasts","floor":12.0,"turns":7.0},{"damage":0.0,"enemies":"3 Louse","floor":13.0,"turns":4.0},{"damage":20.0,"enemies":"Exordium Wildlife","floor":14.0,"turns":10.0},{"damage":0.0,"enemies":"The Guardian","floor":16.0,"turns":17.0},{"damage":17.0,"enemies":"2 Thieves","floor":18.0,"turns":4.0},{"damage":21.0,"enemies":"3 Byrds","floor":21.0,"turns":7.0},{"damage":13.0,"enemies":"Snake Plant","floor":22.0,"turns":11.0},{"damage":28,"enemies":"Centurion and Healer","floor":24,"turns":13},{"damage":6,"enemies":"Snecko","floor":27,"turns":8},{"damage":13,"enemies":"Snake Plant","floor":29,"turns":8},{"damage":8,"enemies":"Shelled Parasite and Fungi","floor":31,"turns":10},{"damage":63,"enemies":"Collector","floor":33,"turns":10}],"seed_played":"5616120560067853960","potions_obtained":[{"floor":1.0,"key":"SneckoOil"},{"floor":2.0,"key":"Swift Potion"},{"floor":7.0,"key":"Dexterity Potion"},{"floor":13.0,"key":"Strength Potion"},{"floor":18.0,"key":"GhostInAJar"},{"floor":21.0,"key":"SpeedPotion"},{"floor":22.0,"key":"GhostInAJar"},{"floor":24,"key":"Dexterity Potion"},{"floor":27,"key":"GhostInAJar"},{"floor":29,"key":"EssenceOfSteel"}],"is_trial":false,"path_per_floor":["M","M","M","M","M","R","M","?","T","M","R","M","M","M","R","B",null,"M","?","?","M","M","R","M","R","T","M","?","M","$","M","R","B"],"character_chosen":"THE_SILENT","items_purchased":["Whetstone","Du-Vu Doll","Prepared"],"campfire_rested":2,"item_purchase_floors":[30,30,30],"current_hp_per_floor":[38,37,37,34,34,34,33,22,22,10,29,29,29,9,9,9,52,35,35,35,24,29,29,33,33,33,37,16,17,17,21,34,0],"gold":81,"neow_bonus":"TWO_FIFTY_GOLD","is_prod":false,"is_daily":false,"chose_seed":false,"campfire_upgraded":4,"win_rate":0,"timestamp":1550536845,"path_taken":["M","?","M","M","?","R","M","?","T","M","R","M","M","M","R","BOSS","M","?","?","M","M","R","M","R","T","M","?","M","$","M","R","BOSS"],"build_version":"2019-02-06","purchased_purges":0,"victory":false,"max_hp_per_floor":[66,66,66,66,66,66,66,66,66,66,66,66,66,66,66,66,66,66,46,46,46,46,46,46,46,46,46,46,46,46,46,46,46],"card_choices":[{"not_picked":["Prepared","Tactician"],"picked":"Predator","floor":1.0},{"not_picked":["Finisher","Dash"],"picked":"Leg Sweep","floor":2.0},{"not_picked":["Acrobatics","Choke"],"picked":"Deflect","floor":3.0},{"not_picked":["Underhanded Strike","Slice"],"picked":"Noxious Fumes","floor":4.0},{"not_picked":["Deadly Poison","Concentrate"],"picked":"PiercingWail","floor":5.0},{"not_picked":["Prepared","Dagger Throw"],"picked":"Blur","floor":7.0},{"not_picked":["Poisoned Stab","Deadly Poison","Doppelganger"],"picked":"Cloak And Dagger","floor":10.0},{"not_picked":["Deadly Poison","Endless Agony","Sucker Punch"],"picked":"Heel Hook","floor":12.0},{"not_picked":["Flechettes","Expertise","Poisoned Stab","Reflex"],"picked":"SKIP","floor":13.0},{"not_picked":["Deadly Poison","Backflip","Bane"],"picked":"Footwork","floor":14.0},{"not_picked":["Corpse Explosion","Bullet Time","Malaise"],"picked":"Burst","floor":16.0},{"not_picked":["Tactician","Choke","Flying Knee"],"picked":"Calculated Gamble+1","floor":18.0},{"not_picked":["Catalyst","Leg Sweep","Choke"],"picked":"Dodge and Roll","floor":21.0},{"not_picked":["Tactician","All Out Attack","Reflex","Bane"],"picked":"SKIP","floor":22.0},{"not_picked":["Blade Dance","Deadly Poison","PiercingWail"],"picked":"Acrobatics","floor":24},{"not_picked":["Cloak And Dagger","Underhanded Strike+1","Finisher"],"picked":"Dodge and Roll","floor":27},{"not_picked":["Night Terror","Dash","Underhanded Strike"],"picked":"Dodge and Roll","floor":29},{"not_picked":["Prepared","Cloak And Dagger","Slice"],"picked":"Backflip","floor":31}],"player_experience":993652,"relics_obtained":[{"floor":9.0,"key":"Question Card"},{"floor":26,"key":"Ornamental Fan"},{"floor":28,"key":"Enchiridion"}],"event_choices":[{"damage_healed":0.0,"max_hp_gain":0.0,"max_hp_loss":0.0,"gold_gain":75.0,"event_name":"World of Goop","player_choice":"Gather Gold","floor":8.0,"gold_loss":0.0,"damage_taken":11.0},{"damage_healed":0.0,"max_hp_gain":0.0,"max_hp_loss":20.0,"gold_gain":0.0,"event_name":"Vampires","player_choice":"Became a vampire","floor":19.0,"gold_loss":0.0,"damage_taken":0.0,"cards_obtained":["Bite","Bite","Bite","Bite","Bite"]},{"damage_healed":0.0,"max_hp_gain":0.0,"max_hp_loss":0.0,"gold_gain":0.0,"event_name":"Back to Basics","player_choice":"Simplicity","floor":20.0,"gold_loss":0.0,"damage_taken":0.0,"cards_upgraded":["Defend_G","Defend_G","Defend_G","Defend_G","Defend_G"]},{"damage_healed":0,"gold_gain":0,"player_choice":"Obtained Book","damage_taken":21,"max_hp_gain":0,"max_hp_loss":0,"event_name":"Cursed Tome","floor":28,"gold_loss":0}],"is_beta":true,"boss_relics":[{"not_picked":["WristBlade","Astrolabe"],"picked":"White Beast Statue"}],"items_purged_floors":[],"is_endless":false,"potions_floor_spawned":[1,2,7,12,13,18,21,22,24,27,29,31],"killed_by":"Collector","ascension_level":19}