{"gold_per_floor":[110,110,110,40,54,54,83,83,165,217,249,262,262,274,274,374,374,390,401,21,31,31,31,66,84,114,40,40,140,173,185,185,290,290,304,404,422,422,40,40,72,72,72,72,82,82,92,106,106,106],"floor_reached":51,"playtime":2585,"items_purged":["Strike_G"],"score":1195,"play_id":"1f1be2b4-256f-408c-bbbc-39ace5dbea09","local_time":"20190727224451","is_ascension_mode":true,"campfire_choices":[{"data":"Crippling Poison","floor":6,"key":"SMITH"},{"floor":8,"key":"REST"},{"data":"Noxious Fumes","floor":13,"key":"SMITH"},{"data":"After Image","floor":15,"key":"SMITH"},{"floor":23,"key":"REST"},{"data":"Wraith Form v2","floor":28,"key":"SMITH"},{"floor":32,"key":"REST"},{"floor":40,"key":"REST"},{"floor":46,"key":"REST"},{"floor":49,"key":"REST"}],"neow_cost":"NONE","seed_source_timestamp":12999428189191,"circlet_count":0,"master_deck":["AscendersBane","Strike_G","Strike_G+1","Strike_G+1","Defend_G","Defend_G","Defend_G","Defend_G","Defend_G","Survivor","Neutralize","Poisoned Stab+1","Crippling Poison+1","Noxious Fumes+1","After Image+1","PiercingWail","Wraith Form v2+1","Predator+1","PiercingWail","Poisoned Stab","Well Laid Plans","Deadly Poison","Malaise","Poisoned Stab","Calculated Gamble","Leg Sweep","Apotheosis","Footwork+1","PanicButton","Venomology","Poisoned Stab"],"relics":["Ring of the Snake","NeowsBlessing","StoneCalendar","Ornamental Fan","Matryoshka","Ancient Tea Set","Bronze Scales","Snake Skull","Snecko Eye","Pocketwatch","Pen Nib","Whetstone","Tiny Chest","Nunchaku","Bottled Lightning","Happy Flower","Lizard Tail","Lantern","Vajra","Gremlin Horn"],"potions_floor_usage":[11,11,21,29,45,47,48,50,50,50],"damage_taken":[{"damage":0,"enemies":"Jaw Worm","floor":1,"turns":1},{"damage":0,"enemies":"2 Louse","floor":5,"turns":1},{"damage":0,"enemies":"Gremlin Nob","floor":7,"turns":1},{"damage":16,"enemies":"Lagavulin","floor":11,"turns":7},{"damage":0,"enemies":"Cultist","floor":12,"turns":3},{"damage":10,"enemies":"Gremlin Gang","floor":14,"turns":2},{"damage":18,"enemies":"Slime Boss","floor":16,"turns":7},{"damage":14,"enemies":"2 Thieves","floor":18,"turns":4},{"damage":0,"enemies":"3 Byrds","floor":19,"turns":2},{"damage":2,"enemies":"Sentry and Sphere","floor":21,"turns":6},{"damage":12,"enemies":"Book of Stabbing","floor":24,"turns":5},{"damage":0,"enemies":"3 Cultists","floor":25,"turns":4},{"damage":4,"enemies":"Colosseum Slavers","floor":29,"turns":3},{"damage":2,"enemies":"Colosseum Nobs","floor":29,"turns":4},{"damage":15,"enemies":"Slavers","floor":30,"turns":4},{"damage":12,"enemies":"Shelled Parasite and Fungi","floor":31,"turns":4},{"damage":8,"enemies":"Automaton","floor":33,"turns":8},{"damage":8,"enemies":"3 Shapes","floor":35,"turns":4},{"damage":3,"enemies":"Orb Walker","floor":37,"turns":3},{"damage":0,"enemies":"3 Darklings","floor":38,"turns":4},{"damage":23,"enemies":"Reptomancer","floor":41,"turns":6},{"damage":0,"enemies":"Writhing Mass","floor":45,"turns":7},{"damage":2,"enemies":"Spire Growth","floor":47,"turns":5},{"damage":13,"enemies":"4 Shapes","floor":48,"turns":5},{"damage":29,"enemies":"Awakened One","floor":50,"turns":12}],"seed_played":"4261809030122232839","potions_obtained":[{"floor":5,"key":"Regen Potion"},{"floor":7,"key":"PowerPotion"},{"floor":14,"key":"FearPotion"},{"floor":16,"key":"SpeedPotion"},{"floor":21,"key":"Swift Potion"},{"floor":30,"key":"Ancient Potion"},{"floor":35,"key":"EssenceOfSteel"}],"is_trial":false,"path_per_floor":["M","?","?","$","M","R","E","R","T","T","E","M","R","M","R","B",null,"M","M","$","M","$","R","E","M","T","$","R","?","E","M","R","B",null,"M","?","M","M","$","R","E","?","T","?","M","R","M","M","R","B",null],"character_chosen":"THE_SILENT","items_purchased":["Crippling Poison","Pocketwatch","Well Laid Plans","Apotheosis","Lantern","SpeedPotion"],"campfire_rested":6,"item_purchase_floors":[4,20,27,39,39,39],"current_hp_per_floor":[63,49,31,31,31,31,31,52,52,52,51,51,51,41,41,23,58,44,44,44,42,42,63,51,51,51,51,51,45,30,18,39,31,60,52,52,49,49,49,70,47,47,47,47,47,68,66,53,70,41],"gold":106,"neow_bonus":"THREE_ENEMY_KILL","is_prod":false,"is_daily":false,"chose_seed":false,"campfire_upgraded":4,"win_rate":0,"timestamp":1564285491,"path_taken":["M","?","?","$","?","R","E","R","T","?","E","M","R","?","R","BOSS","M","M","$","M","$","R","E","M","T","$","R","?","E","M","R","BOSS","M","?","M","M","?","R","E","?","T","?","M","R","M","M","R","BOSS"],"build_version":"2019-07-17","purchased_purges":1,"victory":true,"max_hp_per_floor":[70,70,70,70,70,70,70,70,70,70,70,70,70,70,70,70,70,70,70,70,70,70,70,70,70,70,70,70,70,70,70,70,70,70,70,70,70,70,70,70,70,70,70,70,70,70,70,70,70,70],"card_choices":[{"not_picked":["Underhanded Strike","Prepared"],"picked":"Poisoned Stab","floor":1},{"not_picked":["Sucker Punch","Prepared"],"picked":"Noxious Fumes","floor":5},{"not_picked":["Caltrops","Slice"],"picked":"After Image","floor":7},{"not_picked":["Unload","Dagger Throw"],"picked":"PiercingWail","floor":11},{"not_picked":["Acrobatics","Deflect","Bane"],"picked":"SKIP","floor":12},{"not_picked":["Prepared","Acrobatics","Dagger Throw"],"picked":"SKIP","floor":14},{"not_picked":["A Thousand Cuts","Tools of the Trade"],"picked":"Wraith Form v2","floor":16},{"not_picked":["Backflip","Dodge and Roll"],"picked":"Predator","floor":18},{"not_picked":["Eviscerate","Deflect+1"],"picked":"PiercingWail","floor":19},{"not_picked":["Skewer","Dagger Throw","Flechettes"],"picked":"SKIP","floor":21},{"not_picked":["Escape Plan","Terror+1","Dodge and Roll"],"picked":"SKIP","floor":24},{"not_picked":["Setup+1","Sucker Punch"],"picked":"Poisoned Stab","floor":25},{"not_picked":["Acrobatics","Poisoned Stab"],"picked":"Deadly Poison","floor":30},{"not_picked":["Bane","Dagger Throw","Backflip"],"picked":"SKIP","floor":31},{"not_picked":["Storm of Steel","Adrenaline"],"picked":"Malaise","floor":33},{"not_picked":["Acrobatics","Cloak And Dagger"],"picked":"Poisoned Stab","floor":35},{"not_picked":["Escape Plan","Caltrops"],"picked":"Calculated Gamble","floor":37},{"not_picked":["Cloak And Dagger","Deadly Poison"],"picked":"Leg Sweep","floor":38},{"not_picked":["PiercingWail","Accuracy"],"picked":"Footwork+1","floor":41},{"not_picked":["Blind","Dark Shackles"],"picked":"PanicButton","floor":42},{"not_picked":["Dagger Spray","Sucker Punch","Tools of the Trade"],"picked":"SKIP","floor":45},{"not_picked":["Dodge and Roll","Quick Slash","Dagger Throw"],"picked":"SKIP","floor":47},{"not_picked":["Prepared","Outmaneuver"],"picked":"Poisoned Stab","floor":48}],"player_experience":243132,"relics_obtained":[{"floor":7,"key":"Ornamental Fan"},{"floor":9,"key":"Matryoshka"},{"floor":10,"key":"Ancient Tea Set"},{"floor":10,"key":"Bronze Scales"},{"floor":11,"key":"Snake Skull"},{"floor":24,"key":"Pen Nib"},{"floor":26,"key":"Whetstone"},{"floor":26,"key":"Tiny Chest"},{"floor":29,"key":"Nunchaku"},{"floor":29,"key":"Bottled Lightning"},{"floor":30,"key":"Happy Flower"},{"floor":41,"key":"Vajra"},{"floor":43,"key":"Gremlin Horn"}],"event_choices":[{"damage_healed":0,"gold_gain":0,"player_choice":"Entered Light","damage_taken":14,"max_hp_gain":0,"max_hp_loss":0,"event_name":"Shining Light","floor":2,"gold_loss":0,"cards_upgraded":["Strike_G","Poisoned Stab"]},{"damage_healed":0,"gold_gain":0,"player_choice":"Success","damage_taken":18,"relics_obtained":["StoneCalendar"],"max_hp_gain":0,"max_hp_loss":0,"event_name":"Scrap Ooze","floor":3,"gold_loss":0},{"damage_healed":0,"gold_gain":0,"player_choice":"Fight","damage_taken":0,"max_hp_gain":0,"max_hp_loss":0,"event_name":"Colosseum","floor":29,"gold_loss":0},{"damage_healed":0,"gold_gain":0,"player_choice":"Fought Nobs","damage_taken":0,"max_hp_gain":0,"max_hp_loss":0,"event_name":"Colosseum","floor":29,"gold_loss":0},{"damage_healed":0,"gold_gain":100,"player_choice":"Pray","damage_taken":0,"max_hp_gain":0,"max_hp_loss":0,"event_name":"Golden Shrine","floor":36,"gold_loss":0},{"damage_healed":0,"gold_gain":0,"player_choice":"Memory 1","damage_taken":0,"max_hp_gain":0,"max_hp_loss":0,"event_name":"SensoryStone","floor":42,"gold_loss":0},{"damage_healed":0,"gold_gain":0,"cards_transformed":["Strike_G"],"player_choice":"Transformed","damage_taken":0,"max_hp_gain":0,"max_hp_loss":0,"event_name":"Transmorgrifier","floor":44,"gold_loss":0,"cards_obtained":["Venomology"]}],"is_beta":false,"boss_relics":[{"not_picked":["Fusion Hammer","Philosopher\u0027s Stone"],"picked":"Snecko Eye"},{"not_picked":["HoveringKite","Busted Crown"],"picked":"Lizard Tail"}],"items_purged_floors":[20],"is_endless":false,"potions_floor_spawned":[5,7,14,16,21,24,30,33,35,37,47,48],"ascension_level":12}