{"gold_per_floor":[364,384,396,396,346,346,74,74,97,168,186,203,203,203,203,203],"floor_reached":16,"playtime":794,"items_purged":["Strike_B"],"score":117,"play_id":"4f479cd0-4e78-4841-bdbd-1d5577899d74","local_time":"20181111081108","is_ascension_mode":true,"campfire_choices":[{"data":"Tempest","floor":6,"key":"SMITH"},{"data":"Static Discharge","floor":8,"key":"SMITH"},{"data":"Conserve Battery","floor":13,"key":"SMITH"},{"data":"Defend_B","floor":15,"key":"SMITH"}],"neow_cost":"TEN_PERCENT_HP_LOSS","seed_source_timestamp":136151642919,"circlet_count":0,"master_deck":["Strike_B","Strike_B","Defend_B","Defend_B","Defend_B","Defend_B+1","Zap+1","Dualcast","Tempest+1","Static Discharge+1","Conserve Battery+1"],"relics":["Cracked Core","Tiny Chest","Anchor"],"potions_floor_usage":[],"damage_taken":[{"damage":4,"enemies":"Small Slimes","floor":1,"turns":4},{"damage":7,"enemies":"Jaw Worm","floor":2,"turns":3},{"damage":1,"enemies":"2 Louse","floor":3,"turns":3},{"damage":20,"enemies":"Gremlin Gang","floor":11,"turns":2},{"damage":1,"enemies":"Looter","floor":12,"turns":2},{"damage":53,"enemies":"Slime Boss","floor":16,"turns":8}],"seed_played":"4522844665821499826","potions_obtained":[{"floor":2,"key":"Poison Potion"},{"floor":3,"key":"FairyPotion"},{"floor":11,"key":"Dexterity Potion"}],"is_trial":false,"path_per_floor":["M","M","M","?","?","R","$","R","T","T","M","M","R","?","R","B"],"character_chosen":"DEFECT","items_purchased":["Tiny Chest","Static Discharge"],"campfire_rested":0,"item_purchase_floors":[7,7],"current_hp_per_floor":[64,57,56,61,61,61,61,61,61,61,41,40,40,40,40,0],"gold":203,"neow_bonus":"TWO_FIFTY_GOLD","is_prod":false,"is_daily":false,"chose_seed":false,"campfire_upgraded":4,"win_rate":0,"timestamp":1541941868,"path_taken":["M","M","M","?","?","R","?","R","T","?","M","M","R","?","R","BOSS"],"build_version":"2018-11-08","purchased_purges":1,"victory":false,"max_hp_per_floor":[68,68,68,73,73,73,73,73,73,73,73,73,73,73,73,73],"card_choices":[{"not_picked":["Sweeping Beam","Lockon"],"picked":"Tempest","floor":1},{"not_picked":["Force Field","Cold Snap","Steam"],"picked":"SKIP","floor":2},{"not_picked":["Redo","Cold Snap","Ball Lightning"],"picked":"SKIP","floor":3},{"not_picked":["Recycle","Sweeping Beam"],"picked":"Conserve Battery","floor":11},{"not_picked":["Scrape","Barrage","Sweeping Beam"],"picked":"SKIP","floor":12}],"player_experience":354816,"relics_obtained":[{"floor":9,"key":"Anchor"}],"event_choices":[{"damage_healed":0,"gold_gain":0,"player_choice":"Donut","damage_taken":0,"max_hp_gain":5,"max_hp_loss":0,"event_name":"Big Fish","floor":4,"gold_loss":0},{"cards_removed":["Strike_B"],"damage_healed":0,"gold_gain":0,"player_choice":"Card Removal","damage_taken":0,"max_hp_gain":0,"max_hp_loss":0,"event_name":"The Cleric","floor":5,"gold_loss":50},{"damage_healed":0,"gold_gain":0,"player_choice":"Forge","damage_taken":0,"max_hp_gain":0,"max_hp_loss":0,"event_name":"Accursed Blacksmith","floor":14,"gold_loss":0,"cards_upgraded":["Zap"]}],"is_beta":true,"boss_relics":[],"items_purged_floors":[7],"is_endless":false,"potions_floor_spawned":[2,3,11],"killed_by":"Slime Boss","ascension_level":6}