{"gold_per_floor":[12,27,37,51,151,181,194,145,145,179,144,93,104,139,139,239,239,249,268,268,60,76,76],"floor_reached":23,"playtime":1927,"items_purged":[],"score":234,"play_id":"47ac3335-8919-49a8-94fd-71ee85525a40","local_time":"20190715113623","is_ascension_mode":true,"campfire_choices":[{"floor":15,"key":"REST"}],"neow_cost":"NO_GOLD","seed_source_timestamp":178436395660662,"circlet_count":0,"master_deck":["Strike_R","Strike_R","Strike_R","Strike_R","Strike_R","Defend_R","Defend_R","Defend_R","Defend_R","Bash","Inflame","Anger","Metallicize","Spot Weakness","True Grit","Cleave","Demon Form","Feel No Pain","Shrug It Off"],"relics":["Burning Blood","Bird Faced Urn","Calipers","FossilizedHelix","Shovel","Eternal Feather","Nloth\u0027s Gift","Anchor"],"potions_floor_usage":[6,10,14,14,14,19],"damage_taken":[{"damage":8,"enemies":"Jaw Worm","floor":1,"turns":6},{"damage":9,"enemies":"Cultist","floor":2,"turns":5},{"damage":0,"enemies":"Small Slimes","floor":3,"turns":3},{"damage":16,"enemies":"3 Louse","floor":4,"turns":5},{"damage":14,"enemies":"Gremlin Nob","floor":6,"turns":4},{"damage":7,"enemies":"Looter","floor":7,"turns":4},{"damage":23,"enemies":"3 Sentries","floor":10,"turns":13},{"damage":23,"enemies":"Lots of Slimes","floor":13,"turns":6},{"damage":25,"enemies":"Lagavulin","floor":14,"turns":6},{"damage":40,"enemies":"The Guardian","floor":16,"turns":12},{"damage":39,"enemies":"Shell Parasite","floor":18,"turns":7},{"damage":16,"enemies":"Spheric Guardian","floor":19,"turns":5},{"damage":49,"enemies":"Snake Plant","floor":22,"turns":7},{"damage":14,"enemies":"Slavers","floor":23,"turns":1}],"seed_played":"-2620904913912839072","potions_obtained":[{"floor":1,"key":"PowerPotion"},{"floor":3,"key":"SneckoOil"},{"floor":6,"key":"FearPotion"},{"floor":10,"key":"Fire Potion"},{"floor":13,"key":"Energy Potion"},{"floor":18,"key":"PowerPotion"}],"is_trial":false,"path_per_floor":["M","M","M","M","?","E","M","?","T","E","?","$","M","E","R","B",null,"M","M","?","$","M","E"],"character_chosen":"IRONCLAD","items_purchased":["Strength Potion","Anchor","Shrug It Off"],"campfire_rested":1,"item_purchase_floors":[12,21,21],"current_hp_per_floor":[78,77,80,72,72,70,71,71,71,58,78,78,65,50,74,44,80,51,47,47,47,12,0],"gold":76,"neow_bonus":"ONE_RARE_RELIC","is_prod":false,"is_daily":false,"chose_seed":false,"campfire_upgraded":0,"win_rate":0,"timestamp":1563208583,"path_taken":["M","M","M","M","?","E","?","?","T","E","?","$","M","E","R","BOSS","M","M","?","$","?","E"],"build_version":"2019-07-05","purchased_purges":0,"victory":false,"max_hp_per_floor":[80,80,80,80,80,80,80,80,80,80,80,80,80,80,80,80,80,80,80,80,80,80,80],"card_choices":[{"not_picked":["Rampage","Twin Strike"],"picked":"Inflame","floor":1},{"not_picked":["Perfected Strike","Thunderclap"],"picked":"Anger","floor":2},{"not_picked":["Whirlwind","Perfected Strike"],"picked":"Metallicize","floor":3},{"not_picked":["Bloodletting","Sever Soul","Intimidate"],"picked":"SKIP","floor":4},{"not_picked":["Shrug It Off","Bloodletting"],"picked":"Spot Weakness","floor":6},{"not_picked":["Flame Barrier","Entrench"],"picked":"True Grit","floor":7},{"not_picked":["Dropkick","Iron Wave","Body Slam"],"picked":"SKIP","floor":10},{"not_picked":["Warcry","Perfected Strike"],"picked":"Cleave","floor":13},{"not_picked":["Fiend Fire","Anger","Body Slam"],"picked":"SKIP","floor":14},{"not_picked":["Feed","Reaper"],"picked":"Demon Form","floor":16},{"not_picked":["Havoc+1","Perfected Strike","Iron Wave"],"picked":"SKIP","floor":18},{"not_picked":["Blood for Blood+1","Warcry+1"],"picked":"Feel No Pain","floor":19},{"not_picked":["Iron Wave","Fire Breathing","Clash"],"picked":"SKIP","floor":22}],"player_experience":171507,"relics_obtained":[{"floor":6,"key":"Boot"},{"floor":9,"key":"Calipers"},{"floor":10,"key":"FossilizedHelix"},{"floor":14,"key":"Shovel"}],"event_choices":[{"damage_healed":0,"gold_gain":100,"player_choice":"Pray","damage_taken":0,"max_hp_gain":0,"max_hp_loss":0,"event_name":"Golden Shrine","floor":5,"gold_loss":0},{"damage_healed":0,"gold_gain":0,"player_choice":"Left Gold","damage_taken":0,"max_hp_gain":0,"max_hp_loss":0,"event_name":"World of Goop","floor":8,"gold_loss":49},{"damage_healed":20,"gold_gain":0,"player_choice":"Healed","damage_taken":0,"max_hp_gain":0,"max_hp_loss":0,"event_name":"The Cleric","floor":11,"gold_loss":35},{"damage_healed":0,"gold_gain":0,"player_choice":"Traded Relic","damage_taken":0,"relics_obtained":["Nloth\u0027s Gift"],"max_hp_gain":0,"max_hp_loss":0,"event_name":"N\u0027loth","floor":20,"relics_lost":["Boot"],"gold_loss":0}],"is_beta":false,"boss_relics":[{"not_picked":["Pandora\u0027s Box","Cursed Key"],"picked":"Eternal Feather"}],"items_purged_floors":[],"is_endless":false,"potions_floor_spawned":[1,3,6,10,13,18],"killed_by":"Slavers","ascension_level":2}