{"gold_per_floor":[118,118,118,133,148,172,187,205,231,231,231,231,20,44,44,140,140,155,173,191,207,66,66,66,66,89,102,117,38,62,82,82,82],"floor_reached":33,"playtime":1174,"items_purged":["Strike_B"],"score":490,"play_id":"ea2d4b42-c236-4272-a804-8c0ab20aa495","local_time":"20190401220155","is_ascension_mode":true,"campfire_choices":[{"data":"Sunder","floor":10.0,"key":"SMITH"},{"data":"Zap","floor":12.0,"key":"SMITH"},{"floor":15.0,"key":"REST"},{"floor":23.0,"key":"REST"},{"floor":25.0,"key":"REST"},{"floor":32,"key":"REST"}],"neow_cost":"NONE","seed_source_timestamp":816075600427893,"circlet_count":0,"master_deck":["AscendersBane","Strike_B","Strike_B","Strike_B","Defend_B","Defend_B","Defend_B","Defend_B","Zap+1","Dualcast","Sunder+1","Cold Snap","Storm","Compile Driver","BootSequence","Cold Snap","Thunder Strike","Streamline","Seek","Doom and Gloom+1","Undo","Capacitor+1","Undo","Sunder","White Noise","Turbo+1"],"special_seed":0,"relics":["Cracked Core","Golden Idol","Mercury Hourglass","Anchor","Membership Card","Snecko Eye","PreservedInsect","Lantern","Vajra"],"potions_floor_usage":[33,33],"damage_taken":[{"damage":3.0,"enemies":"Small Slimes","floor":1.0,"turns":2.0},{"damage":2.0,"enemies":"Jaw Worm","floor":4.0,"turns":3.0},{"damage":1.0,"enemies":"Cultist","floor":5.0,"turns":3.0},{"damage":14.0,"enemies":"2 Fungi Beasts","floor":6.0,"turns":3.0},{"damage":9.0,"enemies":"Exordium Wildlife","floor":7.0,"turns":4.0},{"damage":0.0,"enemies":"Looter","floor":8.0,"turns":3.0},{"damage":4.0,"enemies":"Exordium Thugs","floor":14.0,"turns":3.0},{"damage":35.0,"enemies":"Slime Boss","floor":16.0,"turns":9.0},{"damage":19.0,"enemies":"Shell Parasite","floor":18.0,"turns":4.0},{"damage":10.0,"enemies":"3 Byrds","floor":19.0,"turns":4.0},{"damage":22.0,"enemies":"Snake Plant","floor":20.0,"turns":3.0},{"damage":0.0,"enemies":"3 Cultists","floor":21.0,"turns":3.0},{"damage":3,"enemies":"Centurion and Healer","floor":27,"turns":5},{"damage":10,"enemies":"Snake Plant","floor":28,"turns":4},{"damage":5,"enemies":"Chosen and Byrds","floor":30,"turns":4},{"damage":4,"enemies":"Sentry and Sphere","floor":31,"turns":3},{"damage":56,"enemies":"Automaton","floor":33,"turns":6}],"seed_played":"-3502976292782812289","potions_obtained":[{"floor":8.0,"key":"Poison Potion"},{"floor":14.0,"key":"Poison Potion"},{"floor":16.0,"key":"Poison Potion"},{"floor":19.0,"key":"Explosive Potion"},{"floor":21.0,"key":"AttackPotion"},{"floor":31,"key":"SkillPotion"}],"is_trial":false,"path_per_floor":["M","?","T","M","M","M","M","M","T","R","?","R","$","M","R","B",null,"M","M","M","M","$","R","?","R","T","M","M","$","M","M","R","B"],"character_chosen":"DEFECT","items_purchased":["Membership Card","Capacitor","PreservedInsect","Vajra"],"campfire_rested":4,"item_purchase_floors":[13,22,22,29],"current_hp_per_floor":[61,61,61,59,58,44,35,35,35,35,35,35,35,31,52,17,58,39,29,7,7,7,28,28,49,49,46,36,36,31,27,48,0],"gold":82,"neow_bonus":"THREE_CARDS","is_prod":false,"is_daily":false,"chose_seed":false,"campfire_upgraded":2,"win_rate":0,"timestamp":1554170515,"path_taken":["M","?","?","M","M","M","M","?","T","R","?","R","?","M","R","BOSS","M","M","M","M","$","R","?","R","T","M","M","?","M","?","R","BOSS"],"build_version":"2019-03-15","purchased_purges":1,"victory":false,"max_hp_per_floor":[71,71,71,71,71,71,71,71,71,71,71,71,71,71,71,71,71,71,71,71,71,71,71,71,71,71,71,71,71,71,71,71,71],"card_choices":[{"not_picked":["Turbo","Hologram"],"picked":"Sunder","floor":0.0},{"not_picked":["Ball Lightning","Turbo"],"picked":"Cold Snap","floor":1.0},{"not_picked":["Hologram","Steam Power"],"picked":"Storm","floor":4.0},{"not_picked":["Auto Shields","Redo"],"picked":"Compile Driver","floor":5.0},{"not_picked":["Doom and Gloom","Compile Driver"],"picked":"BootSequence","floor":6.0},{"not_picked":["Barrage","Streamline"],"picked":"Cold Snap","floor":7.0},{"not_picked":["Steam","Force Field"],"picked":"Thunder Strike","floor":8.0},{"not_picked":["Barrage","Redo"],"picked":"Streamline","floor":14.0},{"not_picked":["Rainbow","Reboot"],"picked":"Seek","floor":16.0},{"not_picked":["Gash","Streamline"],"picked":"Doom and Gloom+1","floor":18.0},{"not_picked":["Barrage","Melter"],"picked":"Undo","floor":19.0},{"not_picked":["Streamline","Fusion","Sweeping Beam"],"picked":"SKIP","floor":20.0},{"not_picked":["Scrape","Gash","Leap"],"picked":"SKIP","floor":21.0},{"not_picked":["Beam Cell","Conserve Battery"],"picked":"Undo","floor":27},{"not_picked":["Reprogram","Gash"],"picked":"Sunder","floor":28},{"not_picked":["Ball Lightning","Turbo"],"picked":"White Noise","floor":30},{"not_picked":["Seek","Sweeping Beam"],"picked":"Turbo+1","floor":31}],"player_experience":1052538,"relics_obtained":[{"floor":3.0,"key":"Mercury Hourglass"},{"floor":9.0,"key":"Anchor"},{"floor":26.0,"key":"Lantern"}],"event_choices":[{"damage_healed":0.0,"max_hp_gain":0.0,"max_hp_loss":0.0,"gold_gain":0.0,"event_name":"Golden Idol","player_choice":"Take Wound","floor":2.0,"gold_loss":0.0,"damage_taken":0.0,"relics_obtained":["Golden Idol"],"cards_obtained":["Injury"]},{"cards_removed":["Injury"],"damage_healed":0.0,"max_hp_gain":0.0,"max_hp_loss":0.0,"gold_gain":0.0,"event_name":"Living Wall","player_choice":"Forget","floor":11.0,"gold_loss":0.0,"damage_taken":0.0},{"damage_healed":0.0,"max_hp_gain":0.0,"max_hp_loss":0.0,"gold_gain":0.0,"event_name":"Accursed Blacksmith","player_choice":"Forge","floor":24.0,"gold_loss":0.0,"damage_taken":0.0,"cards_upgraded":["Capacitor"]}],"is_beta":true,"boss_relics":[{"not_picked":["Fusion Hammer","Empty Cage"],"picked":"Snecko Eye"}],"items_purged_floors":[22],"is_endless":false,"potions_floor_spawned":[8,14,16,19,21,31],"killed_by":"Automaton","ascension_level":20}