{"gold_per_floor":[19,37,50,61,76,76,105,105,105,105,119,154,154,172,172,172],"floor_reached":16,"playtime":908,"items_purged":[],"score":114,"play_id":"07c2e325-ceab-49f5-809f-d6abec3698d1","local_time":"20190513190210","is_ascension_mode":false,"campfire_choices":[{"floor":6,"key":"REST"},{"floor":8,"key":"RECALL"},{"floor":15,"key":"REST"}],"neow_cost":"NO_GOLD","seed_source_timestamp":121869966099388,"circlet_count":0,"master_deck":["Strike_B","Strike_B","Strike_B","Strike_B","Defend_B","Defend_B","Defend_B","Defend_B","Zap","Dualcast","Creative AI","Defragment","Reinforced Body","Sweeping Beam","Gash","Chill","Blizzard","Darkness","BootSequence","Hologram"],"relics":["Cracked Core","Strawberry","Mercury Hourglass","Golden Idol","Blue Candle"],"potions_floor_usage":[5,7,16,16],"damage_taken":[{"damage":13,"enemies":"Cultist","floor":1,"turns":5},{"damage":2,"enemies":"Small Slimes","floor":2,"turns":4},{"damage":9,"enemies":"Jaw Worm","floor":3,"turns":6},{"damage":22,"enemies":"Lots of Slimes","floor":4,"turns":4},{"damage":9,"enemies":"Exordium Wildlife","floor":5,"turns":4},{"damage":6,"enemies":"3 Sentries","floor":7,"turns":5},{"damage":5,"enemies":"Blue Slaver","floor":11,"turns":5},{"damage":36,"enemies":"Lagavulin","floor":12,"turns":10},{"damage":0,"enemies":"Lots of Slimes","floor":14,"turns":2},{"damage":30,"enemies":"Slime Boss","floor":16,"turns":3}],"seed_played":"-4530208086959663121","potions_obtained":[{"floor":2,"key":"LiquidBronze"},{"floor":5,"key":"Block Potion"},{"floor":12,"key":"Ancient Potion"},{"floor":14,"key":"Strength Potion"}],"is_trial":false,"path_per_floor":["M","M","M","M","M","R","E","R","T","?","M","E","?","M","R","B"],"character_chosen":"DEFECT","items_purchased":[],"campfire_rested":2,"item_purchase_floors":[],"current_hp_per_floor":[62,60,51,29,20,42,43,43,43,43,38,2,2,2,24,0],"gold":172,"neow_bonus":"THREE_RARE_CARDS","is_prod":false,"is_daily":false,"chose_seed":false,"campfire_upgraded":0,"win_rate":0,"timestamp":1557788530,"path_taken":["M","M","M","M","M","R","E","R","T","?","M","E","?","M","R","BOSS"],"build_version":"2019-01-23","purchased_purges":0,"victory":false,"max_hp_per_floor":[75,75,75,75,75,75,82,82,82,76,76,76,76,76,76,76],"card_choices":[{"not_picked":["Multi-Cast","Fission"],"picked":"Creative AI","floor":0},{"not_picked":["Redo","Beam Cell"],"picked":"Defragment","floor":1},{"not_picked":["Hologram","Cold Snap"],"picked":"Reinforced Body","floor":2},{"not_picked":["Skim","Blizzard"],"picked":"Sweeping Beam","floor":3},{"not_picked":["Lockon","Steam"],"picked":"Gash","floor":4},{"not_picked":["Ball Lightning","Rebound"],"picked":"Chill","floor":5},{"not_picked":["Steam Power","Go for the Eyes"],"picked":"Blizzard","floor":7},{"not_picked":["Sunder","Beam Cell"],"picked":"Darkness","floor":11},{"not_picked":["Compile Driver","Streamline"],"picked":"BootSequence","floor":12},{"not_picked":["Loop","White Noise"],"picked":"Hologram","floor":14}],"player_experience":340615,"relics_obtained":[{"floor":7,"key":"Strawberry"},{"floor":9,"key":"Mercury Hourglass"},{"floor":12,"key":"Blue Candle"}],"event_choices":[{"damage_healed":0,"gold_gain":0,"player_choice":"Lose Max HP","damage_taken":0,"relics_obtained":["Golden Idol"],"max_hp_gain":0,"max_hp_loss":6,"event_name":"Golden Idol","floor":10,"gold_loss":0},{"damage_healed":0,"gold_gain":0,"player_choice":"Fled","damage_taken":0,"max_hp_gain":0,"max_hp_loss":0,"event_name":"Scrap Ooze","floor":13,"gold_loss":0}],"is_beta":false,"boss_relics":[],"items_purged_floors":[],"is_endless":false,"potions_floor_spawned":[2,5,12,14],"killed_by":"Slime Boss","ascension_level":0}