{"gold_per_floor":[110,110,110,110,129,129,129,140,140,150,150,150,164,239,239,239],"floor_reached":16,"playtime":562,"items_purged":[],"score":280,"play_id":"1c546b96-c8ec-458e-9592-e940441e9f45","local_time":"20190411150207","is_ascension_mode":true,"campfire_choices":[{"data":"Sunder","floor":7.0,"key":"SMITH"},{"data":"Loop","floor":12,"key":"SMITH"},{"data":"Zap","floor":15,"key":"SMITH"}],"neow_cost":"NONE","seed_source_timestamp":89852654119684,"circlet_count":0,"master_deck":["AscendersBane","Strike_B","Strike_B","Strike_B","Defend_B","Defend_B","Defend_B","Defend_B","Zap+1","Dualcast","Multi-Cast","Glacier","Sunder+1","Loop+1","Conserve Battery","Reinforced Body"],"special_seed":0,"relics":["Cracked Core","Singing Bowl","CultistMask","FossilizedHelix"],"potions_floor_usage":[16,16],"damage_taken":[{"damage":9.0,"enemies":"Jaw Worm","floor":1.0,"turns":5.0},{"damage":0.0,"enemies":"Small Slimes","floor":5.0,"turns":5.0},{"damage":0.0,"enemies":"Cultist","floor":8.0,"turns":3.0},{"damage":0.0,"enemies":"2 Fungi Beasts","floor":10.0,"turns":3.0},{"damage":10,"enemies":"Lots of Slimes","floor":13,"turns":5},{"damage":41,"enemies":"Hexaghost","floor":16,"turns":11}],"seed_played":"7700027902903877891","potions_obtained":[{"floor":5.0,"key":"GamblersBrew"},{"floor":8.0,"key":"Dexterity Potion"},{"floor":10.0,"key":"Fire Potion"}],"is_trial":false,"path_per_floor":["M","?","?","T","M","?","R","M","T","M","?","R","M","?","R","B"],"character_chosen":"DEFECT","items_purchased":[],"campfire_rested":0,"item_purchase_floors":[],"current_hp_per_floor":[55,55,55,55,55,55,55,55,55,57,57,57,47,36,36,0],"gold":239,"neow_bonus":"ONE_RANDOM_RARE_CARD","is_prod":false,"is_daily":false,"chose_seed":false,"campfire_upgraded":3,"win_rate":0,"timestamp":1555009327,"path_taken":["M","?","?","?","?","?","R","M","T","?","?","R","M","?","R","BOSS"],"build_version":"2019-04-04","purchased_purges":0,"victory":false,"max_hp_per_floor":[71,71,71,71,71,71,71,71,71,73,73,73,73,73,73,73],"card_choices":[{"not_picked":["Go for the Eyes","Rebound"],"picked":"Glacier","floor":1.0},{"not_picked":["FTL","BootSequence"],"picked":"Loop","floor":5.0},{"not_picked":["Steam","Stack"],"picked":"Conserve Battery","floor":8.0},{"not_picked":["Double Energy","Sunder","Streamline"],"picked":"Singing Bowl","floor":10.0},{"not_picked":["Compile Driver","Fusion"],"picked":"Reinforced Body","floor":13}],"player_experience":1060032,"relics_obtained":[{"floor":4.0,"key":"Singing Bowl"},{"floor":9.0,"key":"FossilizedHelix"}],"event_choices":[{"damage_healed":0.0,"max_hp_gain":0.0,"max_hp_loss":0.0,"gold_gain":0.0,"event_name":"Golden Wing","player_choice":"Ignored","floor":2.0,"gold_loss":0.0,"damage_taken":0.0},{"damage_healed":0.0,"max_hp_gain":0.0,"max_hp_loss":0.0,"gold_gain":0.0,"cards_transformed":["Strike_B"],"event_name":"Living Wall","player_choice":"Change","floor":3.0,"gold_loss":0.0,"damage_taken":0.0,"cards_obtained":["Sunder"]},{"damage_healed":0.0,"max_hp_gain":0.0,"max_hp_loss":0.0,"gold_gain":0.0,"event_name":"FaceTrader","player_choice":"Trade","floor":6.0,"gold_loss":0.0,"damage_taken":0.0,"relics_obtained":["CultistMask"]},{"damage_healed":0,"gold_gain":0,"player_choice":"Searched \u00270\u0027 times","damage_taken":0,"max_hp_gain":0,"max_hp_loss":0,"event_name":"Dead Adventurer","floor":11,"gold_loss":0},{"damage_healed":0,"gold_gain":75,"player_choice":"Gather Gold","damage_taken":11,"max_hp_gain":0,"max_hp_loss":0,"event_name":"World of Goop","floor":14,"gold_loss":0}],"is_beta":true,"boss_relics":[],"items_purged_floors":[],"is_endless":false,"potions_floor_spawned":[5,8,10],"killed_by":"Hexaghost","ascension_level":20}