{"gold_per_floor":[112,62,9,9,26,58,58,68,94,94,51,51,84,84,84,184,184,204,214,231,11,26,26,58,58,58,70,82,94,106,135,147,255,267,290,13,31,47,47,47,79,79,102,127,97,114,34,52,52,52],"floor_reached":51,"playtime":2809,"items_purged":["Parasite"],"score":1073,"play_id":"8b7366e0-697f-4afd-b144-2121632dcfb1","local_time":"20190723071607","is_ascension_mode":true,"campfire_choices":[{"data":"Neutralize","floor":7,"key":"SMITH"},{"data":"Noxious Fumes","floor":10,"key":"SMITH"},{"floor":15,"key":"REST"},{"data":"Leg Sweep","floor":23,"key":"SMITH"},{"floor":25,"key":"REST"},{"data":"J.A.X.","floor":30,"key":"SMITH"},{"data":"Dodge and Roll","floor":32,"key":"SMITH"},{"floor":40,"key":"REST"},{"data":"Corpse Explosion","floor":42,"key":"SMITH"},{"floor":49,"key":"REST"}],"neow_cost":"NONE","seed_source_timestamp":454226284506179,"circlet_count":0,"master_deck":["Strike_G","Strike_G","Strike_G","Defend_G","Defend_G+1","Defend_G","Defend_G","Defend_G+1","Survivor","Neutralize+1","Noxious Fumes+1","Quick Slash","Well Laid Plans","Dodge and Roll+1","Leg Sweep+1","Corpse Explosion+1","Backflip+1","Backstab+1","Crippling Poison+1","Quick Slash","Backflip+1","PiercingWail+1","J.A.X.+1","Dagger Spray","Die Die Die","PiercingWail+1","Escape Plan","Blade Dance+1","Madness","Madness","Caltrops+1","Shame","Wraith Form v2","Catalyst+1","Footwork","Die Die Die"],"relics":["Ring of the Snake","NeowsBlessing","War Paint","Lantern","Happy Flower","Cursed Key","MealTicket","Bottled Tornado","MawBank","Black Star","Oddly Smooth Stone","Bronze Scales","Torii","Snake Skull","Kunai","Bird Faced Urn"],"potions_floor_usage":[13,33,44,44,48,50,50],"damage_taken":[{"damage":0,"enemies":"Small Slimes","floor":1,"turns":1},{"damage":0,"enemies":"Jaw Worm","floor":5,"turns":1},{"damage":0,"enemies":"3 Sentries","floor":6,"turns":1},{"damage":3,"enemies":"2 Louse","floor":8,"turns":3},{"damage":14,"enemies":"Gremlin Nob","floor":13,"turns":5},{"damage":18,"enemies":"Hexaghost","floor":16,"turns":12},{"damage":1,"enemies":"Shell Parasite","floor":18,"turns":8},{"damage":6,"enemies":"Spheric Guardian","floor":19,"turns":6},{"damage":0,"enemies":"Cultist and Chosen","floor":20,"turns":5},{"damage":5,"enemies":"Snecko","floor":22,"turns":5},{"damage":14,"enemies":"Slavers","floor":24,"turns":3},{"damage":9,"enemies":"Snake Plant","floor":31,"turns":4},{"damage":17,"enemies":"Collector","floor":33,"turns":10},{"damage":0,"enemies":"Orb Walker","floor":35,"turns":4},{"damage":0,"enemies":"3 Shapes","floor":37,"turns":3},{"damage":0,"enemies":"Jaw Worm Horde","floor":38,"turns":3},{"damage":10,"enemies":"Nemesis","floor":41,"turns":9},{"damage":10,"enemies":"Reptomancer","floor":44,"turns":7},{"damage":26,"enemies":"3 Darklings","floor":46,"turns":3},{"damage":0,"enemies":"Sphere and 2 Shapes","floor":48,"turns":4},{"damage":53,"enemies":"Time Eater","floor":50,"turns":9}],"seed_played":"-6991952760238458961","potions_obtained":[{"floor":1,"key":"Regen Potion"},{"floor":8,"key":"GhostInAJar"},{"floor":16,"key":"Weak Potion"},{"floor":18,"key":"SpeedPotion"},{"floor":37,"key":"Swift Potion"},{"floor":38,"key":"SteroidPotion"},{"floor":45,"key":"SneckoOil"},{"floor":45,"key":"Dexterity Potion"}],"is_trial":false,"path_per_floor":["M","?","$","$","M","E","R","M","T","R","?","$","E","?","R","B",null,"M","M","M","$","M","R","E","R","T","?","?","?","R","M","R","B",null,"M","$","M","M","?","R","E","R","T","E","?","M","$","M","R","B",null],"character_chosen":"THE_SILENT","items_purchased":["Quick Slash","MealTicket","Quick Slash","Oddly Smooth Stone","Escape Plan","Footwork"],"campfire_rested":4,"item_purchase_floors":[3,21,21,36,36,47],"current_hp_per_floor":[63,63,63,63,63,63,63,60,60,60,60,60,46,39,60,42,63,62,56,56,56,51,51,37,58,58,70,70,70,70,61,61,44,64,64,67,67,67,59,67,57,57,57,47,47,27,42,50,67,35],"gold":52,"neow_bonus":"THREE_ENEMY_KILL","is_prod":false,"is_daily":false,"chose_seed":false,"campfire_upgraded":6,"win_rate":0,"timestamp":1563884167,"path_taken":["M","?","?","$","M","E","R","M","T","R","?","$","E","?","R","BOSS","M","M","M","$","M","R","E","R","T","?","?","?","R","M","R","BOSS","M","$","M","M","?","R","E","R","T","E","?","M","$","?","R","BOSS"],"build_version":"2019-07-17","purchased_purges":1,"victory":true,"max_hp_per_floor":[70,70,70,70,70,70,70,70,70,70,70,70,70,70,70,70,70,70,70,70,70,70,70,70,70,70,70,70,70,70,70,70,70,70,70,67,67,67,67,67,67,67,67,67,67,67,67,67,67,67],"card_choices":[{"not_picked":["Poisoned Stab","Eviscerate"],"picked":"Noxious Fumes","floor":1},{"not_picked":["Prepared","Backflip","Flechettes"],"picked":"SKIP","floor":5},{"not_picked":["Deadly Poison","Acrobatics"],"picked":"Well Laid Plans","floor":6},{"not_picked":["Prepared","Outmaneuver"],"picked":"Dodge and Roll","floor":8},{"not_picked":["Deflect","Cloak And Dagger"],"picked":"Leg Sweep","floor":13},{"not_picked":["Bullet Time","Grand Finale"],"picked":"Corpse Explosion","floor":16},{"not_picked":["Endless Agony","Choke"],"picked":"Backflip+1","floor":18},{"not_picked":["Calculated Gamble","PiercingWail"],"picked":"Backstab+1","floor":19},{"not_picked":["Quick Slash","Finisher"],"picked":"Crippling Poison+1","floor":20},{"not_picked":["Slice","Poisoned Stab+1"],"picked":"Backflip+1","floor":22},{"not_picked":["Glass Knife","Heel Hook+1"],"picked":"PiercingWail+1","floor":24},{"not_picked":["Poisoned Stab","Backstab"],"picked":"Dagger Spray","floor":31},{"not_picked":["Storm of Steel","Venomology"],"picked":"Die Die Die","floor":33},{"not_picked":["Bane","Distraction+1"],"picked":"PiercingWail+1","floor":35},{"not_picked":["Sucker Punch","Blade Dance+1","Bane+1"],"picked":"SKIP","floor":37},{"not_picked":["Dagger Spray","Flying Knee"],"picked":"Blade Dance+1","floor":38},{"not_picked":["Deflect","Heel Hook+1"],"picked":"Caltrops+1","floor":41},{"not_picked":["Accuracy+1","Underhanded Strike+1"],"picked":"Wraith Form v2","floor":44},{"not_picked":["Dagger Spray","Deflect"],"picked":"Catalyst+1","floor":46},{"not_picked":["Bane","Cloak And Dagger"],"picked":"Die Die Die","floor":48}],"player_experience":213253,"relics_obtained":[{"floor":6,"key":"War Paint"},{"floor":9,"key":"Lantern"},{"floor":13,"key":"Happy Flower"},{"floor":24,"key":"Bottled Tornado"},{"floor":26,"key":"MawBank"},{"floor":41,"key":"Bronze Scales"},{"floor":41,"key":"Torii"},{"floor":43,"key":"Snake Skull"},{"floor":44,"key":"Kunai"},{"floor":44,"key":"Bird Faced Urn"}],"event_choices":[{"cards_removed":["Strike_G"],"damage_healed":0,"gold_gain":0,"player_choice":"Card Removal","damage_taken":0,"max_hp_gain":0,"max_hp_loss":0,"event_name":"The Cleric","floor":2,"gold_loss":50},{"damage_healed":0,"gold_gain":0,"player_choice":"Left Gold","damage_taken":0,"max_hp_gain":0,"max_hp_loss":0,"event_name":"World of Goop","floor":11,"gold_loss":43},{"cards_removed":["Strike_G"],"damage_healed":0,"gold_gain":0,"player_choice":"Card Removal","damage_taken":7,"max_hp_gain":0,"max_hp_loss":0,"event_name":"Golden Wing","floor":14,"gold_loss":0},{"damage_healed":23,"gold_gain":0,"player_choice":"Heal","damage_taken":0,"max_hp_gain":0,"max_hp_loss":0,"event_name":"The Library","floor":27,"gold_loss":0},{"damage_healed":0,"gold_gain":0,"player_choice":"Obtain J.A.X.","damage_taken":0,"max_hp_gain":0,"max_hp_loss":0,"event_name":"Drug Dealer","floor":28,"gold_loss":0,"cards_obtained":["J.A.X."]},{"damage_healed":0,"gold_gain":0,"player_choice":"Ignored","damage_taken":0,"max_hp_gain":0,"max_hp_loss":0,"event_name":"Vampires","floor":29,"gold_loss":0},{"damage_healed":0,"gold_gain":0,"player_choice":"Embrace Madness","damage_taken":8,"max_hp_gain":0,"max_hp_loss":0,"event_name":"Winding Halls","floor":39,"gold_loss":0,"cards_obtained":["Madness","Madness"]},{"damage_healed":0,"gold_gain":0,"player_choice":"Bought 2 Potions","damage_taken":0,"max_hp_gain":0,"max_hp_loss":0,"event_name":"The Woman in Blue","floor":45,"gold_loss":0}],"is_beta":false,"boss_relics":[{"not_picked":["Pandora\u0027s Box","Snecko Eye"],"picked":"Cursed Key"},{"not_picked":["Busted Crown","Runic Dome"],"picked":"Black Star"}],"items_purged_floors":[36],"is_endless":false,"potions_floor_spawned":[1,8,16,18,37,38,41,46],"ascension_level":8}