{"gold_per_floor":[12,23,39,214,199,199,231,243,243,223,223],"floor_reached":11,"playtime":731,"items_purged":[],"score":75,"play_id":"bbd08019-a46c-4971-9df7-5634097f725f","local_time":"20190209093843","is_ascension_mode":false,"campfire_choices":[{"data":"Defend_R","floor":6,"key":"SMITH"}],"neow_cost":"NO_GOLD","seed_source_timestamp":135304228863484,"circlet_count":0,"master_deck":["Strike_R","Strike_R","Strike_R","Strike_R","Strike_R","Defend_R","Defend_R","Defend_R","Defend_R+1","Bash","Seeing Red","Uppercut","Doubt","Thunderclap","True Grit"],"relics":["Burning Blood","StoneCalendar","Oddly Smooth Stone","Shuriken"],"potions_floor_usage":[],"damage_taken":[{"damage":2,"enemies":"Small Slimes","floor":1,"turns":5},{"damage":0,"enemies":"2 Louse","floor":2,"turns":3},{"damage":7,"enemies":"Jaw Worm","floor":3,"turns":5},{"damage":17,"enemies":"Exordium Thugs","floor":5,"turns":4},{"damage":46,"enemies":"3 Sentries","floor":7,"turns":7},{"damage":7,"enemies":"3 Louse","floor":8,"turns":5},{"damage":41,"enemies":"The Mushroom Lair","floor":11,"turns":6}],"seed_played":"7552667420592270466","potions_obtained":[{"floor":3,"key":"FairyPotion"},{"floor":5,"key":"Swift Potion"},{"floor":7,"key":"SpeedPotion"}],"is_trial":false,"path_per_floor":["M","M","M","?","M","R","E","M","T","?","?"],"character_chosen":"IRONCLAD","items_purchased":[],"campfire_rested":0,"item_purchase_floors":[],"current_hp_per_floor":[80,80,79,79,68,68,28,27,27,27,0],"gold":223,"neow_bonus":"ONE_RARE_RELIC","is_prod":false,"is_daily":false,"chose_seed":false,"campfire_upgraded":1,"win_rate":0,"timestamp":1549723123,"path_taken":["M","M","M","?","M","R","E","M","T","?","?"],"build_version":"2019-01-23","purchased_purges":0,"victory":false,"max_hp_per_floor":[80,80,80,80,80,80,80,80,80,80,80],"card_choices":[{"not_picked":["Perfected Strike","Headbutt"],"picked":"Seeing Red","floor":1},{"not_picked":["Havoc","Body Slam"],"picked":"Uppercut","floor":2},{"not_picked":["Cleave","Havoc","Uppercut"],"picked":"SKIP","floor":3},{"not_picked":["Infernal Blade","Burning Pact","Searing Blow"],"picked":"SKIP","floor":5},{"not_picked":["Wild Strike","Twin Strike"],"picked":"Thunderclap","floor":7},{"not_picked":["Cleave","Flex"],"picked":"True Grit","floor":8}],"player_experience":193536,"relics_obtained":[{"floor":7,"key":"Oddly Smooth Stone"},{"floor":9,"key":"Shuriken"}],"event_choices":[{"damage_healed":0,"gold_gain":175,"player_choice":"AGREE","damage_taken":0,"max_hp_gain":0,"max_hp_loss":0,"event_name":"Liars Game","floor":4,"gold_loss":0,"cards_obtained":["Doubt"]},{"damage_healed":0,"gold_gain":0,"player_choice":"Left Gold","damage_taken":0,"max_hp_gain":0,"max_hp_loss":0,"event_name":"World of Goop","floor":10,"gold_loss":20},{"damage_healed":0,"gold_gain":0,"player_choice":"Fought Mushrooms","damage_taken":0,"max_hp_gain":0,"max_hp_loss":0,"event_name":"Mushrooms","floor":11,"gold_loss":0}],"is_beta":false,"boss_relics":[],"items_purged_floors":[],"is_endless":false,"potions_floor_spawned":[3,5,7],"killed_by":"The Mushroom Lair","ascension_level":0}