{"gold_per_floor":[113,113,7,23,39,39,57,57,106,118,118,128,161,179,179,276,276,241,241,254,268,268,268,279,279,305,305,335,12,12,12,12,107,107,118,137,137,151,151,151,151],"floor_reached":41,"playtime":2253,"items_purged":["Injury"],"score":701,"play_id":"224dc201-3956-4b31-8fca-12b4de6b82b4","local_time":"20190111022053","is_ascension_mode":true,"campfire_choices":[{"data":"The Bomb","floor":6.0,"key":"SMITH"},{"data":"Dash","floor":8.0,"key":"SMITH"},{"data":"Dash","floor":11.0,"key":"SMITH"},{"data":"Malaise","floor":15.0,"key":"SMITH"},{"data":"Malaise","floor":23.0,"key":"SMITH"},{"floor":25.0,"key":"REST"},{"data":"Caltrops","floor":30.0,"key":"SMITH"},{"floor":32.0,"key":"REST"},{"data":"Enlightenment","floor":40.0,"key":"SMITH"}],"neow_cost":"CURSE","seed_source_timestamp":22902288457583,"circlet_count":0,"master_deck":["AscendersBane","Defend_G+1","Defend_G+1","Defend_G+1","Defend_G+1","Defend_G+1","Strike_G+1","Strike_G+1","Strike_G+1","Strike_G+1","Strike_G+1","Survivor","Neutralize","Purity","The Bomb+1","Dash+1","Caltrops+1","Dash+1","Deflect","Cloak And Dagger","Cloak And Dagger","Terror","Malaise+1","Malaise+1","Deflect","Backflip","Adrenaline","Crippling Poison","Venomology","Infinite Blades","Enlightenment+1","Blind","Metamorphosis"],"special_seed":0,"relics":["Ring of the Snake","Strawberry","Juzu Bracelet","Lizard Tail","Regal Pillow","Ice Cream","Paper Crane","Snecko Eye"],"potions_floor_usage":[41,41],"damage_taken":[{"damage":1.0,"enemies":"Jaw Worm","floor":1.0,"turns":11.0},{"damage":0.0,"enemies":"Cultist","floor":4.0,"turns":4.0},{"damage":2.0,"enemies":"2 Louse","floor":5.0,"turns":4.0},{"damage":0.0,"enemies":"Blue Slaver","floor":7.0,"turns":5.0},{"damage":0.0,"enemies":"3 Louse","floor":10.0,"turns":3.0},{"damage":7.0,"enemies":"Large Slime","floor":12.0,"turns":6.0},{"damage":16.0,"enemies":"Gremlin Nob","floor":13.0,"turns":4.0},{"damage":0.0,"enemies":"Looter","floor":14.0,"turns":3.0},{"damage":27.0,"enemies":"The Guardian","floor":16.0,"turns":12.0},{"damage":13.0,"enemies":"2 Thieves","floor":18.0,"turns":5.0},{"damage":10.0,"enemies":"Shell Parasite","floor":20.0,"turns":8.0},{"damage":8.0,"enemies":"Shelled Parasite and Fungi","floor":21.0,"turns":7.0},{"damage":2.0,"enemies":"3 Cultists","floor":24.0,"turns":3.0},{"damage":22.0,"enemies":"Colosseum Slavers","floor":27.0,"turns":9.0},{"damage":0.0,"enemies":"Book of Stabbing","floor":28.0,"turns":9.0},{"damage":66.0,"enemies":"Champ","floor":33.0,"turns":21.0},{"damage":0.0,"enemies":"3 Shapes","floor":35.0,"turns":5.0},{"damage":4.0,"enemies":"Orb Walker","floor":36.0,"turns":4.0},{"damage":12.0,"enemies":"Jaw Worm Horde","floor":38.0,"turns":4.0},{"damage":71,"enemies":"Reptomancer","floor":41,"turns":2}],"seed_played":"-1494274347687258120","potions_obtained":[{"floor":1.0,"key":"FearPotion"},{"floor":2.0,"key":"Dexterity Potion"},{"floor":2.0,"key":"SkillPotion"},{"floor":14.0,"key":"LiquidBronze"},{"floor":18.0,"key":"Dexterity Potion"},{"floor":33.0,"key":"AttackPotion"},{"floor":38.0,"key":"Swift Potion"}],"is_trial":false,"path_per_floor":["M","?","$","M","M","R","M","R","T","M","R","M","E","M","R","B",null,"M","?","M","M","?","R","M","R","T","?","E","$","R","?","R","B",null,"M","M","?","M","?","R","E"],"character_chosen":"THE_SILENT","items_purchased":["Caltrops","Dash","Paper Crane"],"campfire_rested":2,"item_purchase_floors":[3,3,29],"current_hp_per_floor":[62,62,62,62,60,60,60,60,67,67,67,60,44,44,44,17,62,49,49,39,31,31,31,29,52,52,30,30,30,30,30,68,2,58,58,54,54,42,32,32,0],"gold":151,"neow_bonus":"RANDOM_COLORLESS_2","is_prod":false,"is_daily":false,"chose_seed":false,"campfire_upgraded":7,"win_rate":0,"timestamp":1547191253,"path_taken":["M","?","?","?","M","R","M","R","T","M","R","M","E","M","R","BOSS","M","?","M","M","?","R","M","R","T","?","E","?","R","?","R","BOSS","M","M","?","M","?","R","E"],"build_version":"2019-01-10","purchased_purges":1,"victory":false,"max_hp_per_floor":[70,70,70,70,70,70,70,70,77,77,77,77,77,77,77,77,77,77,77,77,77,77,77,77,77,77,77,77,77,77,77,77,77,77,77,77,77,77,77,77,77],"card_choices":[{"not_picked":["Skewer","Blade Dance"],"picked":"Dash","floor":1.0},{"not_picked":["Accuracy","Setup"],"picked":"Deflect","floor":4.0},{"not_picked":["Bane","Catalyst"],"picked":"Cloak And Dagger","floor":5.0},{"not_picked":["Poisoned Stab","Flying Knee","Finisher"],"picked":"SKIP","floor":7.0},{"not_picked":["Expertise","Reflex"],"picked":"Distraction","floor":10.0},{"not_picked":["Endless Agony","Prepared"],"picked":"Cloak And Dagger","floor":12.0},{"not_picked":["Flying Knee","Reflex"],"picked":"Terror","floor":13.0},{"not_picked":["Cloak And Dagger","Deflect"],"picked":"Malaise","floor":14.0},{"not_picked":["Night Terror","Unload"],"picked":"Malaise","floor":16.0},{"not_picked":["Bouncing Flask","Dagger Spray"],"picked":"Deflect","floor":18.0},{"not_picked":["PiercingWail","Dagger Spray"],"picked":"Backflip","floor":20.0},{"not_picked":["Expertise","Dagger Throw+1","Underhanded Strike"],"picked":"SKIP","floor":21.0},{"not_picked":["Reflex","Deflect","Backstab"],"picked":"SKIP","floor":24.0},{"not_picked":["Night Terror","Caltrops"],"picked":"Adrenaline","floor":28.0},{"not_picked":["Doppelganger","Phantasmal Killer"],"picked":"Venomology","floor":33.0},{"not_picked":["Acrobatics","Underhanded Strike+1","Skewer"],"picked":"SKIP","floor":35.0},{"not_picked":["Dagger Throw+1","Quick Slash+1","Poisoned Stab"],"picked":"SKIP","floor":36.0},{"not_picked":["Quick Slash","Storm of Steel","Catalyst"],"picked":"SKIP","floor":38.0},{"not_picked":["Mind Blast","Jack Of All Trades"],"picked":"Enlightenment","floor":39.0},{"not_picked":["Forethought","Dark Shackles"],"picked":"Blind","floor":39.0},{"not_picked":["Deep Breath","PanicButton"],"picked":"Metamorphosis","floor":39.0}],"player_experience":782026,"relics_obtained":[{"floor":9.0,"key":"Strawberry"},{"floor":13.0,"key":"Juzu Bracelet"},{"floor":26.0,"key":"Regal Pillow"},{"floor":28.0,"key":"Ice Cream"}],"event_choices":[{"damage_healed":0.0,"max_hp_gain":0.0,"max_hp_loss":0.0,"gold_gain":0.0,"event_name":"Lab","player_choice":"Got Potions","floor":2.0,"gold_loss":0.0,"damage_taken":0.0},{"damage_healed":0.0,"max_hp_gain":0.0,"max_hp_loss":0.0,"gold_gain":0.0,"event_name":"Back to Basics","player_choice":"Simplicity","floor":19.0,"gold_loss":0.0,"damage_taken":0.0,"cards_upgraded":["Defend_G","Defend_G","Defend_G","Defend_G","Defend_G","Strike_G","Strike_G","Strike_G","Strike_G","Strike_G"]},{"damage_healed":0.0,"max_hp_gain":0.0,"max_hp_loss":0.0,"gold_gain":0.0,"event_name":"Vampires","player_choice":"Ignored","floor":22.0,"gold_loss":0.0,"damage_taken":0.0},{"damage_healed":0.0,"max_hp_gain":0.0,"max_hp_loss":0.0,"gold_gain":0.0,"event_name":"Colosseum","player_choice":"Fight","floor":27.0,"gold_loss":0.0,"damage_taken":0.0},{"damage_healed":0.0,"max_hp_gain":0.0,"max_hp_loss":0.0,"gold_gain":0.0,"event_name":"Colosseum","player_choice":"Fled From Nobs","floor":27.0,"gold_loss":0.0,"damage_taken":0.0},{"damage_healed":0.0,"max_hp_gain":0.0,"max_hp_loss":0.0,"gold_gain":0.0,"event_name":"The Library","player_choice":"Read","floor":31.0,"gold_loss":0.0,"damage_taken":0.0,"cards_obtained":["Crippling Poison"]},{"damage_healed":0.0,"max_hp_gain":0.0,"max_hp_loss":0.0,"gold_gain":0.0,"cards_transformed":["Distraction"],"event_name":"Transmorgrifier","player_choice":"Transformed","floor":37.0,"gold_loss":0.0,"damage_taken":0.0,"cards_obtained":["Infinite Blades"]},{"damage_healed":0.0,"max_hp_gain":0.0,"max_hp_loss":0.0,"gold_gain":0.0,"event_name":"SensoryStone","player_choice":"Memory 3","floor":39.0,"gold_loss":0.0,"damage_taken":10.0}],"is_beta":true,"boss_relics":[{"not_picked":["Pandora\u0027s Box","Cursed Key"],"picked":"Lizard Tail"},{"not_picked":["Orrery","Fusion Hammer"],"picked":"Snecko Eye"}],"items_purged_floors":[29],"is_endless":false,"potions_floor_spawned":[1,5,12,14,18,20,27,33,38],"killed_by":"Reptomancer","ascension_level":12}