{"gold_per_floor":[115,127,145,157,174,174,206,216,216,216,242,17,17,17,17,17],"floor_reached":16,"playtime":1109,"items_purged":[],"score":123,"play_id":"baa29299-dd3e-4edb-94a7-144f781da975","local_time":"20190530194931","is_ascension_mode":true,"campfire_choices":[{"floor":6,"key":"RECALL"},{"floor":13,"key":"REST"},{"floor":15,"key":"REST"}],"neow_cost":"NONE","seed_source_timestamp":6457914447536,"circlet_count":0,"master_deck":["Strike_R","Strike_R","Strike_R","Strike_R","Strike_R","Defend_R","Defend_R","Defend_R","Defend_R","Bash","Thunderclap","Clothesline","Flex","Second Wind","Whirlwind","Flex","Battle Trance","Pommel Strike","Heavy Blade","Ghostly Armor","Injury"],"relics":["Burning Blood","Prayer Wheel","Ancient Tea Set","Gremlin Horn","Lantern","Golden Idol"],"potions_floor_usage":[7,8],"damage_taken":[{"damage":6,"enemies":"Cultist","floor":1,"turns":4},{"damage":4,"enemies":"2 Louse","floor":2,"turns":3},{"damage":9,"enemies":"Small Slimes","floor":3,"turns":4},{"damage":12,"enemies":"Looter","floor":4,"turns":3},{"damage":10,"enemies":"2 Fungi Beasts","floor":5,"turns":4},{"damage":30,"enemies":"Gremlin Nob","floor":7,"turns":6},{"damage":6,"enemies":"Lots of Slimes","floor":8,"turns":2},{"damage":35,"enemies":"Lagavulin","floor":11,"turns":7},{"damage":76,"enemies":"The Guardian","floor":16,"turns":15}],"seed_played":"1286601260282776358","potions_obtained":[{"floor":4,"key":"SteroidPotion"},{"floor":5,"key":"EssenceOfSteel"}],"is_trial":false,"path_per_floor":["M","M","M","M","M","R","E","M","T","?","E","$","R","?","R","B"],"character_chosen":"IRONCLAD","items_purchased":["Lantern","Ghostly Armor"],"campfire_rested":2,"item_purchase_floors":[12,12],"current_hp_per_floor":[88,88,85,79,75,75,51,51,51,51,22,22,48,48,74,0],"gold":17,"neow_bonus":"TEN_PERCENT_HP_BONUS","is_prod":false,"is_daily":false,"chose_seed":false,"campfire_upgraded":0,"win_rate":0,"timestamp":1559260171,"path_taken":["M","?","M","M","M","R","E","M","T","?","E","$","R","?","R","BOSS"],"build_version":"2019-01-23","purchased_purges":0,"victory":false,"max_hp_per_floor":[88,88,88,88,88,88,88,88,88,88,88,88,88,88,88,88],"card_choices":[{"not_picked":["Warcry","Wild Strike"],"picked":"Thunderclap","floor":1},{"not_picked":["Infernal Blade","Shockwave"],"picked":"Clothesline","floor":2},{"not_picked":["Second Wind","Flex","Disarm"],"picked":"SKIP","floor":3},{"not_picked":["Second Wind","Disarm"],"picked":"Flex","floor":3},{"not_picked":["Warcry","Brutality"],"picked":"Second Wind","floor":4},{"not_picked":["Heavy Blade","Pommel Strike"],"picked":"Whirlwind","floor":5},{"not_picked":["Power Through","Twin Strike"],"picked":"Flex","floor":7},{"not_picked":["Carnage","Shockwave"],"picked":"Battle Trance","floor":8},{"not_picked":["Warcry","Combust"],"picked":"Pommel Strike","floor":8},{"not_picked":["Clothesline","Headbutt"],"picked":"Heavy Blade","floor":11}],"player_experience":404163,"relics_obtained":[{"floor":7,"key":"Prayer Wheel"},{"floor":11,"key":"Gremlin Horn"}],"event_choices":[{"damage_healed":0,"gold_gain":0,"player_choice":"Searched \u00272\u0027 times","damage_taken":0,"relics_obtained":["Ancient Tea Set"],"max_hp_gain":0,"max_hp_loss":0,"event_name":"Dead Adventurer","floor":10,"gold_loss":0},{"damage_healed":0,"gold_gain":0,"player_choice":"Take Wound","damage_taken":0,"relics_obtained":["Golden Idol"],"max_hp_gain":0,"max_hp_loss":0,"event_name":"Golden Idol","floor":14,"gold_loss":0,"cards_obtained":["Injury"]}],"is_beta":false,"boss_relics":[],"items_purged_floors":[],"is_endless":false,"potions_floor_spawned":[4,5],"killed_by":"The Guardian","ascension_level":2}