{"gold_per_floor":[119,99,116,45,57,57,69,97,97,97,115,115,115,40,40,142,142,155,173,173,273,273,273],"floor_reached":23,"playtime":1656,"items_purged":["Parasite"],"score":189,"play_id":"71d7c1a0-8b45-44eb-906b-633e98125b0a","local_time":"20190623125009","is_ascension_mode":false,"campfire_choices":[{"data":"Searing Blow","floor":6,"key":"SMITH"},{"data":"Metallicize","floor":15,"key":"SMITH"}],"neow_cost":"NONE","seed_source_timestamp":123901584084051,"circlet_count":0,"master_deck":["Strike_R","Strike_R","Strike_R","Strike_R","Strike_R","Defend_R","Defend_R","Defend_R","Defend_R","Bash","Flex","Searing Blow+1","Metallicize+1","Dual Wield","Twin Strike","Berserk","Reaper","Wild Strike+1","Exhume","Warcry+1"],"relics":["Burning Blood","Question Card","Darkstone Periapt","NlothsMask","Sozu","Pocketwatch","Kunai","Nilry\u0027s Codex"],"potions_floor_usage":[7,8,16,16],"damage_taken":[{"damage":13,"enemies":"Cultist","floor":1,"turns":5},{"damage":10,"enemies":"Small Slimes","floor":3,"turns":3},{"damage":6,"enemies":"Jaw Worm","floor":5,"turns":3},{"damage":22,"enemies":"Large Slime","floor":7,"turns":5},{"damage":20,"enemies":"3 Sentries","floor":8,"turns":10},{"damage":12,"enemies":"Looter","floor":11,"turns":3},{"damage":62,"enemies":"Hexaghost","floor":16,"turns":12},{"damage":13,"enemies":"3 Byrds","floor":18,"turns":7},{"damage":29,"enemies":"Shell Parasite","floor":19,"turns":5},{"damage":28,"enemies":"Colosseum Slavers","floor":21,"turns":4},{"damage":49,"enemies":"Colosseum Nobs","floor":21,"turns":7},{"damage":9,"enemies":"Slavers","floor":23,"turns":1}],"seed_played":"-4356885933733207061","potions_obtained":[{"floor":1,"key":"AttackPotion"},{"floor":2,"key":"Energy Potion"},{"floor":5,"key":"Energy Potion"},{"floor":8,"key":"Energy Potion"},{"floor":11,"key":"Regen Potion"}],"is_trial":false,"path_per_floor":["M","?","M","$","M","R","M","E","T","?","M","T","?","$","R","B",null,"M","M","?","?","?","E"],"character_chosen":"IRONCLAD","items_purchased":["Metallicize"],"campfire_rested":0,"item_purchase_floors":[4],"current_hp_per_floor":[81,81,77,77,77,77,61,47,47,47,41,41,69,69,69,28,91,88,71,71,24,8,0],"gold":273,"neow_bonus":"TEN_PERCENT_HP_BONUS","is_prod":false,"is_daily":false,"chose_seed":false,"campfire_upgraded":2,"win_rate":0,"timestamp":1561312209,"path_taken":["M","?","M","$","M","R","?","E","T","?","?","?","?","$","R","BOSS","M","M","?","?","?","E"],"build_version":"2019-01-23","purchased_purges":1,"victory":false,"max_hp_per_floor":[88,88,88,88,88,88,88,88,88,88,88,88,94,91,91,91,91,91,91,91,91,91,91],"card_choices":[{"not_picked":["Power Through","Anger"],"picked":"Flex","floor":1},{"not_picked":["Havoc","Anger"],"picked":"Searing Blow","floor":3},{"not_picked":["Carnage","Shrug It Off"],"picked":"Dual Wield","floor":5},{"not_picked":["Shockwave","Pummel","Wild Strike"],"picked":"SKIP","floor":7},{"not_picked":["Dual Wield","Body Slam"],"picked":"Twin Strike","floor":8},{"not_picked":["Bloodletting","Sever Soul","Searing Blow"],"picked":"Berserk","floor":11},{"not_picked":["Immolate","Fiend Fire","Feed"],"picked":"Reaper","floor":16},{"not_picked":["Blood for Blood+1","Headbutt","True Grit"],"picked":"Wild Strike+1","floor":18},{"not_picked":["Clothesline+1","Iron Wave","Warcry"],"picked":"Exhume","floor":19},{"not_picked":["Pommel Strike","Havoc","Clothesline"],"picked":"Warcry+1","floor":21}],"player_experience":79563,"relics_obtained":[{"floor":8,"key":"Question Card"},{"floor":9,"key":"Darkstone Periapt"},{"floor":21,"key":"Pocketwatch"},{"floor":21,"key":"Kunai"},{"floor":22,"key":"Nilry\u0027s Codex"}],"event_choices":[{"damage_healed":0,"gold_gain":0,"player_choice":"Bought 1 Potion","damage_taken":0,"max_hp_gain":0,"max_hp_loss":0,"event_name":"The Woman in Blue","floor":2,"gold_loss":0},{"damage_healed":0,"gold_gain":0,"player_choice":"Trade","damage_taken":0,"relics_obtained":["NlothsMask"],"max_hp_gain":0,"max_hp_loss":0,"event_name":"FaceTrader","floor":10,"gold_loss":0},{"damage_healed":22,"gold_gain":0,"player_choice":"Healed and dodged fight","damage_taken":0,"max_hp_gain":0,"max_hp_loss":0,"event_name":"Mushrooms","floor":13,"gold_loss":0,"cards_obtained":["Parasite"]},{"damage_healed":0,"gold_gain":0,"player_choice":"Ignored","damage_taken":0,"max_hp_gain":0,"max_hp_loss":0,"event_name":"Vampires","floor":20,"gold_loss":0},{"damage_healed":0,"gold_gain":0,"player_choice":"Fight","damage_taken":0,"max_hp_gain":0,"max_hp_loss":0,"event_name":"Colosseum","floor":21,"gold_loss":0},{"damage_healed":0,"gold_gain":0,"player_choice":"Fought Nobs","damage_taken":0,"max_hp_gain":0,"max_hp_loss":0,"event_name":"Colosseum","floor":21,"gold_loss":0},{"damage_healed":0,"gold_gain":0,"player_choice":"Obtained Book","damage_taken":16,"max_hp_gain":0,"max_hp_loss":0,"event_name":"Cursed Tome","floor":22,"gold_loss":0}],"is_beta":false,"boss_relics":[{"not_picked":["Calling Bell","Eternal Feather"],"picked":"Sozu"}],"items_purged_floors":[14],"is_endless":false,"potions_floor_spawned":[1,5,8,11,18,21],"killed_by":"Slavers","ascension_level":0}