{"gold_per_floor":[13,13,26,46,46,46,62,81,81,95,95,111,111,129,129,253,253,271,271,7,21,42,62,62,62,62,86,86,86,86,86,86,207,207,228,252,252,63,188,188,188,188,214,228,228,244,257,277,277,277],"floor_reached":50,"playtime":2927,"items_purged":["Strike_B"],"score":548,"play_id":"420d8d36-2df3-4c6b-97fb-a83e0d90ab44","local_time":"20190723190204","is_ascension_mode":true,"campfire_choices":[{"data":"Redo","floor":6.0,"key":"SMITH"},{"data":"Zap","floor":11.0,"key":"SMITH"},{"data":"Dualcast","floor":13.0,"key":"SMITH"},{"floor":15.0,"key":"REST"},{"data":"Redo","floor":24,"key":"SMITH"},{"data":"Coolheaded","floor":32,"key":"SMITH"},{"floor":40,"key":"REST"},{"floor":42,"key":"REST"},{"floor":49,"key":"REST"}],"neow_cost":"NO_GOLD","seed_source_timestamp":0,"circlet_count":0,"master_deck":["Strike_B+1","Defend_B+1","Defend_B+1","Defend_B+1","Zap+1","Dualcast+1","Redo+1","Capacitor","Chill","Cold Snap","Coolheaded+1","Ball Lightning+1","Seek","Gash+1","Panache","Redo+1","Hello World+1","Storm+1","Redo+1","Magnetism","Madness","Scrape+1","Reinforced Body"],"special_seed":0,"relics":["Cracked Core","Golden Idol","Anchor","Philosopher\u0027s Stone","Mummified Hand","Runic Pyramid","Girya","Whetstone"],"potions_floor_usage":[27,33,46,50,50],"damage_taken":[{"damage":0.0,"enemies":"Small Slimes","floor":1.0,"turns":2.0},{"damage":0.0,"enemies":"Cultist","floor":3.0,"turns":3.0},{"damage":0.0,"enemies":"2 Louse","floor":4.0,"turns":2.0},{"damage":2.0,"enemies":"Blue Slaver","floor":7.0,"turns":4.0},{"damage":14.0,"enemies":"Large Slime","floor":8.0,"turns":8.0},{"damage":0.0,"enemies":"3 Louse","floor":10.0,"turns":3.0},{"damage":0.0,"enemies":"2 Fungi Beasts","floor":12.0,"turns":3.0},{"damage":0.0,"enemies":"Large Slime","floor":14.0,"turns":6.0},{"damage":3.0,"enemies":"The Guardian","floor":16.0,"turns":10.0},{"damage":0,"enemies":"Spheric Guardian","floor":18,"turns":3},{"damage":2,"enemies":"Shell Parasite","floor":21,"turns":4},{"damage":12,"enemies":"Centurion and Healer","floor":22,"turns":5},{"damage":6,"enemies":"Chosen and Byrds","floor":23,"turns":5},{"damage":16,"enemies":"Snake Plant","floor":27,"turns":3},{"damage":18,"enemies":"Champ","floor":33,"turns":9},{"damage":21,"enemies":"3 Darklings","floor":35,"turns":4},{"damage":18,"enemies":"3 Shapes","floor":36,"turns":3},{"damage":15,"enemies":"Mind Bloom Boss Battle","floor":39,"turns":6},{"damage":17,"enemies":"Jaw Worm Horde","floor":44,"turns":5},{"damage":10,"enemies":"4 Shapes","floor":46,"turns":4},{"damage":24,"enemies":"3 Darklings","floor":47,"turns":5},{"damage":33,"enemies":"Jaw Worm Horde","floor":48,"turns":4},{"damage":40,"enemies":"Awakened One","floor":50,"turns":2}],"seed_played":"1026759490780728981","potions_obtained":[{"floor":4.0,"key":"Swift Potion"},{"floor":7.0,"key":"Ancient Potion"},{"floor":8.0,"key":"Block Potion"},{"floor":12.0,"key":"FocusPotion"},{"floor":18,"key":"Energy Potion"},{"floor":23,"key":"Block Potion"},{"floor":33,"key":"Poison Potion"},{"floor":36,"key":"SteroidPotion"},{"floor":44,"key":"AttackPotion"}],"is_trial":false,"path_per_floor":["M","?","M","M","?","R","M","M","T","M","R","M","R","M","R","B",null,"M","?","$","M","M","M","R","$","T","M","?","?","?","?","R","B",null,"M","M","?","$","?","R","?","R","T","M","?","M","M","M","R","B"],"character_chosen":"DEFECT","items_purchased":["Panache","Magnetism"],"campfire_rested":4,"item_purchase_floors":[20,38],"current_hp_per_floor":[75,57,57,57,57,57,55,41,41,41,41,41,41,41,63,60,71,71,62,62,60,48,42,42,42,42,26,26,26,51,51,51,33,65,44,26,26,26,11,33,24,46,46,29,75,65,41,8,30,0],"gold":277,"neow_bonus":"REMOVE_TWO","is_prod":false,"is_daily":false,"chose_seed":false,"campfire_upgraded":5,"win_rate":0,"timestamp":1563933724,"path_taken":["M","?","M","M","?","R","M","M","T","M","R","?","R","M","R","BOSS","M","?","$","M","M","M","R","$","T","M","?","?","?","?","R","BOSS","M","M","?","$","?","R","?","R","T","M","?","M","M","?","R","BOSS"],"build_version":"2019-07-17","purchased_purges":1,"victory":false,"max_hp_per_floor":[75,75,75,75,75,75,75,75,75,75,75,75,75,75,75,75,75,75,75,75,75,75,75,75,75,75,75,75,75,75,75,75,75,75,75,75,75,75,75,75,75,75,75,75,75,75,75,75,75,75],"card_choices":[{"not_picked":["Steam","Storm"],"picked":"Redo","floor":1.0},{"not_picked":["Steam Power","Recycle"],"picked":"Capacitor","floor":3.0},{"not_picked":["Auto Shields","Rebound"],"picked":"Chill","floor":4.0},{"not_picked":["Go for the Eyes","Melter"],"picked":"Cold Snap","floor":7.0},{"not_picked":["Cold Snap","Streamline","Steam"],"picked":"SKIP","floor":8.0},{"not_picked":["Compile Driver","Leap"],"picked":"Coolheaded","floor":10.0},{"not_picked":["Capacitor","Sweeping Beam","Stack"],"picked":"SKIP","floor":12.0},{"not_picked":["Redo","Coolheaded"],"picked":"Ball Lightning","floor":14.0},{"not_picked":["Core Surge","Creative AI"],"picked":"Seek","floor":16.0},{"not_picked":["Rebound","Skim"],"picked":"Gash","floor":18},{"not_picked":["Conserve Battery","Rebound","Lockon"],"picked":"SKIP","floor":21},{"not_picked":["Genetic Algorithm","Streamline"],"picked":"Redo","floor":22},{"not_picked":["Sweeping Beam","Cold Snap"],"picked":"Hello World+1","floor":23},{"not_picked":["Sunder","Leap"],"picked":"Storm+1","floor":27},{"not_picked":["Streamline","Coolheaded","Beam Cell+1"],"picked":"SKIP","floor":35},{"not_picked":["Chill","Genetic Algorithm+1"],"picked":"Redo+1","floor":36},{"not_picked":["Turbo","Barrage+1","Ball Lightning+1"],"picked":"SKIP","floor":44},{"not_picked":["Beam Cell+1","Cold Snap+1","Stack"],"picked":"SKIP","floor":46},{"not_picked":["Cold Snap","Ball Lightning"],"picked":"Scrape+1","floor":47},{"not_picked":["Skim","Meteor Strike"],"picked":"Reinforced Body","floor":48}],"player_experience":191270,"relics_obtained":[{"floor":9.0,"key":"Anchor"},{"floor":26,"key":"Mummified Hand"},{"floor":39,"key":"Girya"},{"floor":43,"key":"Whetstone"}],"event_choices":[{"damage_healed":0.0,"max_hp_gain":0.0,"max_hp_loss":0.0,"gold_gain":0.0,"event_name":"Golden Idol","player_choice":"Take Damage","floor":2.0,"gold_loss":0.0,"damage_taken":18.0,"relics_obtained":["Golden Idol"]},{"cards_removed":["Defend_B"],"damage_healed":0.0,"max_hp_gain":0.0,"max_hp_loss":0.0,"gold_gain":0.0,"event_name":"Purifier","player_choice":"Purged","floor":5.0,"gold_loss":0.0,"damage_taken":0.0},{"damage_healed":0,"gold_gain":0,"player_choice":"Stopped","damage_taken":9,"max_hp_gain":0,"max_hp_loss":0,"event_name":"Cursed Tome","floor":19,"gold_loss":0},{"damage_healed":0,"gold_gain":0,"player_choice":"Ignored","damage_taken":0,"max_hp_gain":0,"max_hp_loss":0,"event_name":"Vampires","floor":28,"gold_loss":0},{"damage_healed":0,"gold_gain":0,"player_choice":"Simplicity","damage_taken":0,"max_hp_gain":0,"max_hp_loss":0,"event_name":"Back to Basics","floor":29,"gold_loss":0,"cards_upgraded":["Strike_B","Defend_B","Defend_B","Defend_B"]},{"damage_healed":25,"gold_gain":0,"player_choice":"Heal","damage_taken":0,"max_hp_gain":0,"max_hp_loss":0,"event_name":"The Library","floor":30,"gold_loss":0},{"damage_healed":0,"gold_gain":0,"player_choice":"Ignored","damage_taken":0,"max_hp_gain":0,"max_hp_loss":0,"event_name":"The Mausoleum","floor":31,"gold_loss":0},{"damage_healed":0,"gold_gain":0,"player_choice":"Ignored","damage_taken":0,"max_hp_gain":0,"max_hp_loss":0,"event_name":"Mysterious Sphere","floor":37,"gold_loss":0},{"damage_healed":0,"gold_gain":0,"player_choice":"Fight","damage_taken":0,"max_hp_gain":0,"max_hp_loss":0,"event_name":"MindBloom","floor":39,"gold_loss":0},{"damage_healed":0,"gold_gain":0,"player_choice":"Embrace Madness","damage_taken":9,"max_hp_gain":0,"max_hp_loss":0,"event_name":"Winding Halls","floor":41,"gold_loss":0,"cards_obtained":["Madness","Madness"]},{"cards_removed":["Madness"],"damage_healed":46,"gold_gain":0,"player_choice":"Offered Uncommon","damage_taken":0,"max_hp_gain":0,"max_hp_loss":0,"event_name":"Bonfire Elementals","floor":45,"gold_loss":0}],"is_beta":false,"boss_relics":[{"not_picked":["Lizard Tail","Tiny House"],"picked":"Philosopher\u0027s Stone"},{"not_picked":["Inserter","Busted Crown"],"picked":"Runic Pyramid"}],"items_purged_floors":[20],"is_endless":false,"potions_floor_spawned":[4,7,8,10,12,18,23,33,36,44],"killed_by":"Awakened One","ascension_level":5}