{"gold_per_floor":[119,69,88,88,88,88,119,64,87,102,119,165,183,24,24,126,126,138,138,156,168,184,184,184,184,184,199,199,212,244,244,244,244],"floor_reached":33,"playtime":2924,"items_purged":[],"score":427,"play_id":"c17b1b03-6a5e-4c9a-a68c-bea05a56801f","local_time":"20190726134539","is_ascension_mode":true,"campfire_choices":[{"data":"Noxious Fumes","floor":6,"key":"SMITH"},{"floor":15,"key":"REST"},{"floor":23,"key":"REST"},{"data":"Wraith Form v2","floor":25,"key":"SMITH"},{"floor":28,"key":"REST"},{"floor":32,"key":"REST"}],"neow_cost":"NONE","seed_source_timestamp":203611454944268,"circlet_count":0,"master_deck":["AscendersBane","Strike_G","Strike_G","Strike_G","Defend_G","Defend_G","Defend_G","Defend_G","Defend_G","Survivor","Neutralize","Noxious Fumes+1","PiercingWail","Dagger Spray","Poisoned Stab","Footwork","Dodge and Roll","Wraith Form v2+1","Poisoned Stab","Leg Sweep","Poisoned Stab","Dodge and Roll","Deadly Poison","Die Die Die","Decay"],"relics":["Ring of the Snake","Pocketwatch","Pen Nib","Ancient Tea Set","Potion Belt","Sozu","Mummified Hand","Bottled Tornado","Blood Vial"],"potions_floor_usage":[7,33],"damage_taken":[{"damage":9,"enemies":"Jaw Worm","floor":1,"turns":7},{"damage":9,"enemies":"Small Slimes","floor":3,"turns":5},{"damage":24,"enemies":"3 Sentries","floor":7,"turns":9},{"damage":2,"enemies":"Cultist","floor":10,"turns":4},{"damage":13,"enemies":"Exordium Wildlife","floor":11,"turns":4},{"damage":0,"enemies":"Red Slaver","floor":13,"turns":4},{"damage":15,"enemies":"The Guardian","floor":16,"turns":12},{"damage":0,"enemies":"3 Byrds","floor":18,"turns":5},{"damage":3,"enemies":"Shell Parasite","floor":20,"turns":6},{"damage":20,"enemies":"Snecko","floor":21,"turns":6},{"damage":20,"enemies":"Sentry and Sphere","floor":22,"turns":7},{"damage":24,"enemies":"Snake Plant","floor":27,"turns":5},{"damage":6,"enemies":"Centurion and Healer","floor":29,"turns":6},{"damage":15,"enemies":"Slavers","floor":30,"turns":5},{"damage":111,"enemies":"Champ","floor":33,"turns":12}],"seed_played":"1662886462084228456","potions_obtained":[{"floor":1,"key":"EssenceOfSteel"},{"floor":3,"key":"FairyPotion"}],"is_trial":false,"path_per_floor":["M","?","M","?","$","R","E","?","T","M","M","T","M","$","R","B",null,"M","?","M","M","M","R","T","R","T","M","R","M","E","?","R","B"],"character_chosen":"THE_SILENT","items_purchased":["Footwork","Dodge and Roll","Poison Potion"],"campfire_rested":4,"item_purchase_floors":[14,14,14],"current_hp_per_floor":[61,61,52,57,57,57,33,33,33,31,18,18,18,18,42,27,68,68,68,65,45,25,49,49,49,49,25,49,43,28,28,52,0],"gold":244,"neow_bonus":"TEN_PERCENT_HP_BONUS","is_prod":false,"is_daily":false,"chose_seed":false,"campfire_upgraded":2,"win_rate":0,"timestamp":1564166739,"path_taken":["M","?","M","?","$","R","E","?","T","M","?","?","M","$","R","BOSS","M","?","M","?","M","R","?","R","T","M","R","M","E","?","R","BOSS"],"build_version":"2019-07-17","purchased_purges":0,"victory":false,"max_hp_per_floor":[77,77,77,82,82,82,82,82,82,82,82,82,82,82,82,82,82,82,82,82,82,82,82,82,82,82,82,82,82,82,82,82,82],"card_choices":[{"not_picked":["Reflex","All Out Attack"],"picked":"Noxious Fumes","floor":1},{"not_picked":["Eviscerate","Underhanded Strike"],"picked":"PiercingWail","floor":3},{"not_picked":["Skewer","Deflect"],"picked":"Dagger Spray","floor":7},{"not_picked":["Heel Hook","Accuracy"],"picked":"Poisoned Stab","floor":10},{"not_picked":["Endless Agony","Deflect","Cloak And Dagger"],"picked":"SKIP","floor":11},{"not_picked":["Eviscerate","Finisher","Cloak And Dagger"],"picked":"SKIP","floor":13},{"not_picked":["Phantasmal Killer","Glass Knife"],"picked":"Wraith Form v2","floor":16},{"not_picked":["Underhanded Strike","Quick Slash"],"picked":"Poisoned Stab","floor":18},{"not_picked":["Tactician","Underhanded Strike"],"picked":"Poisoned Stab","floor":20},{"not_picked":["Prepared","Choke","Dagger Throw"],"picked":"SKIP","floor":21},{"not_picked":["Blade Dance","Quick Slash"],"picked":"Dodge and Roll","floor":22},{"not_picked":["Infinite Blades","Backstab"],"picked":"Deadly Poison","floor":27},{"not_picked":["Terror","Flying Knee"],"picked":"Die Die Die","floor":29},{"not_picked":["Deflect","Underhanded Strike","Concentrate+1"],"picked":"SKIP","floor":30}],"player_experience":237801,"relics_obtained":[{"floor":7,"key":"Pocketwatch"},{"floor":9,"key":"Ancient Tea Set"},{"floor":12,"key":"Potion Belt"},{"floor":24,"key":"Mummified Hand"},{"floor":26,"key":"Bottled Tornado"},{"floor":30,"key":"Blood Vial"}],"event_choices":[{"cards_removed":["Strike_G"],"damage_healed":0,"gold_gain":0,"player_choice":"Card Removal","damage_taken":0,"max_hp_gain":0,"max_hp_loss":0,"event_name":"The Cleric","floor":2,"gold_loss":50},{"damage_healed":0,"gold_gain":0,"player_choice":"Donut","damage_taken":0,"max_hp_gain":5,"max_hp_loss":0,"event_name":"Big Fish","floor":4,"gold_loss":0},{"damage_healed":0,"gold_gain":0,"player_choice":"Paid Gold","damage_taken":0,"relics_obtained":["Pen Nib"],"max_hp_gain":0,"max_hp_loss":0,"event_name":"WeMeetAgain","floor":8,"gold_loss":55},{"damage_healed":0,"gold_gain":0,"cards_transformed":["Strike_G"],"player_choice":"Transformed","damage_taken":0,"max_hp_gain":0,"max_hp_loss":0,"event_name":"Transmorgrifier","floor":19,"gold_loss":0,"cards_obtained":["Leg Sweep"]},{"damage_healed":0,"gold_gain":0,"player_choice":"Smashed Altar","damage_taken":0,"max_hp_gain":0,"max_hp_loss":0,"event_name":"Forgotten Altar","floor":31,"gold_loss":0,"cards_obtained":["Decay"]}],"is_beta":false,"boss_relics":[{"not_picked":["Pandora\u0027s Box","Cursed Key"],"picked":"Sozu"}],"items_purged_floors":[],"is_endless":false,"potions_floor_spawned":[1,3,20,27,29,30],"killed_by":"Champ","ascension_level":12}