{"gold_per_floor":[113,124,124,137,61,61,36,50,74,74,74,93,107,140,152,164],"floor_reached":16,"playtime":844,"items_purged":[],"score":112,"play_id":"24c83634-cd3f-411c-b1cd-a1e3bfab86a1","local_time":"20190706233437","is_ascension_mode":true,"campfire_choices":[{"data":"Defragment","floor":6,"key":"SMITH"},{"data":"Conserve Battery","floor":10,"key":"SMITH"},{"data":"Conserve Battery","floor":15,"key":"SMITH"}],"neow_cost":"NONE","seed_source_timestamp":1203595233022400,"circlet_count":0,"master_deck":["Strike_B+1","Strike_B+1","Defend_B","Defend_B","Defend_B","Defend_B","Zap","Dualcast","Lockon","Conserve Battery+1","Injury","Blizzard","Defragment+1","Conserve Battery+1","Rebound","Core Surge","Stack"],"relics":["Cracked Core","Golden Idol","Whetstone","MawBank"],"potions_floor_usage":[8,14,16,16],"damage_taken":[{"damage":0,"enemies":"Cultist","floor":1,"turns":4},{"damage":8,"enemies":"2 Louse","floor":2,"turns":3},{"damage":0,"enemies":"Jaw Worm","floor":4,"turns":3},{"damage":1,"enemies":"Looter","floor":8,"turns":4},{"damage":13,"enemies":"3 Louse","floor":12,"turns":3},{"damage":0,"enemies":"Exordium Wildlife","floor":13,"turns":3},{"damage":24,"enemies":"Gremlin Nob","floor":14,"turns":4},{"damage":0,"enemies":"Slime Boss","floor":16,"turns":3}],"seed_played":"5654007229126224426","potions_obtained":[{"floor":1,"key":"SkillPotion"},{"floor":2,"key":"Dexterity Potion"},{"floor":8,"key":"PowerPotion"},{"floor":14,"key":"LiquidBronze"}],"is_trial":false,"path_per_floor":["M","M","?","M","$","R","?","M","T","R","?","M","M","E","R","B"],"character_chosen":"DEFECT","items_purchased":["Defragment"],"campfire_rested":0,"item_purchase_floors":[5],"current_hp_per_floor":[75,67,67,67,67,67,67,66,66,66,59,46,46,22,22,22],"gold":164,"neow_bonus":"REMOVE_CARD","is_prod":false,"is_daily":false,"chose_seed":false,"campfire_upgraded":3,"win_rate":0,"timestamp":1562470477,"path_taken":["M","?","?","M","?","R","?","M","T","R","?","M","M","E","R","BOSS"],"build_version":"2019-07-05","purchased_purges":0,"victory":false,"max_hp_per_floor":[75,75,75,75,75,75,75,75,75,75,75,75,75,75,75,75],"card_choices":[{"not_picked":["Heatsinks","Sweeping Beam"],"picked":"Lockon","floor":1},{"not_picked":["Aggregate","Turbo"],"picked":"Conserve Battery","floor":2},{"not_picked":["Stack","Cold Snap"],"picked":"Blizzard","floor":4},{"not_picked":["Sweeping Beam","Steam"],"picked":"Conserve Battery","floor":8},{"not_picked":["Compile Driver","Ball Lightning"],"picked":"Rebound","floor":12},{"not_picked":["Ball Lightning","Stack"],"picked":"Core Surge","floor":13},{"not_picked":["Barrage","Defragment"],"picked":"Stack","floor":14}],"player_experience":645700,"relics_obtained":[{"floor":9,"key":"Whetstone"},{"floor":14,"key":"MawBank"}],"event_choices":[{"damage_healed":0,"gold_gain":0,"player_choice":"Take Wound","damage_taken":0,"relics_obtained":["Golden Idol"],"max_hp_gain":0,"max_hp_loss":0,"event_name":"Golden Idol","floor":3,"gold_loss":0,"cards_obtained":["Injury"]},{"damage_healed":0,"gold_gain":0,"player_choice":"Left Gold","damage_taken":0,"max_hp_gain":0,"max_hp_loss":0,"event_name":"World of Goop","floor":7,"gold_loss":25},{"cards_removed":["Strike_B"],"damage_healed":0,"gold_gain":0,"player_choice":"Card Removal","damage_taken":7,"max_hp_gain":0,"max_hp_loss":0,"event_name":"Golden Wing","floor":11,"gold_loss":0}],"is_beta":false,"boss_relics":[],"items_purged_floors":[],"is_endless":false,"potions_floor_spawned":[1,2,8,14],"killed_by":"Slime Boss","ascension_level":2}