{"gold_per_floor":[119,137,137,147,26,51,61,61,88,118,130,154,166,203,215,298,310,332,619,160,170,184,184],"floor_reached":23,"playtime":865,"items_purged":["Regret"],"score":342,"play_id":"159a4e50-fb4a-4a97-9f34-cb39f1f6336e","local_time":"20190721031746","is_ascension_mode":true,"campfire_choices":[{"data":"Searing Blow","floor":8,"key":"SMITH"},{"data":"Searing Blow+1","floor":15,"key":"SMITH"}],"neow_cost":"CURSE","seed_source_timestamp":187215581473000,"circlet_count":0,"master_deck":["AscendersBane","Strike_R+1","Strike_R","Strike_R","Defend_R","Defend_R","Defend_R","Defend_R","Bash","Searing Blow+2","Shockwave","Cleave+1","Panacea","Flame Barrier","Headbutt","Inflame","Thunderclap","Shrug It Off","Headbutt","Feed","Iron Wave+1","Bandage Up","Inflame","Anger"],"relics":["Burning Blood","Whetstone","Vajra","MawBank","Odd Mushroom","Empty Cage","Thread and Needle"],"potions_floor_usage":[6,14,16,23],"damage_taken":[{"damage":12,"enemies":"Small Slimes","floor":1,"turns":3},{"damage":8,"enemies":"Cultist","floor":2,"turns":4},{"damage":3,"enemies":"2 Louse","floor":4,"turns":4},{"damage":8,"enemies":"Gremlin Nob","floor":6,"turns":4},{"damage":17,"enemies":"Blue Slaver","floor":7,"turns":4},{"damage":20,"enemies":"3 Sentries","floor":10,"turns":4},{"damage":14,"enemies":"Red Slaver","floor":12,"turns":2},{"damage":10,"enemies":"The Mushroom Lair","floor":14,"turns":4},{"damage":45,"enemies":"Hexaghost","floor":16,"turns":11},{"damage":27,"enemies":"Shell Parasite","floor":18,"turns":6},{"damage":18,"enemies":"2 Thieves","floor":21,"turns":5},{"damage":24,"enemies":"Snake Plant","floor":22,"turns":5},{"damage":66,"enemies":"Book of Stabbing","floor":23,"turns":5}],"seed_played":"-7480884284217810916","potions_obtained":[{"floor":2,"key":"Block Potion"},{"floor":4,"key":"Poison Potion"},{"floor":10,"key":"Regen Potion"},{"floor":12,"key":"PowerPotion"},{"floor":22,"key":"BloodPotion"}],"is_trial":false,"path_per_floor":["M","M","?","M","$","E","M","R","T","E","$","M","?","?","R","B",null,"M","?","$","M","M","E"],"character_chosen":"IRONCLAD","items_purchased":["Panacea","Flame Barrier","Thread and Needle","Bandage Up"],"campfire_rested":0,"item_purchase_floors":[5,5,20,20],"current_hp_per_floor":[76,74,74,77,77,75,64,64,64,50,50,42,71,79,79,40,77,56,56,56,51,37,0],"gold":184,"neow_bonus":"TWENTY_PERCENT_HP_BONUS","is_prod":false,"is_daily":false,"chose_seed":false,"campfire_upgraded":2,"win_rate":0,"timestamp":1563693466,"path_taken":["M","M","?","M","$","E","M","R","T","E","?","M","?","?","R","BOSS","M","?","$","M","?","E"],"build_version":"2019-07-17","purchased_purges":1,"victory":false,"max_hp_per_floor":[89,89,89,89,89,89,89,89,89,89,89,89,89,89,89,89,89,89,89,89,92,92,92],"card_choices":[{"not_picked":["Perfected Strike","Corruption"],"picked":"Searing Blow","floor":1},{"not_picked":["Infernal Blade","Blood for Blood"],"picked":"Shockwave","floor":2},{"not_picked":["Warcry","Infernal Blade"],"picked":"Cleave","floor":4},{"not_picked":["Flex","Havoc"],"picked":"Headbutt","floor":6},{"not_picked":["Rampage","Twin Strike"],"picked":"Inflame","floor":7},{"not_picked":["Havoc","Juggernaut"],"picked":"Thunderclap","floor":10},{"not_picked":["Second Wind","Flex"],"picked":"Shrug It Off","floor":12},{"not_picked":["Body Slam","Heavy Blade"],"picked":"Headbutt","floor":14},{"not_picked":["Exhume","Dark Embrace"],"picked":"Feed","floor":16},{"not_picked":["Havoc","Clash"],"picked":"Iron Wave+1","floor":18},{"not_picked":["Headbutt","Shrug It Off"],"picked":"Inflame","floor":21},{"not_picked":["Warcry","Havoc"],"picked":"Anger","floor":22}],"player_experience":678628,"relics_obtained":[{"floor":6,"key":"Whetstone"},{"floor":9,"key":"Vajra"},{"floor":10,"key":"MawBank"},{"floor":14,"key":"Odd Mushroom"}],"event_choices":[{"cards_removed":["Regret"],"damage_healed":0,"gold_gain":0,"player_choice":"Card Removal","damage_taken":0,"max_hp_gain":0,"max_hp_loss":0,"event_name":"Wheel of Change","floor":3,"gold_loss":0},{"damage_healed":29,"gold_gain":0,"player_choice":"Banana","damage_taken":0,"max_hp_gain":0,"max_hp_loss":0,"event_name":"Big Fish","floor":13,"gold_loss":0},{"damage_healed":0,"gold_gain":0,"player_choice":"Fought Mushrooms","damage_taken":0,"max_hp_gain":0,"max_hp_loss":0,"event_name":"Mushrooms","floor":14,"gold_loss":0},{"damage_healed":0,"gold_gain":275,"player_choice":"Desecrate","damage_taken":0,"max_hp_gain":0,"max_hp_loss":0,"event_name":"Golden Shrine","floor":19,"gold_loss":0,"cards_obtained":["Regret"]}],"is_beta":false,"boss_relics":[{"not_picked":["Orrery","White Beast Statue"],"picked":"Empty Cage"}],"items_purged_floors":[20],"is_endless":false,"potions_floor_spawned":[2,4,10,12,22],"killed_by":"Book of Stabbing","ascension_level":14}