{"gold_per_floor":[11,24,37,49,69,69,96,106,106,106,156,172,172,191,191,191],"floor_reached":16,"playtime":707,"items_purged":[],"score":304,"play_id":"d8c2a645-4965-42a4-b81a-94f2edbe64e6","local_time":"20190304172209","is_ascension_mode":true,"campfire_choices":[{"data":"True Grit","floor":6.0,"key":"SMITH"},{"floor":10.0,"key":"REST"},{"data":"Rampage","floor":13,"key":"SMITH"},{"data":"Evolve","floor":15,"key":"SMITH"}],"neow_cost":"NO_GOLD","seed_source_timestamp":0,"circlet_count":0,"master_deck":["AscendersBane","Strike_R","Strike_R","Strike_R","Strike_R","Strike_R","Defend_R","Defend_R","Defend_R","Defend_R","Bash","Infernal Blade","Shrug It Off","True Grit+1","Reaper","Fire Breathing","Rampage+1","Shrug It Off","Evolve+1","Pummel"],"special_seed":0,"relics":["Burning Blood","Pen Nib","Dodecahedron"],"potions_floor_usage":[16],"damage_taken":[{"damage":1.0,"enemies":"Cultist","floor":1.0,"turns":3.0},{"damage":19.0,"enemies":"Jaw Worm","floor":2.0,"turns":4.0},{"damage":6.0,"enemies":"Small Slimes","floor":3.0,"turns":4.0},{"damage":0.0,"enemies":"Blue Slaver","floor":4.0,"turns":4.0},{"damage":30.0,"enemies":"Large Slime","floor":5.0,"turns":10.0},{"damage":57.0,"enemies":"Lagavulin","floor":7.0,"turns":8.0},{"damage":0.0,"enemies":"Red Slaver","floor":8.0,"turns":4.0},{"damage":23,"enemies":"Lots of Slimes","floor":12,"turns":3},{"damage":0,"enemies":"Blue Slaver","floor":14,"turns":6},{"damage":52,"enemies":"Hexaghost","floor":16,"turns":9}],"seed_played":"-2372297169490553924","potions_obtained":[{"floor":1.0,"key":"Energy Potion"},{"floor":2.0,"key":"EssenceOfSteel"},{"floor":3.0,"key":"PowerPotion"},{"floor":4.0,"key":"SpeedPotion"},{"floor":12,"key":"EssenceOfSteel"}],"is_trial":false,"path_per_floor":["M","M","M","M","M","R","E","M","T","R","?","M","R","M","R","B"],"character_chosen":"IRONCLAD","items_purchased":[],"campfire_rested":1,"item_purchase_floors":[],"current_hp_per_floor":[73,60,60,66,52,52,7,17,17,39,32,46,46,52,52,0],"gold":191,"neow_bonus":"THREE_RARE_CARDS","is_prod":false,"is_daily":false,"chose_seed":false,"campfire_upgraded":3,"win_rate":0,"timestamp":1551738129,"path_taken":["M","M","?","M","?","R","E","M","T","R","?","?","R","M","R","BOSS"],"build_version":"2019-02-06","purchased_purges":0,"victory":false,"max_hp_per_floor":[75,75,75,75,75,75,75,75,75,75,75,75,75,75,75,75],"card_choices":[{"not_picked":["Demon Form","Offering"],"picked":"Feed","floor":0.0},{"not_picked":["Blood for Blood","Cleave"],"picked":"Infernal Blade","floor":1.0},{"not_picked":["Ghostly Armor","Thunderclap"],"picked":"Shrug It Off","floor":2.0},{"not_picked":["Twin Strike","Cleave"],"picked":"True Grit","floor":3.0},{"not_picked":["Sword Boomerang","Evolve"],"picked":"Reaper","floor":4.0},{"not_picked":["Thunderclap","Body Slam"],"picked":"Fire Breathing","floor":5.0},{"not_picked":["Body Slam","Heavy Blade"],"picked":"Rampage","floor":7.0},{"not_picked":["Heavy Blade","Headbutt"],"picked":"Shrug It Off","floor":8.0},{"not_picked":["Twin Strike","Flex"],"picked":"Evolve","floor":12},{"not_picked":["Perfected Strike","Wild Strike"],"picked":"Pummel","floor":14}],"player_experience":1029581,"relics_obtained":[{"floor":7.0,"key":"Pen Nib"},{"floor":9.0,"key":"Dodecahedron"}],"event_choices":[{"damage_healed":0.0,"max_hp_gain":0.0,"max_hp_loss":0.0,"gold_gain":50.0,"event_name":"FaceTrader","player_choice":"Touch","floor":11.0,"gold_loss":0.0,"damage_taken":7.0}],"is_beta":true,"boss_relics":[],"items_purged_floors":[],"is_endless":false,"potions_floor_spawned":[1,2,3,4,12],"killed_by":"Hexaghost","ascension_level":19}