{"path_per_floor":["M","?","?","M","M","R","?","R","T","R","E","?","$","M","R","B",null,"M","?","?","M","?","R","M","R","T","?","E","T","M"],"character_chosen":"THE_SILENT","items_purchased":["Tools of the Trade","Vajra","War Paint","Ornamental Fan"],"gold_per_floor":[210,285,285,301,311,311,311,311,360,360,688,653,28,46,46,143,143,155,155,155,166,91,91,105,105,105,105,136,136,149],"floor_reached":31,"campfire_rested":2,"playtime":3365,"current_hp_per_floor":[70,59,45,41,41,41,41,41,48,48,44,63,63,59,59,31,77,52,52,52,37,37,60,3,26,26,26,22,22,36],"items_purged":[],"gold":149,"score":264,"play_id":"0aed0f03-3743-4fc1-9c59-ac157aab8a60","is_prod":false,"is_daily":false,"is_ascension_mode":true,"campfire_upgraded":4,"path_taken":["M","?","?","M","M","R","?","R","T","R","E","?","$","M","R","BOSS","M","?","?","M","?","R","?","R","T","?","E","?","?","M"],"build_version":"2018-02-12-PROD1","purchased_purges":1,"victory":false,"master_deck":["Defend_G+1","Defend_G","Defend_G","Defend_G+1","Defend_G","Strike_G","Strike_G+1","Strike_G","Survivor+1","Neutralize+1","Outmaneuver","Underhanded Strike","Escape Plan+1","Heel Hook+1","Dodge and Roll+1","Tools of the Trade","Sucker Punch","Venomology","Blur","Footwork","Well Laid Plans","Footwork","Noxious Fumes","Dodge and Roll","Backflip+1","Flying Knee"],"max_hp_per_floor":[70,70,70,70,70,70,70,70,77,77,77,77,77,77,77,77,77,77,77,77,77,77,77,77,77,77,77,77,77,77],"relics":["Ring of the Snake","Strawberry","Old Coin","Vajra","War Paint","Ornamental Fan","The Specimen","Dream Catcher","Girya","Lantern","Gambling Chip"],"card_choices":[{"not_picked":["Slice","Underhanded Strike"],"picked":"Outmaneuver"},{"not_picked":["All Out Attack","Corpse Explosion"],"picked":"Underhanded Strike"},{"not_picked":["Outmaneuver","Malaise"],"picked":"Escape Plan"},{"not_picked":["Dagger Spray","Predator"],"picked":"Dodge and Roll"},{"not_picked":["Prepared","Skewer"],"picked":"Sucker Punch"},{"not_picked":["Wraith Form","Tools of the Trade"],"picked":"Venomology"},{"not_picked":["Flying Knee","Outmaneuver"],"picked":"Blur"},{"not_picked":["Quick Slash","Eviscerate"],"picked":"Well Laid Plans"},{"not_picked":["Heel Hook","Eviscerate"],"picked":"Footwork"},{"not_picked":["Malaise","Terror"],"picked":"Noxious Fumes"},{"not_picked":["Riddle With Holes","Skewer"],"picked":"Dodge and Roll"},{"not_picked":["Dodge and Roll","Dagger Throw"],"picked":"Backflip"},{"not_picked":["Dagger Spray","Poisoned Stab"],"picked":"Flying Knee"}],"player_experience":116341,"potions_floor_usage":[11,16,18,18,21,24,24,24,28,30,31],"damage_taken":[{"damage":0,"enemies":"Small Slimes","floor":1,"turns":3},{"damage":4,"enemies":"Blue Slaver","floor":4,"turns":4},{"damage":0,"enemies":"Jaw Worm","floor":5,"turns":5},{"damage":4,"enemies":"Lagavulin","floor":11,"turns":9},{"damage":4,"enemies":"Large Slime","floor":14,"turns":9},{"damage":28,"enemies":"Hexaghost","floor":16,"turns":15},{"damage":25,"enemies":"Chosen","floor":18,"turns":12},{"damage":15,"enemies":"Spheric Guardian","floor":21,"turns":6},{"damage":57,"enemies":"Chosen and Byrds","floor":24,"turns":14},{"damage":4,"enemies":"Book of Stabbing","floor":28,"turns":10},{"damage":1,"enemies":"Snake Plant","floor":30,"turns":9},{"damage":56,"enemies":"Cultist and Chosen","floor":31,"turns":4}],"event_choices":[{"event_name":"World of Goop","player_choice":"Gather Gold","floor":2,"damage_taken":0},{"event_name":"Shining Light","player_choice":"Entered Light","floor":3,"damage_taken":0},{"event_name":"Living Wall","player_choice":"Change","floor":7,"damage_taken":0},{"event_name":"The Cleric","player_choice":"Healed","floor":12,"damage_taken":0},{"event_name":"The Mausoleum","player_choice":"Yes","floor":19,"damage_taken":0},{"event_name":"The Library","player_choice":"Read","floor":20,"damage_taken":0},{"event_name":"Beggar","player_choice":"Gave Gold","floor":22,"damage_taken":0},{"event_name":"Cursed Tome","player_choice":"Ignored","floor":27,"damage_taken":0}],"boss_relics":[{"not_picked":["Black Star","Cursed Key"],"picked":"The Specimen"}],"potions_floor_spawned":[4,11,14,16,21,28],"seed_played":"2819903368597117954","killed_by":"Cultist and Chosen","ascension_level":1,"is_trial":false}