{"gold_per_floor":[212,428,57,232,252,252,267,267,290,300,300,312,312,331,331,435,435,415,73,85,10,10,10,44,44,67,90,108,142,142,154,154,257,307,322,332,348,401,411,411,31,31,56,69,69,84,84,35,35,35],"floor_reached":51,"playtime":3249,"items_purged":["Strike_R","Strike_R","Strike_R"],"score":757,"play_id":"6da989a2-cbe3-4137-a143-3c1754ff6ea2","local_time":"20181106052022","is_ascension_mode":false,"campfire_choices":[{"data":"Inflame","floor":6,"key":"SMITH"},{"data":"Iron Wave","floor":8,"key":"SMITH"},{"data":"Iron Wave","floor":15,"key":"SMITH"},{"data":"Metallicize","floor":23,"key":"SMITH"},{"data":"Body Slam","floor":30,"key":"SMITH"},{"data":"Ghostly Armor","floor":32,"key":"SMITH"},{"floor":40,"key":"REST"},{"data":"Juggernaut","floor":49,"key":"SMITH"}],"neow_cost":"NONE","seed_source_timestamp":3750513372310,"circlet_count":0,"master_deck":["Defend_R","Defend_R","Defend_R","Defend_R","Bash","Inflame+1","Iron Wave+1","Disarm","Ghostly Armor+1","Iron Wave+1","Battle Trance","True Grit+1","Barricade","Shrug It Off+1","Body Slam+1","Metallicize+1","Feel No Pain+1","Juggernaut+1","Shrug It Off+1","Fire Breathing+1","Iron Wave+1","Iron Wave+1","Parasite","Feel No Pain+1"],"relics":["Burning Blood","Old Coin","Ice Cream","Ancient Tea Set","CultistMask","Mummified Hand","Nloth\u0027s Gift","Self Forming Clay","Bag of Marbles","PreservedInsect","Red Mask","Tiny House","Unceasing Top","Letter Opener","Pen Nib"],"potions_floor_usage":[16,18,18,29,36,38,39,50,50,50],"damage_taken":[{"damage":1,"enemies":"Jaw Worm","floor":1,"turns":5},{"damage":5,"enemies":"Cultist","floor":5,"turns":5},{"damage":3,"enemies":"Small Slimes","floor":7,"turns":4},{"damage":15,"enemies":"Blue Slaver","floor":10,"turns":5},{"damage":3,"enemies":"2 Fungi Beasts","floor":12,"turns":5},{"damage":20,"enemies":"Gremlin Gang","floor":14,"turns":6},{"damage":33,"enemies":"Hexaghost","floor":16,"turns":16},{"damage":11,"enemies":"2 Thieves","floor":18,"turns":4},{"damage":0,"enemies":"Chosen","floor":20,"turns":9},{"damage":18,"enemies":"Slavers","floor":24,"turns":9},{"damage":3,"enemies":"Centurion and Healer","floor":28,"turns":7},{"damage":30,"enemies":"Masked Bandits","floor":29,"turns":12},{"damage":0,"enemies":"Snecko","floor":31,"turns":6},{"damage":33,"enemies":"Champ","floor":33,"turns":16},{"damage":19,"enemies":"Orb Walker","floor":35,"turns":5},{"damage":2,"enemies":"3 Shapes","floor":36,"turns":6},{"damage":9,"enemies":"3 Darklings","floor":37,"turns":7},{"damage":51,"enemies":"2 Orb Walkers","floor":38,"turns":7},{"damage":2,"enemies":"Jaw Worm Horde","floor":39,"turns":5},{"damage":0,"enemies":"Writhing Mass","floor":44,"turns":8},{"damage":5,"enemies":"Spire Growth","floor":46,"turns":6},{"damage":31,"enemies":"Time Eater","floor":50,"turns":8}],"seed_played":"7569368722117932237","potions_obtained":[{"floor":12,"key":"Strength Potion"},{"floor":14,"key":"Fire Potion"},{"floor":16,"key":"LiquidBronze"},{"floor":18,"key":"Fire Potion"},{"floor":28,"key":"SkillPotion"},{"floor":31,"key":"Ancient Potion"},{"floor":33,"key":"AttackPotion"},{"floor":34,"key":"Fruit Juice"},{"floor":36,"key":"GamblersBrew"},{"floor":44,"key":"Block Potion"},{"floor":46,"key":"Block Potion"}],"is_trial":false,"path_per_floor":["M","?","$","?","M","R","M","R","T","M","?","M","?","M","R","B",null,"M","$","M","$","?","R","E","$","T","T","M","?","R","M","R","B",null,"M","M","M","?","M","R","$","?","T","M","$","M","?","$","R","B",null],"character_chosen":"IRONCLAD","items_purchased":["Ice Cream","Mummified Hand","Metallicize","Letter Opener","PowerPotion"],"campfire_rested":1,"item_purchase_floors":[3,19,21,41,48],"current_hp_per_floor":[80,80,80,80,80,80,80,80,80,71,71,74,74,60,60,33,80,75,75,80,80,80,80,68,68,68,68,71,47,47,53,53,26,85,72,81,78,36,43,71,71,96,96,96,96,99,99,99,99,74],"gold":35,"neow_bonus":"HUNDRED_GOLD","is_prod":false,"is_daily":false,"chose_seed":false,"campfire_upgraded":7,"win_rate":0.0,"timestamp":1541499622,"path_taken":["M","?","?","?","?","R","M","R","T","M","?","?","?","M","R","BOSS","M","?","?","$","?","R","E","?","T","?","M","?","R","?","R","BOSS","M","?","M","?","M","R","$","?","T","?","?","M","?","?","R","BOSS"],"build_version":"2018-11-02","purchased_purges":3,"victory":true,"max_hp_per_floor":[80,80,80,80,80,80,80,80,80,80,80,80,80,80,80,80,80,80,80,80,80,80,80,80,80,80,80,80,80,80,80,80,80,85,85,90,90,93,96,96,96,96,96,96,96,99,99,99,99,99],"card_choices":[{"not_picked":["Twin Strike","Rage"],"picked":"Inflame","floor":1},{"not_picked":["Intimidate","Cleave"],"picked":"Iron Wave","floor":5},{"not_picked":["Shrug It Off","Power Through"],"picked":"Disarm","floor":7},{"not_picked":["Anger","Perfected Strike"],"picked":"Ghostly Armor","floor":10},{"not_picked":["Flex","Anger"],"picked":"Battle Trance","floor":12},{"not_picked":["Cleave","Demon Form"],"picked":"True Grit","floor":14},{"not_picked":["Reaper","Impervious"],"picked":"Barricade","floor":16},{"not_picked":["Heavy Blade+1","Anger+1"],"picked":"Shrug It Off+1","floor":18},{"not_picked":["Uppercut+1","Carnage+1"],"picked":"Body Slam","floor":20},{"not_picked":["Pommel Strike+1","Flex","Limit Break"],"picked":"SKIP","floor":24},{"not_picked":["Shrug It Off+1","Clothesline"],"picked":"Feel No Pain+1","floor":28},{"not_picked":["Rage","Anger","Warcry"],"picked":"SKIP","floor":31},{"not_picked":["Feed","Berserk"],"picked":"Juggernaut","floor":33},{"not_picked":["Sword Boomerang","Anger"],"picked":"Shrug It Off+1","floor":34},{"not_picked":["Cleave","Carnage"],"picked":"Feed","floor":35},{"not_picked":["Body Slam","Infernal Blade"],"picked":"Fire Breathing+1","floor":36},{"not_picked":["Pommel Strike","Cleave"],"picked":"Iron Wave+1","floor":37},{"not_picked":["Headbutt","Battle Trance"],"picked":"Iron Wave+1","floor":38},{"not_picked":["Heavy Blade","Anger+1","Fiend Fire"],"picked":"SKIP","floor":39},{"not_picked":["Iron Wave","Shrug It Off+1","Twin Strike+1"],"picked":"SKIP","floor":44},{"not_picked":["Cleave","Twin Strike+1"],"picked":"Feel No Pain+1","floor":46}],"player_experience":142251,"relics_obtained":[{"floor":9,"key":"Ancient Tea Set"},{"floor":24,"key":"Self Forming Clay"},{"floor":26,"key":"Bag of Marbles"},{"floor":27,"key":"PreservedInsect"},{"floor":29,"key":"Red Mask"},{"floor":38,"key":"Unceasing Top"},{"floor":43,"key":"Pen Nib"}],"event_choices":[{"damage_healed":0,"gold_gain":0,"player_choice":"Paid Gold","damage_taken":0,"relics_obtained":["Old Coin"],"max_hp_gain":0,"max_hp_loss":0,"event_name":"WeMeetAgain","floor":2,"gold_loss":84},{"damage_healed":0,"gold_gain":175,"player_choice":"AGREE","damage_taken":0,"max_hp_gain":0,"max_hp_loss":0,"event_name":"Liars Game","floor":4,"gold_loss":0,"cards_obtained":["Doubt"]},{"damage_healed":0,"gold_gain":0,"cards_transformed":["Strike_R"],"player_choice":"Transformed","damage_taken":0,"max_hp_gain":0,"max_hp_loss":0,"event_name":"Transmorgrifier","floor":11,"gold_loss":0,"cards_obtained":["Iron Wave"]},{"damage_healed":0,"gold_gain":0,"player_choice":"Trade","damage_taken":0,"relics_obtained":["CultistMask"],"max_hp_gain":0,"max_hp_loss":0,"event_name":"FaceTrader","floor":13,"gold_loss":0},{"damage_healed":0,"gold_gain":0,"player_choice":"Traded Relic","damage_taken":0,"relics_obtained":["Nloth\u0027s Gift"],"max_hp_gain":0,"max_hp_loss":0,"event_name":"N\u0027loth","floor":22,"relics_lost":["Empty Cage"],"gold_loss":0},{"damage_healed":0,"gold_gain":0,"player_choice":"Fought Bandits","damage_taken":0,"max_hp_gain":0,"max_hp_loss":0,"event_name":"Masked Bandits","floor":29,"gold_loss":0},{"damage_healed":0,"gold_gain":0,"player_choice":"Fight","damage_taken":0,"max_hp_gain":0,"max_hp_loss":0,"event_name":"Mysterious Sphere","floor":38,"gold_loss":0},{"damage_healed":25,"gold_gain":0,"player_choice":"Full Heal","damage_taken":0,"max_hp_gain":0,"max_hp_loss":0,"event_name":"Wheel of Change","floor":42,"gold_loss":0},{"cards_removed":["Feed"],"damage_healed":0,"gold_gain":0,"player_choice":"Removed Attack","damage_taken":0,"max_hp_gain":0,"max_hp_loss":0,"event_name":"Falling","floor":47,"gold_loss":0}],"is_beta":true,"boss_relics":[{"not_picked":["Velvet Choker","Lizard Tail"],"picked":"Empty Cage"},{"not_picked":["Cursed Key","Runic Pyramid"],"picked":"Tiny House"}],"items_purged_floors":[3,19,41],"is_endless":false,"potions_floor_spawned":[12,14,16,18,28,31,33,36,37,44,46],"ascension_level":0}