{"gold_per_floor":[16,31,31,42,42,69,69,85,112,125,125,152,165,182,182,277,277,287,287,268,268,113,113,148,148,172,172,16,29,29],"floor_reached":30,"playtime":3789,"items_purged":[],"score":311,"play_id":"5dbf30c9-24ac-442f-ba2c-1ea85fab827a","local_time":"20190608220928","is_ascension_mode":true,"campfire_choices":[{"floor":7.0,"key":"REST"},{"floor":15.0,"key":"REST"},{"floor":23.0,"key":"RECALL"},{"floor":25.0,"key":"REST"},{"floor":27.0,"key":"REST"}],"neow_cost":"NO_GOLD","seed_source_timestamp":0,"circlet_count":0,"master_deck":["Defend_G","Defend_G","Defend_G","Defend_G","Strike_G","Strike_G","Strike_G","Strike_G","Strike_G","Survivor","Neutralize","Poisoned Stab","Poisoned Stab","Poisoned Stab","Caltrops","Night Terror","Noxious Fumes","Noxious Fumes","Dodge and Roll","Outmaneuver","Envenom","Bane","Quick Slash+1","Mind Blast","Caltrops","Envenom","Sucker Punch","Well Laid Plans"],"special_seed":0,"relics":["Ring of the Snake","Strawberry","Blood Vial","Pen Nib","White Beast Statue","Potion Belt","PreservedInsect","Anchor"],"potions_floor_usage":[30],"damage_taken":[{"damage":6.0,"enemies":"Jaw Worm","floor":1.0,"turns":5.0},{"damage":0.0,"enemies":"Small Slimes","floor":2.0,"turns":3.0},{"damage":1.0,"enemies":"Cultist","floor":4.0,"turns":3.0},{"damage":26.0,"enemies":"Lagavulin","floor":6.0,"turns":7.0},{"damage":1.0,"enemies":"3 Louse","floor":8.0,"turns":3.0},{"damage":5.0,"enemies":"Exordium Wildlife","floor":10.0,"turns":3.0},{"damage":13.0,"enemies":"Gremlin Nob","floor":12.0,"turns":4.0},{"damage":15.0,"enemies":"Lots of Slimes","floor":13.0,"turns":3.0},{"damage":12.0,"enemies":"3 Louse","floor":14.0,"turns":3.0},{"damage":7.0,"enemies":"The Guardian","floor":16.0,"turns":9.0},{"damage":34.0,"enemies":"Shell Parasite","floor":18.0,"turns":6.0},{"damage":36.0,"enemies":"2 Thieves","floor":20.0,"turns":4.0},{"damage":54.0,"enemies":"Gremlin Leader","floor":24.0,"turns":8.0},{"damage":25.0,"enemies":"Chosen and Byrds","floor":29.0,"turns":8.0},{"damage":34,"enemies":"Snecko","floor":30,"turns":5}],"seed_played":"5789921577357870162","potions_obtained":[{"floor":2.0,"key":"SpeedPotion"},{"floor":6.0,"key":"Block Potion"},{"floor":8.0,"key":"Dexterity Potion"},{"floor":13.0,"key":"PowerPotion"},{"floor":14.0,"key":"Energy Potion"},{"floor":16.0,"key":"Explosive Potion"},{"floor":18.0,"key":"Swift Potion"},{"floor":20.0,"key":"Swift Potion"},{"floor":24.0,"key":"AttackPotion"},{"floor":29.0,"key":"Ancient Potion"}],"is_trial":false,"path_per_floor":["M","M","?","M","?","E","R","M","T","M","?","E","M","M","R","B",null,"M","?","M","?","$","R","E","R","T","R","$","M","M"],"character_chosen":"THE_SILENT","items_purchased":["Potion Belt","Anchor"],"campfire_rested":4,"item_purchase_floors":[22,28],"current_hp_per_floor":[78,78,78,77,77,58,85,84,84,81,81,70,57,47,74,69,91,57,87,53,53,53,53,1,28,28,55,55,32,0],"gold":29,"neow_bonus":"TWENTY_PERCENT_HP_BONUS","is_prod":false,"is_daily":false,"chose_seed":false,"campfire_upgraded":0,"win_rate":0,"timestamp":1560046168,"path_taken":["M","M","?","M","?","E","R","M","T","?","?","E","M","M","R","BOSS","M","?","M","?","$","R","E","R","T","R","$","M","?"],"build_version":"2019-01-23","purchased_purges":0,"victory":false,"max_hp_per_floor":[84,84,84,84,84,91,91,91,91,91,91,91,91,91,91,91,91,91,91,91,91,91,91,91,91,91,91,91,91,91],"card_choices":[{"not_picked":["Underhanded Strike","Sucker Punch"],"picked":"Poisoned Stab","floor":1.0},{"not_picked":["Finisher","Blade Dance"],"picked":"Poisoned Stab","floor":2.0},{"not_picked":["Leg Sweep","Bane"],"picked":"Poisoned Stab","floor":4.0},{"not_picked":["Deflect","Cloak And Dagger"],"picked":"Night Terror","floor":6.0},{"not_picked":["Underhanded Strike","Skewer","Prepared"],"picked":"SKIP","floor":8.0},{"not_picked":["Sucker Punch","Blade Dance"],"picked":"Noxious Fumes","floor":10.0},{"not_picked":["Outmaneuver","Acrobatics"],"picked":"Noxious Fumes","floor":12.0},{"not_picked":["Slice","Cloak And Dagger"],"picked":"Dodge and Roll","floor":13.0},{"not_picked":["Cloak And Dagger","Bane"],"picked":"Outmaneuver","floor":14.0},{"not_picked":["Tools of the Trade","Night Terror"],"picked":"Envenom","floor":16.0},{"not_picked":["Cloak And Dagger","Riddle With Holes+1"],"picked":"Bane","floor":18.0},{"not_picked":["Riddle With Holes","Sucker Punch"],"picked":"Quick Slash+1","floor":20.0},{"not_picked":["Bane","Setup"],"picked":"Sucker Punch","floor":24.0},{"not_picked":["Slice+1","Bane"],"picked":"Well Laid Plans","floor":29.0}],"player_experience":437820,"relics_obtained":[{"floor":6.0,"key":"Strawberry"},{"floor":9.0,"key":"Blood Vial"},{"floor":12.0,"key":"Pen Nib"},{"floor":24.0,"key":"PreservedInsect"}],"event_choices":[{"damage_healed":0.0,"max_hp_gain":0.0,"max_hp_loss":0.0,"gold_gain":0.0,"event_name":"Shining Light","player_choice":"Ignored","floor":3.0,"gold_loss":0.0,"damage_taken":0.0},{"damage_healed":0.0,"max_hp_gain":0.0,"max_hp_loss":0.0,"gold_gain":0.0,"cards_transformed":["Defend_G"],"event_name":"Transmorgrifier","player_choice":"Transformed","floor":5.0,"gold_loss":0.0,"damage_taken":0.0,"cards_obtained":["Caltrops"]},{"damage_healed":0.0,"max_hp_gain":0.0,"max_hp_loss":0.0,"gold_gain":0.0,"event_name":"Liars Game","player_choice":"Ignored","floor":11.0,"gold_loss":0.0,"damage_taken":0.0},{"damage_healed":30.0,"max_hp_gain":0.0,"max_hp_loss":0.0,"gold_gain":0.0,"event_name":"The Library","player_choice":"Heal","floor":19.0,"gold_loss":0.0,"damage_taken":0.0},{"damage_healed":0.0,"max_hp_gain":0.0,"max_hp_loss":0.0,"gold_gain":0.0,"event_name":"Match and Keep!","player_choice":"3 cards matched","floor":21.0,"gold_loss":0.0,"damage_taken":0.0,"cards_obtained":["Mind Blast","Caltrops","Envenom"]}],"is_beta":false,"boss_relics":[{"not_picked":["Ectoplasm","Lizard Tail"],"picked":"White Beast Statue"}],"items_purged_floors":[],"is_endless":false,"potions_floor_spawned":[2,6,8,13,14,16,18,20,24,29],"killed_by":"Snecko","ascension_level":2}