{"gold_per_floor":[114,125,125,135,185,185,360,360,360,4,4,4,19,35,35,138,138,154,169,180,95,95,95,126,126,126,146,158,158,158,83,83,179,179,199,216,234,189,204,214,214],"floor_reached":41,"playtime":1989,"items_purged":["Strike_R"],"score":466,"play_id":"99657cb0-3860-4303-9765-e652bbbb2ddd","local_time":"20190719001504","is_ascension_mode":true,"campfire_choices":[{"data":"Hemokinesis","floor":6.0,"key":"SMITH"},{"data":"Bash","floor":8.0,"key":"SMITH"},{"data":"Searing Blow","floor":11.0,"key":"SMITH"},{"data":"Searing Blow+1","floor":15.0,"key":"SMITH"},{"data":"Searing Blow+2","floor":23.0,"key":"SMITH"},{"data":"Searing Blow+3","floor":29.0,"key":"SMITH"},{"floor":32.0,"key":"REST"}],"neow_cost":"NONE","seed_source_timestamp":0,"circlet_count":0,"master_deck":["Strike_R+1","Strike_R+1","Strike_R+1","Defend_R+1","Defend_R+1","Defend_R+1","Defend_R+1","Bash+1","Shrug It Off","Hemokinesis+1","Cleave","Searing Blow+4","Cleave","Feed","Uppercut+1","Flex"],"special_seed":0,"relics":["Burning Blood","NeowsBlessing","Bag of Preparation","Gremlin Horn","Sling","Mercury Hourglass","Busted Crown","Omamori","Blood Vial","Calipers","MutagenicStrength","Eternal Feather"],"potions_floor_usage":[],"damage_taken":[{"damage":0.0,"enemies":"2 Louse","floor":1.0,"turns":1.0},{"damage":0.0,"enemies":"Cultist","floor":2.0,"turns":1.0},{"damage":0.0,"enemies":"Small Slimes","floor":4.0,"turns":1.0},{"damage":10.0,"enemies":"Blue Slaver","floor":13.0,"turns":2.0},{"damage":0.0,"enemies":"Lots of Slimes","floor":14.0,"turns":2.0},{"damage":28.0,"enemies":"The Guardian","floor":16.0,"turns":11.0},{"damage":29.0,"enemies":"Spheric Guardian","floor":18.0,"turns":4.0},{"damage":2.0,"enemies":"Shell Parasite","floor":19.0,"turns":2.0},{"damage":24.0,"enemies":"Centurion and Healer","floor":20.0,"turns":6.0},{"damage":34.0,"enemies":"Gremlin Leader","floor":24.0,"turns":5.0},{"damage":22.0,"enemies":"Snake Plant","floor":27.0,"turns":3.0},{"damage":12.0,"enemies":"Shelled Parasite and Fungi","floor":28.0,"turns":4.0},{"damage":56.0,"enemies":"Collector","floor":33.0,"turns":6.0},{"damage":6.0,"enemies":"3 Darklings","floor":35.0,"turns":4.0},{"damage":0.0,"enemies":"3 Shapes","floor":36.0,"turns":2.0},{"damage":14.0,"enemies":"Transient","floor":37.0,"turns":5.0},{"damage":26.0,"enemies":"Writhing Mass","floor":39.0,"turns":4.0},{"damage":25.0,"enemies":"3 Darklings","floor":40.0,"turns":4.0},{"damage":0,"enemies":"Giant Head","floor":41,"turns":1}],"seed_played":"-7705390484598649380","potions_obtained":[{"floor":4.0,"key":"Dexterity Potion"},{"floor":14.0,"key":"Explosive Potion"},{"floor":16.0,"key":"BloodPotion"},{"floor":18.0,"key":"Energy Potion"},{"floor":20.0,"key":"PowerPotion"},{"floor":24.0,"key":"Regen Potion"},{"floor":33.0,"key":"Ancient Potion"},{"floor":35.0,"key":"SpeedPotion"},{"floor":37.0,"key":"Weak Potion"}],"is_trial":false,"path_per_floor":["M","M","?","M","T","R","?","R","T","$","R","T","M","M","R","B",null,"M","M","M","?","?","R","E","?","T","M","M","R","?","?","R","B",null,"M","M","M","$","M","M","E"],"character_chosen":"IRONCLAD","items_purchased":["Sling","Searing Blow","Flex"],"campfire_rested":1,"item_purchase_floors":[10,10,38],"current_hp_per_floor":[80,80,80,80,80,80,80,80,80,80,80,80,76,80,80,58,80,57,83,68,68,68,68,40,40,40,26,25,25,25,25,51,18,89,89,89,81,81,63,46,46],"gold":214,"neow_bonus":"THREE_ENEMY_KILL","is_prod":false,"is_daily":false,"chose_seed":false,"campfire_upgraded":6,"win_rate":0,"timestamp":1563509704,"path_taken":["M","M","?","?","?","R","?","R","T","?","R","?","M","M","R","BOSS","M","M","?","?","?","R","E","?","T","M","M","R","?","?","R","BOSS","M","M","M","$","M","M","E"],"build_version":"2019-07-17","purchased_purges":1,"victory":false,"max_hp_per_floor":[80,80,80,80,80,80,80,80,80,80,80,80,80,80,80,80,80,80,83,86,86,86,86,86,86,86,86,89,89,89,89,89,89,89,89,89,89,89,89,89,89],"card_choices":[{"not_picked":["Iron Wave","Inflame"],"picked":"Shrug It Off","floor":1.0},{"not_picked":["Flame Barrier","Clash"],"picked":"Hemokinesis","floor":2.0},{"not_picked":["Perfected Strike","Headbutt"],"picked":"Cleave","floor":4.0},{"not_picked":["Sword Boomerang","Clash","Body Slam"],"picked":"SKIP","floor":13.0},{"not_picked":["Sentinel","Pommel Strike"],"picked":"Cleave","floor":14.0},{"not_picked":["Bludgeon","Impervious"],"picked":"Feed","floor":16.0},{"not_picked":["Evolve"],"picked":"SKIP","floor":18.0},{"not_picked":["Rampage"],"picked":"SKIP","floor":19.0},{"not_picked":[],"picked":"Uppercut+1","floor":20.0},{"not_picked":["Twin Strike+1"],"picked":"SKIP","floor":24.0},{"not_picked":["Thunderclap"],"picked":"SKIP","floor":27.0},{"not_picked":["Perfected Strike+1"],"picked":"SKIP","floor":28.0},{"not_picked":["Evolve+1"],"picked":"SKIP","floor":35.0},{"not_picked":["Wild Strike+1"],"picked":"SKIP","floor":36.0},{"not_picked":["Searing Blow"],"picked":"SKIP","floor":37.0},{"not_picked":["Clash"],"picked":"SKIP","floor":39.0},{"not_picked":["Infernal Blade+1"],"picked":"SKIP","floor":40.0}],"player_experience":747796,"relics_obtained":[{"floor":5.0,"key":"Bag of Preparation"},{"floor":9.0,"key":"Gremlin Horn"},{"floor":12.0,"key":"Mercury Hourglass"},{"floor":24.0,"key":"Blood Vial"},{"floor":26.0,"key":"Calipers"}],"event_choices":[{"cards_removed":["Strike_R"],"damage_healed":0.0,"max_hp_gain":0.0,"max_hp_loss":0.0,"gold_gain":0.0,"event_name":"Purifier","player_choice":"Purged","floor":3.0,"gold_loss":0.0,"damage_taken":0.0},{"damage_healed":0.0,"max_hp_gain":0.0,"max_hp_loss":0.0,"gold_gain":175.0,"event_name":"Liars Game","player_choice":"AGREE","floor":7.0,"gold_loss":0.0,"damage_taken":0.0,"cards_obtained":["Doubt"]},{"damage_healed":0.0,"max_hp_gain":0.0,"max_hp_loss":0.0,"gold_gain":0.0,"event_name":"Addict","player_choice":"Obtained Relic","floor":21.0,"gold_loss":85.0,"damage_taken":0.0,"relics_obtained":["Omamori"]},{"damage_healed":0.0,"max_hp_gain":0.0,"max_hp_loss":0.0,"gold_gain":0.0,"event_name":"Ghosts","player_choice":"Ignored","floor":22.0,"gold_loss":0.0,"damage_taken":0.0},{"damage_healed":0.0,"max_hp_gain":0.0,"max_hp_loss":0.0,"gold_gain":0.0,"event_name":"Back to Basics","player_choice":"Simplicity","floor":25.0,"gold_loss":0.0,"damage_taken":0.0,"cards_upgraded":["Strike_R","Strike_R","Strike_R","Defend_R","Defend_R","Defend_R","Defend_R"]},{"damage_healed":0.0,"max_hp_gain":0.0,"max_hp_loss":0.0,"gold_gain":0.0,"event_name":"Drug Dealer","player_choice":"Inject Mutagens","floor":30.0,"gold_loss":0.0,"damage_taken":0.0,"relics_obtained":["MutagenicStrength"]},{"cards_removed":["Doubt"],"damage_healed":0.0,"max_hp_gain":0.0,"max_hp_loss":0.0,"gold_gain":0.0,"event_name":"Beggar","player_choice":"Gave Gold","floor":31.0,"gold_loss":75.0,"damage_taken":0.0}],"is_beta":false,"boss_relics":[{"not_picked":["Astrolabe","Snecko Eye"],"picked":"Busted Crown"},{"not_picked":["Pandora\u0027s Box","Cursed Key"],"picked":"Eternal Feather"}],"items_purged_floors":[10],"is_endless":false,"potions_floor_spawned":[4,14,16,18,20,24,33,35,37],"killed_by":"Giant Head","ascension_level":3}