{"gold_per_floor":[111,111,111,126,126,126,138,149,149,149,74,74,100,112,112,189,189,206,217,217,316,336,336,346,346,373,408,408,422,105,132,132,209,259,275,289,306,306,320,320,51,51,77,101,134,150,150,179,179,179],"floor_reached":50,"playtime":2635,"items_purged":["Strike_B","Defend_B","Consume+1"],"score":917,"play_id":"e334a93b-5893-459b-a4d9-a045695d35d0","local_time":"20190112070712","is_ascension_mode":true,"campfire_choices":[{"data":"Go for the Eyes","floor":6.0,"key":"SMITH"},{"data":"Chaos","floor":10.0,"key":"SMITH"},{"data":"Zap","floor":12.0,"key":"SMITH"},{"floor":15.0,"key":"REST"},{"floor":23.0,"key":"REST"},{"floor":28.0,"key":"REST"},{"floor":32.0,"key":"REST"},{"floor":40,"key":"RECALL"},{"data":"Creative AI","floor":47,"key":"SMITH"},{"data":"Capacitor","floor":49,"key":"SMITH"}],"neow_cost":"NONE","seed_source_timestamp":126631421364879,"circlet_count":0,"master_deck":["AscendersBane","Strike_B+1","Defend_B+1","Zap+1","Go for the Eyes+1","Glacier+1","Chaos+1","Heatsinks+1","Skim+1","Glacier+1","Electrodynamics+1","Core Surge+1","All For One+1","Glacier+1","Blizzard+1","Cold Snap+1","Heatsinks+1","Loop+1","Leap+1","Defragment+1","Amplify+1","Coolheaded+1","Self Repair+1","Defragment+1","Creative AI+1","Capacitor+1"],"special_seed":0,"relics":["Cracked Core","Omamori","Odd Mushroom","Astrolabe","Lantern","Bottled Flame","Ancient Tea Set","DataDisk","Tiny House","Mark of the Bloom","Vajra","War Paint","Regal Pillow","Blue Candle","Meat on the Bone"],"potions_floor_usage":[48],"damage_taken":[{"damage":7.0,"enemies":"Small Slimes","floor":1.0,"turns":4.0},{"damage":5.0,"enemies":"2 Louse","floor":4.0,"turns":2.0},{"damage":7.0,"enemies":"Jaw Worm","floor":7.0,"turns":2.0},{"damage":0.0,"enemies":"Looter","floor":8.0,"turns":4.0},{"damage":20.0,"enemies":"The Mushroom Lair","floor":13.0,"turns":4.0},{"damage":0.0,"enemies":"Blue Slaver","floor":14.0,"turns":3.0},{"damage":29.0,"enemies":"Slime Boss","floor":16.0,"turns":15.0},{"damage":4.0,"enemies":"Spheric Guardian","floor":18.0,"turns":8.0},{"damage":1.0,"enemies":"Chosen","floor":19.0,"turns":5.0},{"damage":4.0,"enemies":"Snake Plant","floor":22.0,"turns":5.0},{"damage":19.0,"enemies":"Centurion and Healer","floor":24.0,"turns":6.0},{"damage":42.0,"enemies":"Slavers","floor":27.0,"turns":4.0},{"damage":22.0,"enemies":"3 Cultists","floor":29.0,"turns":4.0},{"damage":14.0,"enemies":"Collector","floor":33.0,"turns":12.0},{"damage":6.0,"enemies":"3 Shapes","floor":35.0,"turns":3.0},{"damage":0.0,"enemies":"Orb Walker","floor":36.0,"turns":6.0},{"damage":22,"enemies":"Writhing Mass","floor":37,"turns":10},{"damage":0,"enemies":"Jaw Worm Horde","floor":39,"turns":1},{"damage":13,"enemies":"Reptomancer","floor":45,"turns":8},{"damage":4,"enemies":"Sphere and 2 Shapes","floor":46,"turns":6},{"damage":21,"enemies":"Nemesis","floor":48,"turns":21},{"damage":33,"enemies":"Awakened One","floor":50,"turns":3}],"seed_played":"-3435135439810681544","potions_obtained":[{"floor":4.0,"key":"EssenceOfSteel"},{"floor":14.0,"key":"AttackPotion"},{"floor":18.0,"key":"FearPotion"},{"floor":19.0,"key":"Energy Potion"},{"floor":24.0,"key":"Strength Potion"},{"floor":29.0,"key":"AttackPotion"},{"floor":33.0,"key":"LiquidBronze"},{"floor":34.0,"key":"SteroidPotion"},{"floor":36.0,"key":"PowerPotion"},{"floor":39,"key":"FairyPotion"},{"floor":48,"key":"FairyPotion"}],"is_trial":false,"path_per_floor":["M","?","?","M","?","R","M","M","T","R","$","R","?","M","R","B",null,"M","M","?","?","M","R","M","?","T","E","R","M","$","T","R","B",null,"M","M","M","?","M","R","$","?","T","T","E","M","R","E","R","B"],"character_chosen":"DEFECT","items_purchased":["Defragment","Ancient Tea Set","Vajra"],"campfire_rested":4,"item_purchase_floors":[30,30,41],"current_hp_per_floor":[64,64,69,64,47,47,40,40,40,40,40,40,20,20,44,15,66,62,61,45,45,41,67,48,48,48,6,32,10,10,10,36,22,77,71,78,63,63,63,63,63,63,63,63,50,46,46,25,25,0],"gold":179,"neow_bonus":"TEN_PERCENT_HP_BONUS","is_prod":false,"is_daily":false,"chose_seed":false,"campfire_upgraded":5,"win_rate":0,"timestamp":1547294832,"path_taken":["M","?","?","M","?","R","?","M","T","R","$","R","?","M","R","BOSS","M","M","?","?","M","R","M","?","T","E","R","?","?","?","R","BOSS","M","?","M","?","M","R","$","?","T","?","E","?","R","E","R","BOSS"],"build_version":"2019-01-10","purchased_purges":3,"victory":false,"max_hp_per_floor":[78,78,83,83,83,83,83,83,83,83,83,83,83,83,83,83,83,83,83,88,88,88,88,88,88,88,88,88,88,88,88,88,88,93,93,93,93,93,93,93,93,93,93,93,93,93,93,93,93,93],"card_choices":[{"not_picked":["Compile Driver","Streamline"],"picked":"Go for the Eyes","floor":1.0},{"not_picked":["Turbo","Ball Lightning"],"picked":"Glacier","floor":4.0},{"not_picked":["Sweeping Beam","All For One"],"picked":"Chaos","floor":7.0},{"not_picked":["Gash","Streamline"],"picked":"Heatsinks","floor":8.0},{"not_picked":["Steam","Gash"],"picked":"Skim","floor":13.0},{"not_picked":["Steam","Rip and Tear"],"picked":"Glacier","floor":14.0},{"not_picked":["Hyperbeam","Machine Learning"],"picked":"Electrodynamics","floor":16.0},{"not_picked":["Leap","Go for the Eyes"],"picked":"Blizzard","floor":18.0},{"not_picked":["Reprogram","Turbo"],"picked":"Cold Snap","floor":19.0},{"not_picked":["Stack","Fission"],"picked":"Heatsinks","floor":22.0},{"not_picked":["Tempest+1","Force Field+1"],"picked":"Loop","floor":24.0},{"not_picked":["Barrage","Beam Cell+1","Go for the Eyes"],"picked":"SKIP","floor":27.0},{"not_picked":["Streamline","Hologram"],"picked":"Leap+1","floor":29.0},{"not_picked":["Fission","All For One"],"picked":"Amplify","floor":33.0},{"not_picked":["Streamline","Force Field"],"picked":"Coolheaded","floor":34.0},{"not_picked":["Sweeping Beam","Redo"],"picked":"Self Repair","floor":35.0},{"not_picked":["Barrage+1","Cold Snap","Compile Driver"],"picked":"SKIP","floor":36.0},{"not_picked":["Genetic Algorithm","Redo"],"picked":"Defragment","floor":37},{"not_picked":["Beam Cell","Cold Snap","Consume"],"picked":"SKIP","floor":39},{"not_picked":["Turbo","Compile Driver","Barrage"],"picked":"SKIP","floor":45},{"not_picked":["Hello World","Coolheaded"],"picked":"Creative AI","floor":46},{"not_picked":["Aggregate","Undo"],"picked":"Capacitor","floor":48}],"player_experience":794610,"relics_obtained":[{"floor":9.0,"key":"Omamori"},{"floor":13.0,"key":"Odd Mushroom"},{"floor":26.0,"key":"Lantern"},{"floor":27.0,"key":"Bottled Flame"},{"floor":31.0,"key":"DataDisk"},{"floor":43,"key":"War Paint"},{"floor":44,"key":"Regal Pillow"},{"floor":45,"key":"Blue Candle"},{"floor":48,"key":"Meat on the Bone"}],"event_choices":[{"damage_healed":0.0,"max_hp_gain":0.0,"max_hp_loss":0.0,"gold_gain":0.0,"cards_transformed":["Strike_B"],"event_name":"Living Wall","player_choice":"Change","floor":2.0,"gold_loss":0.0,"damage_taken":0.0,"cards_obtained":["Consume"]},{"damage_healed":0.0,"max_hp_gain":5.0,"max_hp_loss":0.0,"gold_gain":0.0,"event_name":"Big Fish","player_choice":"Donut","floor":3.0,"gold_loss":0.0,"damage_taken":0.0},{"damage_healed":0.0,"max_hp_gain":0.0,"max_hp_loss":0.0,"gold_gain":0.0,"event_name":"Shining Light","player_choice":"Entered Light","floor":5.0,"gold_loss":0.0,"damage_taken":17.0,"cards_upgraded":["Consume","Strike_B"]},{"damage_healed":0.0,"max_hp_gain":0.0,"max_hp_loss":0.0,"gold_gain":0.0,"event_name":"Mushrooms","player_choice":"Fought Mushrooms","floor":13.0,"gold_loss":0.0,"damage_taken":0.0},{"damage_healed":0.0,"max_hp_gain":5.0,"max_hp_loss":0.0,"gold_gain":0.0,"event_name":"Forgotten Altar","player_choice":"Shed Blood","floor":20.0,"gold_loss":0.0,"damage_taken":21.0},{"damage_healed":0.0,"max_hp_gain":0.0,"max_hp_loss":0.0,"gold_gain":99.0,"event_name":"Nest","player_choice":"Stole From Cult","floor":21.0,"gold_loss":0.0,"damage_taken":0.0},{"cards_removed":["Defend_B"],"damage_healed":0.0,"max_hp_gain":0.0,"max_hp_loss":0.0,"gold_gain":0.0,"event_name":"Purifier","player_choice":"Purged","floor":25.0,"gold_loss":0.0,"damage_taken":0.0},{"damage_healed":0,"gold_gain":0,"player_choice":"Upgrade","damage_taken":0,"relics_obtained":["Mark of the Bloom"],"max_hp_gain":0,"max_hp_loss":0,"event_name":"MindBloom","floor":38,"gold_loss":0,"cards_upgraded":["Defend_B","Glacier","Heatsinks","Skim","Glacier","Blizzard","Cold Snap","Heatsinks","Loop","Defragment","Amplify","Coolheaded","Self Repair","Defragment"]},{"damage_healed":0,"gold_gain":0,"player_choice":"Ignored","damage_taken":0,"max_hp_gain":0,"max_hp_loss":0,"event_name":"Mysterious Sphere","floor":42,"gold_loss":0}],"is_beta":true,"boss_relics":[{"not_picked":["Snecko Eye","Ectoplasm"],"picked":"Astrolabe"},{"not_picked":["Philosopher\u0027s Stone","Black Star"],"picked":"Tiny House"}],"items_purged_floors":[11,30,41],"is_endless":false,"potions_floor_spawned":[4,14,18,19,24,29,33,36,37,39,45,48],"killed_by":"Awakened One","ascension_level":14}