{"gold_per_floor":[119,69,84,11,21,21,36,65,111,139,139,152,152,179,179,179],"floor_reached":16,"playtime":538,"items_purged":[],"score":126,"play_id":"20669b05-ef09-40a1-9b58-2e5e4f917920","local_time":"20190710192207","is_ascension_mode":true,"campfire_choices":[{"data":"Berserk","floor":6,"key":"SMITH"},{"data":"Cleave","floor":11,"key":"SMITH"},{"floor":13,"key":"REST"},{"data":"Pommel Strike","floor":15,"key":"SMITH"}],"neow_cost":"NONE","seed_source_timestamp":1289173674123300,"circlet_count":0,"master_deck":["Strike_R","Strike_R","Strike_R","Strike_R","Defend_R","Defend_R","Defend_R","Defend_R","Bash+1","Berserk+1","Headbutt","Cleave+1","Whirlwind+1","Thunderclap","Pommel Strike+1"],"relics":["Burning Blood","Singing Bowl","Whetstone","Frozen Egg 2"],"potions_floor_usage":[10,10,16,16],"damage_taken":[{"damage":6,"enemies":"Jaw Worm","floor":1,"turns":3},{"damage":9,"enemies":"2 Louse","floor":3,"turns":2},{"damage":10,"enemies":"Small Slimes","floor":5,"turns":3},{"damage":0,"enemies":"3 Louse","floor":7,"turns":1},{"damage":40,"enemies":"Lagavulin","floor":8,"turns":5},{"damage":28,"enemies":"Gremlin Nob","floor":10,"turns":4},{"damage":10,"enemies":"Exordium Thugs","floor":12,"turns":4},{"damage":13,"enemies":"3 Sentries","floor":14,"turns":3},{"damage":44,"enemies":"Hexaghost","floor":16,"turns":7}],"seed_played":"3485228356811685512","potions_obtained":[{"floor":3,"key":"SpeedPotion"},{"floor":7,"key":"Poison Potion"},{"floor":12,"key":"LiquidBronze"},{"floor":14,"key":"GamblersBrew"}],"is_trial":false,"path_per_floor":["M","?","M","$","M","R","M","E","T","E","R","M","R","E","R","B"],"character_chosen":"IRONCLAD","items_purchased":["Whirlwind"],"campfire_rested":1,"item_purchase_floors":[4],"current_hp_per_floor":[80,80,77,77,73,73,79,47,47,27,27,23,48,43,43,0],"gold":179,"neow_bonus":"ONE_RANDOM_RARE_CARD","is_prod":false,"is_daily":false,"chose_seed":false,"campfire_upgraded":3,"win_rate":0,"timestamp":1562800927,"path_taken":["M","?","M","$","M","R","M","E","T","E","R","M","R","E","R","BOSS"],"build_version":"2019-07-05","purchased_purges":0,"victory":false,"max_hp_per_floor":[80,80,80,80,80,80,80,82,82,84,84,84,84,86,86,86],"card_choices":[{"not_picked":["Flex","Feel No Pain"],"picked":"Headbutt","floor":1},{"not_picked":["Rage","Shrug It Off"],"picked":"Cleave","floor":3},{"not_picked":["Headbutt","Perfected Strike"],"picked":"Thunderclap","floor":5},{"not_picked":["Perfected Strike","Sword Boomerang","Armaments"],"picked":"SKIP","floor":7},{"not_picked":["Wild Strike","Body Slam","Heavy Blade"],"picked":"Singing Bowl","floor":8},{"not_picked":["Intimidate","Iron Wave","Combust"],"picked":"Singing Bowl","floor":10},{"not_picked":["Sentinel","Iron Wave"],"picked":"Pommel Strike","floor":12},{"not_picked":["Sword Boomerang","Evolve","Wild Strike"],"picked":"Singing Bowl","floor":14}],"player_experience":616766,"relics_obtained":[{"floor":8,"key":"Singing Bowl"},{"floor":10,"key":"Whetstone"},{"floor":14,"key":"Frozen Egg 2"}],"event_choices":[{"cards_removed":["Strike_R"],"damage_healed":0,"gold_gain":0,"player_choice":"Card Removal","damage_taken":0,"max_hp_gain":0,"max_hp_loss":0,"event_name":"The Cleric","floor":2,"gold_loss":50}],"is_beta":false,"boss_relics":[],"items_purged_floors":[],"is_endless":false,"potions_floor_spawned":[3,7,12,14],"killed_by":"Hexaghost","ascension_level":1}