{"gold_per_floor":[110,110,185,360,370,695,18,44,44,71,71,88,106,131,131,230,230,204,204,26,26,44,44],"floor_reached":23,"playtime":945,"items_purged":["Doubt","Pain"],"score":244,"play_id":"aca1b659-fc5c-446b-ac56-c83bfede3539","local_time":"20190726220056","is_ascension_mode":true,"campfire_choices":[{"data":"Armaments","floor":11,"key":"SMITH"},{"floor":15,"key":"RECALL"}],"neow_cost":"NONE","seed_source_timestamp":3194165735400800,"circlet_count":0,"master_deck":["Strike_R","Strike_R","Strike_R","Strike_R","Strike_R","Defend_R","Defend_R","Defend_R","Defend_R","Bash","Armaments+1","Shrug It Off","Carnage","Flame Barrier","Reaper","Spot Weakness","Carnage","Disarm","Heavy Blade","Barricade","Fiend Fire","Bloodletting","Battle Trance","Seeing Red","Whirlwind+1"],"relics":["Burning Blood","NeowsBlessing","Magic Flower","Old Coin","ClockworkSouvenir","Ornamental Fan","Matryoshka","Centennial Puzzle","Pantograph","Odd Mushroom","Runic Cube","WarpedTongs"],"potions_floor_usage":[10,16,16,16],"damage_taken":[{"damage":0,"enemies":"2 Louse","floor":1,"turns":1},{"damage":0,"enemies":"Jaw Worm","floor":5,"turns":1},{"damage":0,"enemies":"3 Sentries","floor":6,"turns":2},{"damage":49,"enemies":"Lagavulin","floor":8,"turns":12},{"damage":38,"enemies":"Gremlin Nob","floor":10,"turns":6},{"damage":0,"enemies":"Small Slimes","floor":12,"turns":3},{"damage":4,"enemies":"Blue Slaver","floor":13,"turns":2},{"damage":29,"enemies":"The Mushroom Lair","floor":14,"turns":5},{"damage":46,"enemies":"The Guardian","floor":16,"turns":7},{"damage":45,"enemies":"2 Thieves","floor":18,"turns":5},{"damage":3,"enemies":"Spheric Guardian","floor":22,"turns":1},{"damage":83,"enemies":"Slavers","floor":23,"turns":6}],"seed_played":"-1235836572624441695","potions_obtained":[{"floor":8,"key":"SpeedPotion"},{"floor":12,"key":"Strength Potion"},{"floor":13,"key":"LiquidBronze"},{"floor":14,"key":"FearPotion"}],"is_trial":false,"path_per_floor":["M","?","?","?","M","E","$","E","T","E","R","M","M","?","R","B",null,"M","?","$","?","M","E"],"character_chosen":"IRONCLAD","items_purchased":["ClockworkSouvenir","Ornamental Fan","Flame Barrier","Reaper","Battle Trance"],"campfire_rested":0,"item_purchase_floors":[7,7,7,7,20],"current_hp_per_floor":[80,77,66,66,75,80,80,45,45,34,34,43,48,64,64,72,80,71,71,71,71,77,0],"gold":44,"neow_bonus":"THREE_ENEMY_KILL","is_prod":false,"is_daily":false,"chose_seed":false,"campfire_upgraded":1,"win_rate":0,"timestamp":1564203656,"path_taken":["M","?","?","?","M","E","?","E","T","E","R","M","M","?","R","BOSS","M","?","$","?","M","E"],"build_version":"2019-07-17","purchased_purges":2,"victory":false,"max_hp_per_floor":[80,80,80,80,80,80,80,80,80,80,80,80,80,80,80,80,80,80,80,80,80,80,80],"card_choices":[{"not_picked":["True Grit","Clothesline"],"picked":"Armaments","floor":1},{"not_picked":["Flex","Pommel Strike"],"picked":"Shrug It Off","floor":5},{"not_picked":["Metallicize","Clash"],"picked":"Carnage","floor":6},{"not_picked":["Thunderclap","Whirlwind"],"picked":"Spot Weakness","floor":8},{"not_picked":["Clash","Corruption"],"picked":"Carnage","floor":10},{"not_picked":["Thunderclap","Warcry"],"picked":"Disarm","floor":12},{"not_picked":["Shockwave","Pummel"],"picked":"Heavy Blade","floor":13},{"not_picked":["Armaments","True Grit"],"picked":"Barricade","floor":14},{"not_picked":["Dark Embrace","Brutality"],"picked":"Fiend Fire","floor":16},{"not_picked":["Warcry","True Grit+1"],"picked":"Bloodletting","floor":18},{"not_picked":["Shockwave","Dropkick+1"],"picked":"Whirlwind+1","floor":22}],"player_experience":101350,"relics_obtained":[{"floor":6,"key":"Old Coin"},{"floor":8,"key":"Matryoshka"},{"floor":9,"key":"Centennial Puzzle"},{"floor":10,"key":"Pantograph"},{"floor":14,"key":"Odd Mushroom"}],"event_choices":[{"damage_healed":0,"gold_gain":0,"player_choice":"Success","damage_taken":3,"relics_obtained":["Magic Flower"],"max_hp_gain":0,"max_hp_loss":0,"event_name":"Scrap Ooze","floor":2,"gold_loss":0},{"damage_healed":0,"gold_gain":75,"player_choice":"Gather Gold","damage_taken":11,"max_hp_gain":0,"max_hp_loss":0,"event_name":"World of Goop","floor":3,"gold_loss":0},{"damage_healed":0,"gold_gain":175,"player_choice":"AGREE","damage_taken":0,"max_hp_gain":0,"max_hp_loss":0,"event_name":"Liars Game","floor":4,"gold_loss":0,"cards_obtained":["Doubt"]},{"damage_healed":0,"gold_gain":0,"player_choice":"Fought Mushrooms","damage_taken":0,"max_hp_gain":0,"max_hp_loss":0,"event_name":"Mushrooms","floor":14,"gold_loss":0},{"damage_healed":0,"gold_gain":0,"player_choice":"Rummage","damage_taken":0,"relics_obtained":["WarpedTongs"],"max_hp_gain":0,"max_hp_loss":0,"event_name":"Accursed Blacksmith","floor":19,"gold_loss":0,"cards_obtained":["Pain"]},{"damage_healed":0,"gold_gain":0,"player_choice":"Read","damage_taken":0,"max_hp_gain":0,"max_hp_loss":0,"event_name":"The Library","floor":21,"gold_loss":0,"cards_obtained":["Seeing Red"]}],"is_beta":false,"boss_relics":[{"not_picked":["Eternal Feather","Mark of Pain"],"picked":"Runic Cube"}],"items_purged_floors":[7,20],"is_endless":false,"potions_floor_spawned":[8,12,13,14],"killed_by":"Slavers","ascension_level":1}