{"gold_per_floor":[369,389,33,49,111,111,141,141,141,141,173,183,203,220,220,322,322,333,333,351,351,351,351,365,399,399,399],"floor_reached":27,"playtime":1613,"items_purged":[],"score":305,"play_id":"dc09551f-0232-4fad-91d3-fe811894c013","local_time":"20190506222417","is_ascension_mode":true,"campfire_choices":[{"floor":6.0,"key":"RECALL"},{"data":"Shockwave","floor":10.0,"key":"SMITH"},{"data":"Heavy Blade","floor":15.0,"key":"SMITH"},{"data":"Demon Form","floor":23,"key":"SMITH"}],"neow_cost":"TEN_PERCENT_HP_LOSS","seed_source_timestamp":0,"circlet_count":0,"master_deck":["Strike_R","Strike_R","Strike_R","Strike_R","Strike_R","Defend_R","Defend_R","Defend_R","Defend_R","Bash","Flex","Heavy Blade+1","Inflame","Trip","Seeing Red+1","Shockwave+1","Juggernaut","Thunderclap+1","Thunderclap+1","Dropkick+1","Sword Boomerang+1","Demon Form+1","Body Slam+1","Sentinel","Pommel Strike+1","Power Through","Heavy Blade+1","Shrug It Off+1","Armaments","Ghostly","Ghostly","Ghostly","Ghostly","Ghostly","True Grit","Rage"],"special_seed":0,"relics":["Burning Blood","PreservedInsect","Ice Cream","Molten Egg 2","Bottled Lightning","Orrery","Frozen Egg 2","Bottled Flame"],"potions_floor_usage":[24,24,25],"damage_taken":[{"damage":11.0,"enemies":"2 Louse","floor":1.0,"turns":5.0},{"damage":1.0,"enemies":"Cultist","floor":2.0,"turns":4.0},{"damage":7.0,"enemies":"Small Slimes","floor":4.0,"turns":4.0},{"damage":14.0,"enemies":"Gremlin Nob","floor":7.0,"turns":4.0},{"damage":21.0,"enemies":"Lagavulin","floor":11.0,"turns":4.0},{"damage":18.0,"enemies":"2 Fungi Beasts","floor":12.0,"turns":3.0},{"damage":2.0,"enemies":"Blue Slaver","floor":13.0,"turns":3.0},{"damage":0.0,"enemies":"Red Slaver","floor":14.0,"turns":2.0},{"damage":21.0,"enemies":"The Guardian","floor":16.0,"turns":6.0},{"damage":31.0,"enemies":"2 Thieves","floor":18.0,"turns":4.0},{"damage":25.0,"enemies":"Chosen","floor":20.0,"turns":5.0},{"damage":12,"enemies":"Snake Plant","floor":24,"turns":6},{"damage":26,"enemies":"Book of Stabbing","floor":25,"turns":8},{"damage":15,"enemies":"Slavers","floor":27,"turns":1}],"seed_played":"5057222444240782547","potions_obtained":[{"floor":1.0,"key":"SpeedPotion"},{"floor":4.0,"key":"AttackPotion"},{"floor":11.0,"key":"EntropicBrew"},{"floor":13.0,"key":"Fire Potion"},{"floor":20.0,"key":"Weak Potion"},{"floor":24,"key":"Regen Potion"}],"is_trial":false,"path_per_floor":["M","M","$","M","?","R","E","?","T","R","E","M","M","M","R","B",null,"M","?","M","?","?","R","M","E","T","E"],"character_chosen":"IRONCLAD","items_purchased":["PreservedInsect","Inflame","Trip","Seeing Red"],"campfire_rested":0,"item_purchase_floors":[3,3,3,3],"current_hp_per_floor":[67,72,72,71,71,71,63,63,63,63,48,36,40,46,46,31,72,47,47,28,28,28,28,22,11,11,0],"gold":399,"neow_bonus":"TWO_FIFTY_GOLD","is_prod":false,"is_daily":false,"chose_seed":false,"campfire_upgraded":3,"win_rate":0,"timestamp":1557195857,"path_taken":["M","M","$","M","?","R","E","?","T","R","E","?","M","M","R","BOSS","M","?","M","?","?","R","M","E","T","E"],"build_version":"2019-01-23","purchased_purges":0,"victory":false,"max_hp_per_floor":[72,72,72,72,72,72,72,72,72,72,72,72,72,72,72,72,72,72,72,72,36,36,36,36,36,36,36],"card_choices":[{"not_picked":["Dropkick","Iron Wave"],"picked":"Flex","floor":1.0},{"not_picked":["Seeing Red","Body Slam"],"picked":"Heavy Blade","floor":2.0},{"not_picked":["Twin Strike","Headbutt"],"picked":"Shockwave","floor":4.0},{"not_picked":["Body Slam","Sever Soul"],"picked":"Juggernaut","floor":7.0},{"not_picked":["Sever Soul+1","Armaments"],"picked":"Thunderclap+1","floor":11.0},{"not_picked":["Wild Strike+1","Carnage+1"],"picked":"Thunderclap+1","floor":12.0},{"not_picked":["Warcry","Shrug It Off"],"picked":"Dropkick+1","floor":13.0},{"not_picked":["Pummel+1","True Grit"],"picked":"Sword Boomerang+1","floor":14.0},{"not_picked":["Immolate+1","Dark Embrace"],"picked":"Demon Form","floor":16.0},{"not_picked":["Havoc","Second Wind"],"picked":"Body Slam+1","floor":17.0},{"not_picked":["Pummel+1","Combust"],"picked":"Sentinel","floor":17.0},{"not_picked":["Battle Trance","Sword Boomerang+1"],"picked":"Pommel Strike+1","floor":17.0},{"not_picked":["Rupture","True Grit"],"picked":"Power Through","floor":17.0},{"not_picked":["True Grit","Shrug It Off"],"picked":"Heavy Blade+1","floor":17.0},{"not_picked":["Carnage+1","Perfected Strike+1"],"picked":"Shrug It Off+1","floor":18.0},{"not_picked":["Hemokinesis+1","Flex+1"],"picked":"Armaments","floor":20.0},{"not_picked":["Clothesline+1","Sever Soul+1"],"picked":"True Grit","floor":24},{"not_picked":["Headbutt+1","Warcry"],"picked":"Rage","floor":25}],"player_experience":319465,"relics_obtained":[{"floor":7.0,"key":"Ice Cream"},{"floor":9.0,"key":"Molten Egg 2"},{"floor":11.0,"key":"Bottled Lightning"},{"floor":25,"key":"Frozen Egg 2"},{"floor":26,"key":"Bottled Flame"}],"event_choices":[{"damage_healed":0.0,"max_hp_gain":0.0,"max_hp_loss":0.0,"gold_gain":62.0,"event_name":"Golden Wing","player_choice":"Gained Gold","floor":5.0,"gold_loss":0.0,"damage_taken":0.0},{"damage_healed":0.0,"max_hp_gain":0.0,"max_hp_loss":0.0,"gold_gain":0.0,"event_name":"Upgrade Shrine","player_choice":"Upgraded","floor":8.0,"gold_loss":0.0,"damage_taken":0.0,"cards_upgraded":["Seeing Red"]},{"damage_healed":0.0,"max_hp_gain":0.0,"max_hp_loss":0.0,"gold_gain":0.0,"event_name":"Beggar","player_choice":"Ignored","floor":19.0,"gold_loss":0.0,"damage_taken":0.0},{"damage_healed":0.0,"max_hp_gain":0.0,"max_hp_loss":36.0,"gold_gain":0.0,"event_name":"Ghosts","player_choice":"Became a Ghost","floor":21.0,"gold_loss":0.0,"damage_taken":0.0,"cards_obtained":["Ghostly","Ghostly","Ghostly","Ghostly","Ghostly"]},{"damage_healed":0.0,"max_hp_gain":0.0,"max_hp_loss":0.0,"gold_gain":0.0,"event_name":"The Woman in Blue","player_choice":"Bought 0 Potions","floor":22.0,"gold_loss":0.0,"damage_taken":0.0}],"is_beta":false,"boss_relics":[{"not_picked":["Pandora\u0027s Box","Snecko Eye"],"picked":"Orrery"}],"items_purged_floors":[],"is_endless":false,"potions_floor_spawned":[1,4,11,13,20,24],"killed_by":"Slavers","ascension_level":1}