{"gold_per_floor":[366,366,161,175,31,31,31,43,43,68,68,88,108,124,124,200,200,211,201,214,214,224,224],"floor_reached":23,"playtime":1036,"items_purged":[],"score":305,"play_id":"ccff2e1d-d772-4f4e-8443-f6cc828c198f","local_time":"20190106014030","is_ascension_mode":true,"campfire_choices":[{"data":"Conserve Battery","floor":6.0,"key":"SMITH"},{"data":"Zap","floor":11.0,"key":"SMITH"},{"data":"Static Discharge","floor":15.0,"key":"SMITH"}],"neow_cost":"PERCENT_DAMAGE","seed_source_timestamp":480462656456307,"circlet_count":0,"master_deck":["AscendersBane","Strike_B","Strike_B","Strike_B","Strike_B","Defend_B","Defend_B","Defend_B","Defend_B","Zap+1","Dualcast","Undo","Conserve Battery+1","Melter","Static Discharge+1","Chaos","Conserve Battery","Echo Form","BootSequence","Go for the Eyes","Leap"],"special_seed":0,"relics":["Cracked Core","MealTicket","Ancient Tea Set","Boot","Art of War","Fusion Hammer","CultistMask"],"potions_floor_usage":[23,23],"damage_taken":[{"damage":7.0,"enemies":"Jaw Worm","floor":1.0,"turns":3.0},{"damage":3.0,"enemies":"2 Louse","floor":4.0,"turns":2.0},{"damage":0.0,"enemies":"Cultist","floor":8.0,"turns":4.0},{"damage":15.0,"enemies":"Gremlin Gang","floor":12.0,"turns":6.0},{"damage":1.0,"enemies":"Looter","floor":13.0,"turns":3.0},{"damage":0.0,"enemies":"Red Slaver","floor":14.0,"turns":3.0},{"damage":29.0,"enemies":"Hexaghost","floor":16.0,"turns":10.0},{"damage":9.0,"enemies":"Shell Parasite","floor":18.0,"turns":4.0},{"damage":17.0,"enemies":"2 Thieves","floor":19.0,"turns":4.0},{"damage":8.0,"enemies":"Snecko","floor":20.0,"turns":8.0},{"damage":15.0,"enemies":"Centurion and Healer","floor":22.0,"turns":9.0},{"damage":12,"enemies":"Book of Stabbing","floor":23,"turns":4}],"seed_played":"-6571425888009919546","potions_obtained":[{"floor":4.0,"key":"Regen Potion"},{"floor":12.0,"key":"EssenceOfSteel"},{"floor":16.0,"key":"Dexterity Potion"},{"floor":20.0,"key":"FearPotion"}],"is_trial":false,"path_per_floor":["M","?","$","M","$","R","?","M","T","T","R","M","M","M","R","B",null,"M","M","M","?","M","E"],"character_chosen":"DEFECT","items_purchased":["MealTicket","Ancient Tea Set"],"campfire_rested":0,"item_purchase_floors":[3,5],"current_hp_per_floor":[43,43,43,40,50,50,50,50,50,50,50,35,34,34,34,20,61,52,35,27,27,12,0],"gold":224,"neow_bonus":"TWO_FIFTY_GOLD","is_prod":false,"is_daily":false,"chose_seed":false,"campfire_upgraded":3,"win_rate":0,"timestamp":1546756830,"path_taken":["M","?","$","M","$","R","?","M","T","?","R","?","M","M","R","BOSS","M","M","?","?","?","E"],"build_version":"2019-01-03v4","purchased_purges":0,"victory":false,"max_hp_per_floor":[75,75,75,75,75,75,75,75,75,75,75,75,75,75,75,75,75,75,75,75,75,75,75],"card_choices":[{"not_picked":["Turbo","Stack"],"picked":"Undo","floor":1.0},{"not_picked":["Barrage","Stack"],"picked":"Conserve Battery","floor":4.0},{"not_picked":["Stack","Hologram"],"picked":"Melter","floor":8.0},{"not_picked":["Hello World","Compile Driver"],"picked":"Static Discharge","floor":12.0},{"not_picked":["Coolheaded","Ball Lightning"],"picked":"Chaos","floor":13.0},{"not_picked":["Gash","Cold Snap"],"picked":"Conserve Battery","floor":14.0},{"not_picked":["Hyperbeam","Amplify"],"picked":"Echo Form","floor":16.0},{"not_picked":["Coolheaded","Auto Shields"],"picked":"BootSequence","floor":18.0},{"not_picked":["Ball Lightning","Streamline"],"picked":"Go for the Eyes","floor":19.0},{"not_picked":["Stack","Turbo","Leap"],"picked":"SKIP","floor":20.0},{"not_picked":["Stack","Turbo"],"picked":"Leap","floor":20.0},{"not_picked":["Redo","All For One","Scrape"],"picked":"SKIP","floor":22.0}],"player_experience":752167,"relics_obtained":[{"floor":9.0,"key":"Boot"},{"floor":10.0,"key":"Art of War"}],"event_choices":[{"damage_healed":0.0,"max_hp_gain":0.0,"max_hp_loss":0.0,"gold_gain":0.0,"event_name":"Golden Wing","player_choice":"Ignored","floor":2.0,"gold_loss":0.0,"damage_taken":0.0},{"damage_healed":0.0,"max_hp_gain":0.0,"max_hp_loss":0.0,"gold_gain":0.0,"event_name":"The Cleric","player_choice":"Leave","floor":7.0,"gold_loss":0.0,"damage_taken":0.0},{"damage_healed":0.0,"max_hp_gain":0.0,"max_hp_loss":0.0,"gold_gain":0.0,"event_name":"FaceTrader","player_choice":"Trade","floor":21.0,"gold_loss":0.0,"damage_taken":0.0,"relics_obtained":["CultistMask"]}],"is_beta":true,"boss_relics":[{"not_picked":["Orrery","Empty Cage"],"picked":"Fusion Hammer"}],"items_purged_floors":[],"is_endless":false,"potions_floor_spawned":[4,12,14,16,18,20],"killed_by":"Book of Stabbing","ascension_level":13}