{"path_per_floor":["M","$","?","M","?","R","E","M","T","$","?","M","E","M","R","B",null,"M","?","?","$","M","R","M","E","T","M","M","M","$","$","R","B",null,"M","?","$"],"character_chosen":"THE_SILENT","items_purchased":["Membership Card","Noxious Fumes","Lee\u0027s Waffle","Bottled Flame"],"gold_per_floor":[218,21,21,35,35,35,69,80,80,20,20,35,70,87,87,186,186,203,203,203,9,26,26,36,63,63,83,103,113,33,33,33,131,131,141,192,0],"floor_reached":38,"campfire_rested":3,"playtime":3568,"current_hp_per_floor":[69,69,44,40,40,61,23,23,37,37,42,38,31,31,57,46,89,77,77,77,96,86,86,62,39,39,24,23,22,22,22,50,12,96,84,15,15],"items_purged":["Strike_G","Strike_G"],"gold":0,"score":404,"play_id":"bb9374ad-4a86-4e35-9751-0fce73322c0c","is_prod":false,"is_daily":false,"is_ascension_mode":false,"campfire_upgraded":1,"path_taken":["M","$","?","?","?","R","E","?","T","$","?","M","E","M","R","BOSS","M","?","?","?","M","R","?","E","T","M","?","M","?","$","R","BOSS","M","?","$","M"],"build_version":"2018-02-12-PROD1","purchased_purges":2,"victory":false,"master_deck":["Defend_G","Defend_G","Defend_G","Defend_G","Defend_G","Strike_G","Strike_G","Survivor","Neutralize","Deadly Poison","Backstab","All Out Attack","Adrenaline","Dodge and Roll","Quick Slash","Backflip","Catalyst","Escape Plan","Quick Slash","Noxious Fumes","Noxious Fumes+1","Adrenaline","Dodge and Roll","Bouncing Flask","Backflip","Dash","Dash"],"max_hp_per_floor":[70,70,70,70,70,70,70,70,84,84,89,89,89,89,89,89,89,89,89,89,96,96,96,96,96,96,96,96,96,96,96,96,96,96,96,96,96],"relics":["Ring of the Snake","Membership Card","Prayer Wheel","Paper Crane","Mango","Dream Catcher","The Specimen","Lantern","Lee\u0027s Waffle","Snake Skull","Girya","Lizard Tail","Sundial","Bottled Flame"],"card_choices":[{"not_picked":["Acrobatics","Riddle With Holes"],"picked":"Deadly Poison"},{"not_picked":["Caltrops","Predator"],"picked":"Backstab"},{"not_picked":["PiercingWail","Sucker Punch"],"picked":"Adrenaline"},{"not_picked":["Deflect","Quick Slash"],"picked":"Dodge and Roll"},{"not_picked":["Poisoned Stab","Endless Agony"],"picked":"Quick Slash"},{"not_picked":["Die Die Die","Heel Hook"],"picked":"Backflip"},{"not_picked":["Backstab","Deflect"],"picked":"Catalyst"},{"not_picked":["Dagger Throw","Outmaneuver"],"picked":"Escape Plan"},{"not_picked":["Dagger Spray","PiercingWail"],"picked":"Quick Slash"},{"not_picked":["Prepared","Outmaneuver"],"picked":"Adrenaline"},{"not_picked":["Flechettes","All Out Attack"],"picked":"Dodge and Roll"},{"not_picked":["Leg Sweep","Flying Knee"],"picked":"Bouncing Flask"},{"not_picked":["Dodge and Roll","Infinite Blades"],"picked":"Backflip"},{"not_picked":["Predator","Malaise"],"picked":"Dash"},{"not_picked":["Noxious Fumes","PiercingWail"],"picked":"Dash"}],"player_experience":74240,"potions_floor_usage":[13,13,16,16,24,25,25,33,33],"damage_taken":[{"damage":1,"enemies":"2 Louse","floor":1,"turns":3},{"damage":4,"enemies":"Cultist","floor":4,"turns":4},{"damage":38,"enemies":"Gremlin Nob","floor":7,"turns":5},{"damage":0,"enemies":"Small Slimes","floor":8,"turns":1},{"damage":4,"enemies":"Exordium Thugs","floor":12,"turns":5},{"damage":7,"enemies":"Lagavulin","floor":13,"turns":8},{"damage":0,"enemies":"Red Slaver","floor":14,"turns":3},{"damage":11,"enemies":"The Guardian","floor":16,"turns":13},{"damage":12,"enemies":"3 Byrds","floor":18,"turns":5},{"damage":10,"enemies":"Spheric Guardian","floor":22,"turns":5},{"damage":24,"enemies":"3 Cultists","floor":24,"turns":6},{"damage":23,"enemies":"Book of Stabbing","floor":25,"turns":6},{"damage":15,"enemies":"Centurion and Healer","floor":27,"turns":4},{"damage":1,"enemies":"Sentry and Sphere","floor":28,"turns":3},{"damage":1,"enemies":"Chosen and Byrds","floor":29,"turns":4},{"damage":38,"enemies":"Automaton","floor":33,"turns":7},{"damage":12,"enemies":"Orb Walker","floor":35,"turns":4},{"damage":142,"enemies":"Mysterious Sphere","floor":36,"turns":8},{"damage":23,"enemies":"3 Darklings","floor":38,"turns":2}],"event_choices":[{"event_name":"Scrap Ooze","player_choice":"success","floor":3,"damage_taken":25},{"event_name":"Transmorgrifier","player_choice":"Transform","floor":5,"damage_taken":0},{"event_name":"Big Fish","player_choice":"Donut","floor":11,"damage_taken":0},{"event_name":"The Mausoleum","player_choice":"Yes","floor":19,"damage_taken":0},{"event_name":"The Library","player_choice":"Read","floor":20,"damage_taken":0},{"event_name":"Mysterious Sphere","player_choice":"Fight","floor":36,"damage_taken":0}],"boss_relics":[{"not_picked":["Snecko Eye","Orrery"],"picked":"The Specimen"},{"not_picked":["Philosopher\u0027s Stone","Sozu"],"picked":"Lizard Tail"}],"potions_floor_spawned":[4,8,12,13,16,22,24,28,29,36],"seed_played":"1779377701142732438","killed_by":"3 Darklings","ascension_level":0,"is_trial":false}