{"gold_per_floor":[117,132,152,172,172,172,189,208,235,235,235,235,235,12,12,89,89,102,63,63,78,93,93,111,111,111,122,138,152,172,172,172,246,246,256,256,273,273,273,273,273],"floor_reached":41,"playtime":1563,"items_purged":[],"score":803,"play_id":"9d132b30-2396-4dd8-9da6-31d02f35a59c","local_time":"20190319232248","is_ascension_mode":true,"campfire_choices":[{"data":"Armaments","floor":6.0,"key":"SMITH"},{"data":"Limit Break","floor":10.0,"key":"SMITH"},{"data":"Inflame","floor":12.0,"key":"SMITH"},{"data":"Battle Trance","floor":15.0,"key":"SMITH"},{"data":"Limit Break","floor":23.0,"key":"SMITH"},{"floor":32.0,"key":"REST"},{"floor":40.0,"key":"REST"}],"neow_cost":"NONE","seed_source_timestamp":0,"circlet_count":0,"master_deck":["AscendersBane","Bash","Inflame+1","Armaments+1","Clothesline","Second Wind","Battle Trance+1","Limit Break+1","True Grit","Limit Break+1","Seeing Red","Immolate","Twin Strike","Fiend Fire","Sentinel","Sword Boomerang","Clash","Whirlwind","Shrug It Off+1","Flame Barrier","Spot Weakness","Body Slam","Armaments","Heavy Blade","Offering","Decay","Demon Form","Sword Boomerang+1","Pummel"],"special_seed":0,"relics":["Burning Blood","Bronze Scales","Unceasing Top","Red Skull","Pandora\u0027s Box","Matryoshka","Sozu","Dream Catcher"],"potions_floor_usage":[],"damage_taken":[{"damage":1.0,"enemies":"Cultist","floor":1.0,"turns":3.0},{"damage":2.0,"enemies":"2 Louse","floor":2.0,"turns":4.0},{"damage":9.0,"enemies":"Jaw Worm","floor":3.0,"turns":5.0},{"damage":13.0,"enemies":"Blue Slaver","floor":4.0,"turns":4.0},{"damage":26.0,"enemies":"Lots of Slimes","floor":7.0,"turns":7.0},{"damage":38.0,"enemies":"Exordium Thugs","floor":8.0,"turns":6.0},{"damage":13.0,"enemies":"Hexaghost","floor":16.0,"turns":9.0},{"damage":9.0,"enemies":"Chosen","floor":18.0,"turns":3.0},{"damage":8.0,"enemies":"Shell Parasite","floor":21.0,"turns":4.0},{"damage":7.0,"enemies":"Centurion and Healer","floor":22.0,"turns":5.0},{"damage":11.0,"enemies":"Sentry and Sphere","floor":24.0,"turns":4.0},{"damage":14.0,"enemies":"Snake Plant","floor":27.0,"turns":4.0},{"damage":42.0,"enemies":"Shelled Parasite and Fungi","floor":28.0,"turns":4.0},{"damage":0.0,"enemies":"Centurion and Healer","floor":29.0,"turns":3.0},{"damage":0.0,"enemies":"Chosen and Byrds","floor":30.0,"turns":3.0},{"damage":30.0,"enemies":"Automaton","floor":33.0,"turns":5.0},{"damage":17.0,"enemies":"Orb Walker","floor":35.0,"turns":2.0},{"damage":22.0,"enemies":"3 Darklings","floor":37.0,"turns":4.0},{"damage":86,"enemies":"Giant Head","floor":41,"turns":6}],"seed_played":"1594113774642098553","potions_obtained":[{"floor":3.0,"key":"Energy Potion"},{"floor":4.0,"key":"Weak Potion"},{"floor":5.0,"key":"Regen Potion"},{"floor":8.0,"key":"SteroidPotion"},{"floor":16.0,"key":"PowerPotion"},{"floor":21.0,"key":"AttackPotion"},{"floor":24.0,"key":"SkillPotion"},{"floor":29.0,"key":"AttackPotion"},{"floor":33.0,"key":"SneckoOil"}],"is_trial":false,"path_per_floor":["M","M","M","M","?","R","M","M","T","R","?","R","?","$","R","B",null,"M","$","?","M","M","R","M","?","T","M","M","M","M","?","R","B",null,"M","?","M","?","?","R","E"],"character_chosen":"IRONCLAD","items_purchased":["Red Skull","True Grit","Flame Barrier"],"campfire_rested":2,"item_purchase_floors":[14,14,19],"current_hp_per_floor":[80,82,79,72,72,72,67,35,35,35,24,24,24,24,24,17,66,63,63,63,61,60,60,55,55,55,47,11,17,23,23,47,23,67,56,56,40,40,40,64,0],"gold":273,"neow_bonus":"TEN_PERCENT_HP_BONUS","is_prod":false,"is_daily":false,"chose_seed":false,"campfire_upgraded":5,"win_rate":0,"timestamp":1553052168,"path_taken":["M","M","?","M","?","R","?","M","T","R","?","R","?","?","R","BOSS","M","?","?","M","M","R","M","?","T","M","M","M","M","?","R","BOSS","M","?","M","?","?","R","E"],"build_version":"2019-03-15","purchased_purges":0,"victory":false,"max_hp_per_floor":[82,82,82,82,82,82,82,82,82,82,82,82,82,82,82,82,82,82,82,82,82,82,82,82,82,82,82,82,82,82,82,82,82,82,82,82,82,82,82,82,82],"card_choices":[{"not_picked":["Warcry","Corruption"],"picked":"Inflame","floor":1.0},{"not_picked":["Battle Trance","Perfected Strike"],"picked":"Armaments","floor":2.0},{"not_picked":["Twin Strike","Shrug It Off"],"picked":"Clothesline","floor":3.0},{"not_picked":["Clash","Twin Strike"],"picked":"Second Wind","floor":4.0},{"not_picked":["Corruption","Ghostly Armor"],"picked":"Battle Trance","floor":7.0},{"not_picked":["Bloodletting","Intimidate"],"picked":"Limit Break","floor":8.0},{"not_picked":["Bludgeon","Barricade"],"picked":"Limit Break","floor":16.0},{"not_picked":["Reckless Charge","Body Slam"],"picked":"Shrug It Off+1","floor":18.0},{"not_picked":["Wild Strike","Cleave+1"],"picked":"Spot Weakness","floor":21.0},{"not_picked":["Clash","Clothesline"],"picked":"Body Slam","floor":22.0},{"not_picked":["Havoc","Carnage","Pommel Strike"],"picked":"SKIP","floor":24.0},{"not_picked":["True Grit","Pommel Strike+1"],"picked":"Armaments","floor":27.0},{"not_picked":["Heavy Blade","Dropkick","Clash"],"picked":"SKIP","floor":28.0},{"not_picked":["Dropkick","Clash"],"picked":"Heavy Blade","floor":28.0},{"not_picked":["Thunderclap","Anger"],"picked":"Offering","floor":29.0},{"not_picked":["Body Slam","Evolve","Entrench"],"picked":"SKIP","floor":30.0},{"not_picked":["Fiend Fire","Brutality"],"picked":"Demon Form","floor":33.0},{"not_picked":["Heavy Blade","Sever Soul+1","Body Slam"],"picked":"SKIP","floor":35.0},{"not_picked":["Dropkick+1","Sever Soul"],"picked":"Sword Boomerang+1","floor":37.0},{"not_picked":["Twin Strike+1","Iron Wave+1"],"picked":"Pummel","floor":40.0}],"player_experience":1039276,"relics_obtained":[{"floor":9.0,"key":"Bronze Scales"},{"floor":26.0,"key":"Matryoshka"}],"event_choices":[{"damage_healed":0.0,"max_hp_gain":0.0,"max_hp_loss":0.0,"gold_gain":0.0,"event_name":"Lab","player_choice":"Got Potions","floor":5.0,"gold_loss":0.0,"damage_taken":0.0},{"damage_healed":0.0,"max_hp_gain":0.0,"max_hp_loss":0.0,"gold_gain":0.0,"event_name":"Scrap Ooze","player_choice":"Success","floor":11.0,"gold_loss":0.0,"damage_taken":11.0,"relics_obtained":["Unceasing Top"]},{"damage_healed":0.0,"max_hp_gain":0.0,"max_hp_loss":0.0,"gold_gain":0.0,"event_name":"Shining Light","player_choice":"Ignored","floor":13.0,"gold_loss":0.0,"damage_taken":0.0},{"damage_healed":0.0,"max_hp_gain":0.0,"max_hp_loss":0.0,"gold_gain":0.0,"event_name":"Ghosts","player_choice":"Ignored","floor":20.0,"gold_loss":0.0,"damage_taken":0.0},{"cards_removed":["Corruption"],"damage_healed":0.0,"max_hp_gain":0.0,"max_hp_loss":0.0,"gold_gain":0.0,"event_name":"Back to Basics","player_choice":"Elegance","floor":25.0,"gold_loss":0.0,"damage_taken":0.0},{"damage_healed":0.0,"max_hp_gain":0.0,"max_hp_loss":0.0,"gold_gain":0.0,"event_name":"Forgotten Altar","player_choice":"Smashed Altar","floor":31.0,"gold_loss":0.0,"damage_taken":0.0,"cards_obtained":["Decay"]},{"damage_healed":0.0,"max_hp_gain":0.0,"max_hp_loss":0.0,"gold_gain":0.0,"event_name":"Mysterious Sphere","player_choice":"Ignored","floor":36.0,"gold_loss":0.0,"damage_taken":0.0},{"damage_healed":0.0,"max_hp_gain":0.0,"max_hp_loss":0.0,"gold_gain":0.0,"event_name":"Tomb of Lord Red Mask","player_choice":"Ignored","floor":38.0,"gold_loss":0.0,"damage_taken":0.0},{"damage_healed":0.0,"max_hp_gain":0.0,"max_hp_loss":0.0,"gold_gain":0.0,"event_name":"WeMeetAgain","player_choice":"Gave Potion","floor":39.0,"gold_loss":0.0,"damage_taken":0.0,"relics_obtained":["Dream Catcher"]}],"is_beta":true,"boss_relics":[{"not_picked":["Runic Pyramid","Snecko Eye"],"picked":"Pandora\u0027s Box"},{"not_picked":["Cursed Key","Calling Bell"],"picked":"Sozu"}],"items_purged_floors":[],"is_endless":false,"potions_floor_spawned":[3,4,8,16,18,21,24,29,33,37],"killed_by":"Giant Head","ascension_level":19}