{"path_per_floor":["M","?","M","?","?","E","R","M","T","?","$","E","M","M","R"],"character_chosen":"THE_SILENT","items_purchased":["Toy Ornithopter"],"gold_per_floor":[216,216,229,229,229,272,272,286,286,316,46,80,50,64,64],"floor_reached":16,"campfire_rested":1,"playtime":1725,"current_hp_per_floor":[70,70,68,68,68,50,50,50,50,40,40,18,16,7,28],"items_purged":["Injury"],"gold":64,"score":108,"play_id":"135ecc91-f45c-4753-b71c-4bb402ef6209","is_prod":false,"is_daily":false,"is_ascension_mode":false,"campfire_upgraded":1,"path_taken":["M","?","M","?","?","E","R","?","T","?","?","E","M","M","R","BOSS"],"build_version":"2018-02-12-PROD1","purchased_purges":1,"victory":false,"master_deck":["Defend_G+1","Defend_G","Defend_G","Defend_G","Defend_G","Strike_G","Strike_G","Strike_G","Strike_G","Survivor","Neutralize","Deadly Poison","Expertise","Distraction+1","Dodge and Roll+1","Sucker Punch","Burst","Footwork","Flying Knee"],"max_hp_per_floor":[70,70,70,70,70,70,70,70,70,70,70,70,70,70,70],"relics":["Ring of the Snake","Golden Idol","Omamori","War Paint","Odd Mushroom","Toy Ornithopter","Shuriken"],"card_choices":[{"not_picked":["Expertise","Bane"],"picked":"Deadly Poison"},{"not_picked":["Bane","Sucker Punch"],"picked":"Distraction"},{"not_picked":["Dagger Spray","Eviscerate"],"picked":"Dodge and Roll"},{"not_picked":["Deflect","PiercingWail"],"picked":"Sucker Punch"},{"not_picked":["Expertise","Masterful Stab"],"picked":"Burst"},{"not_picked":["Dagger Spray","Outmaneuver"],"picked":"Footwork"},{"not_picked":["Corpse Explosion","Slice"],"picked":"Flying Knee"}],"player_experience":72515,"potions_floor_usage":[6,6,12,16],"damage_taken":[{"damage":0,"enemies":"Cultist","floor":1,"turns":4},{"damage":2,"enemies":"2 Louse","floor":3,"turns":3},{"damage":18,"enemies":"3 Sentries","floor":6,"turns":14},{"damage":0,"enemies":"Jaw Worm","floor":8,"turns":6},{"damage":10,"enemies":"The Mushroom Lair","floor":10,"turns":8},{"damage":25,"enemies":"Gremlin Nob","floor":12,"turns":5},{"damage":2,"enemies":"Looter","floor":13,"turns":4},{"damage":9,"enemies":"Exordium Thugs","floor":14,"turns":6},{"damage":32,"enemies":"Hexaghost","floor":16,"turns":16}],"event_choices":[{"event_name":"Living Wall","player_choice":"Change","floor":2,"damage_taken":0},{"event_name":"Golden Idol","player_choice":"Take Wound","floor":4,"damage_taken":0},{"event_name":"The Lab","player_choice":"Got Potions","floor":5,"damage_taken":0},{"event_name":"Mushrooms","player_choice":"Fought Mushrooms","floor":10,"damage_taken":0}],"boss_relics":[],"potions_floor_spawned":[1,8],"seed_played":"1539818047236535370","killed_by":"Hexaghost","ascension_level":0,"is_trial":false}