{"gold_per_floor":[109,120,132,144,0,0,62,62,88,88,88,107,137,158,158,158],"floor_reached":16,"playtime":522,"items_purged":[],"score":92,"play_id":"6462d1e1-ac7a-492c-a457-7b3b4ff67f64","local_time":"20190209222941","is_ascension_mode":false,"campfire_choices":[{"floor":6,"key":"RECALL"},{"data":"Anger","floor":8,"key":"SMITH"},{"floor":15,"key":"REST"}],"neow_cost":"NONE","seed_source_timestamp":181771946214562,"circlet_count":0,"master_deck":["Strike_R","Strike_R","Strike_R","Strike_R","Strike_R","Defend_R","Defend_R","Defend_R","Defend_R","Bash","Whirlwind","Anger+1","Pommel Strike","Carnage","Flex","Flex","Armaments"],"relics":["Burning Blood","NeowsBlessing","Juzu Bracelet","Art of War","Ornamental Fan","Golden Idol","Odd Mushroom"],"potions_floor_usage":[4,13],"damage_taken":[{"damage":0,"enemies":"Jaw Worm","floor":1,"turns":1},{"damage":0,"enemies":"Cultist","floor":2,"turns":1},{"damage":0,"enemies":"Small Slimes","floor":3,"turns":1},{"damage":9,"enemies":"Blue Slaver","floor":4,"turns":4},{"damage":36,"enemies":"Gremlin Nob","floor":7,"turns":5},{"damage":0,"enemies":"3 Louse","floor":12,"turns":1},{"damage":27,"enemies":"The Mushroom Lair","floor":13,"turns":4},{"damage":6,"enemies":"2 Fungi Beasts","floor":14,"turns":3},{"damage":69,"enemies":"The Guardian","floor":16,"turns":10}],"seed_played":"-5752483584547387252","potions_obtained":[{"floor":1,"key":"Regen Potion"},{"floor":3,"key":"Block Potion"}],"is_trial":false,"path_per_floor":["M","M","M","M","$","R","?","R","T","?","?","M","?","M","R","B"],"character_chosen":"IRONCLAD","items_purchased":["Juzu Bracelet"],"campfire_rested":1,"item_purchase_floors":[5],"current_hp_per_floor":[80,80,80,77,77,77,47,47,47,47,47,53,41,41,63,0],"gold":158,"neow_bonus":"THREE_ENEMY_KILL","is_prod":false,"is_daily":false,"chose_seed":false,"campfire_upgraded":1,"win_rate":0,"timestamp":1549769381,"path_taken":["M","M","M","M","$","R","?","R","T","?","?","M","?","M","R","BOSS"],"build_version":"2019-01-23","purchased_purges":0,"victory":false,"max_hp_per_floor":[80,80,80,80,80,80,80,80,80,80,74,74,74,74,74,74],"card_choices":[{"not_picked":["Corruption","Perfected Strike"],"picked":"Whirlwind","floor":1},{"not_picked":["Blood for Blood","Corruption"],"picked":"Twin Strike","floor":2},{"not_picked":["Sword Boomerang","Intimidate"],"picked":"Anger","floor":3},{"not_picked":["Sword Boomerang","Twin Strike"],"picked":"Pommel Strike","floor":4},{"not_picked":["Flex","Dropkick"],"picked":"Carnage","floor":7},{"not_picked":["Blood for Blood","Armaments"],"picked":"Flex","floor":12},{"not_picked":["Evolve","Combust"],"picked":"Flex","floor":13},{"not_picked":["Twin Strike","Pummel"],"picked":"Armaments","floor":14}],"player_experience":204711,"relics_obtained":[{"floor":13,"key":"Odd Mushroom"}],"event_choices":[{"damage_healed":0,"gold_gain":30,"player_choice":"Searched \u00273\u0027 times","damage_taken":0,"relics_obtained":["Art of War"],"max_hp_gain":0,"max_hp_loss":0,"event_name":"Dead Adventurer","floor":7,"gold_loss":0},{"cards_removed":["Twin Strike"],"damage_healed":0,"gold_gain":0,"player_choice":"Gave Card","damage_taken":0,"relics_obtained":["Ornamental Fan"],"max_hp_gain":0,"max_hp_loss":0,"event_name":"WeMeetAgain","floor":10,"gold_loss":0},{"damage_healed":0,"gold_gain":0,"player_choice":"Lose Max HP","damage_taken":0,"relics_obtained":["Golden Idol"],"max_hp_gain":0,"max_hp_loss":6,"event_name":"Golden Idol","floor":11,"gold_loss":0},{"damage_healed":0,"gold_gain":0,"player_choice":"Fought Mushrooms","damage_taken":0,"max_hp_gain":0,"max_hp_loss":0,"event_name":"Mushrooms","floor":13,"gold_loss":0}],"is_beta":false,"boss_relics":[],"items_purged_floors":[],"is_endless":false,"potions_floor_spawned":[1,3],"killed_by":"The Guardian","ascension_level":0}