{"gold_per_floor":[110,22,35,35,35,35,51,51,51,61,61,76,86,105,105,177,177,194,20,20,20,0,0,18,34,34,34,34,54,64,77,77,77],"floor_reached":33,"playtime":1902,"items_purged":[],"score":470,"play_id":"4f7bdd7e-1a5b-4f4c-972f-f2a06a59eb25","local_time":"20190302154707","is_ascension_mode":true,"campfire_choices":[{"data":"Disarm","floor":6.0,"key":"SMITH"},{"data":"Perfected Strike","floor":8.0,"key":"SMITH"},{"data":"Bash","floor":15.0,"key":"SMITH"},{"data":"Impervious","floor":23.0,"key":"SMITH"},{"floor":28.0,"key":"REST"},{"data":"Metallicize","floor":32,"key":"SMITH"}],"neow_cost":"CURSE","seed_source_timestamp":1449126338523763,"circlet_count":0,"master_deck":["AscendersBane","Strike_R","Strike_R","Strike_R","Defend_R","Defend_R","Defend_R","Defend_R","Bash","Injury","Perfected Strike+1","Berserk","Anger","Disarm+1","Brutality","Sword Boomerang","Bash+1","Pommel Strike","Burning Pact","Sentinel","Shrug It Off","Impervious+1","Perfected Strike","Battle Trance","Feel No Pain+1","Shrug It Off","Twin Strike","Body Slam+1","Intimidate","Warcry","Shockwave","Metallicize+1"],"special_seed":0,"relics":["Black Blood","Mango","Bag of Preparation","Meat on the Bone","Calipers","Dodecahedron"],"potions_floor_usage":[29,31,33],"damage_taken":[{"damage":19.0,"enemies":"Jaw Worm","floor":1.0,"turns":5.0},{"damage":1.0,"enemies":"Cultist","floor":3.0,"turns":3.0},{"damage":2.0,"enemies":"Small Slimes","floor":7.0,"turns":3.0},{"damage":15.0,"enemies":"3 Louse","floor":10.0,"turns":4.0},{"damage":12.0,"enemies":"Exordium Thugs","floor":12.0,"turns":4.0},{"damage":0.0,"enemies":"2 Fungi Beasts","floor":13.0,"turns":2.0},{"damage":9.0,"enemies":"Looter","floor":14.0,"turns":3.0},{"damage":29.0,"enemies":"Hexaghost","floor":16.0,"turns":9.0},{"damage":51.0,"enemies":"Spheric Guardian","floor":18.0,"turns":6.0},{"damage":35.0,"enemies":"3 Byrds","floor":24.0,"turns":12.0},{"damage":29.0,"enemies":"Sentry and Sphere","floor":25.0,"turns":7.0},{"damage":51,"enemies":"Shelled Parasite and Fungi","floor":29,"turns":7},{"damage":23,"enemies":"Snecko","floor":30,"turns":7},{"damage":0,"enemies":"Cultist and Chosen","floor":31,"turns":7},{"damage":64,"enemies":"Collector","floor":33,"turns":7}],"seed_played":"4517875997569547876","potions_obtained":[{"floor":1.0,"key":"SpeedPotion"},{"floor":7.0,"key":"Fire Potion"},{"floor":13.0,"key":"EssenceOfSteel"},{"floor":24.0,"key":"SpeedPotion"},{"floor":29,"key":"Dexterity Potion"},{"floor":30,"key":"EssenceOfSteel"}],"is_trial":false,"path_per_floor":["M","?","M","?","?","R","M","R","T","M","?","M","M","M","R","B",null,"M","$","?","$","?","R","M","M","T","?","R","M","M","M","R","B"],"character_chosen":"IRONCLAD","items_purchased":["Battle Trance","Feel No Pain","Shrug It Off"],"campfire_rested":1,"item_purchase_floors":[19,19,19],"current_hp_per_floor":[69,69,74,74,74,74,78,78,78,69,69,63,69,66,66,55,81,52,52,52,52,52,52,39,32,32,32,58,29,28,50,50,0],"gold":77,"neow_bonus":"ONE_RARE_RELIC","is_prod":false,"is_daily":false,"chose_seed":false,"campfire_upgraded":5,"win_rate":0,"timestamp":1551559627,"path_taken":["M","?","?","?","?","R","M","R","T","?","?","M","M","M","R","BOSS","M","$","?","?","?","R","M","M","T","?","R","M","M","M","R","BOSS"],"build_version":"2019-02-06","purchased_purges":0,"victory":false,"max_hp_per_floor":[89,89,89,89,89,89,89,89,89,89,89,89,89,89,89,89,89,89,89,89,89,89,89,89,89,89,89,89,89,89,89,89,89],"card_choices":[{"not_picked":["Havoc","Combust"],"picked":"Perfected Strike","floor":1.0},{"not_picked":["Headbutt","Thunderclap"],"picked":"Berserk","floor":3.0},{"not_picked":["Flex","Infernal Blade"],"picked":"Pommel Strike","floor":7.0},{"not_picked":["Sever Soul","Thunderclap","Flex"],"picked":"SKIP","floor":10.0},{"not_picked":["Thunderclap","Seeing Red"],"picked":"Burning Pact","floor":12.0},{"not_picked":["Blood for Blood","Hemokinesis"],"picked":"Sentinel","floor":13.0},{"not_picked":["Thunderclap","True Grit"],"picked":"Shrug It Off","floor":14.0},{"not_picked":["Limit Break","Brutality"],"picked":"Impervious","floor":16.0},{"not_picked":["Clash+1","True Grit+1"],"picked":"Perfected Strike","floor":18.0},{"not_picked":["Cleave","Anger"],"picked":"Body Slam+1","floor":24.0},{"not_picked":["Dual Wield","True Grit"],"picked":"Intimidate","floor":25.0},{"not_picked":["Thunderclap","Heavy Blade+1"],"picked":"Warcry","floor":29},{"not_picked":["Flex","Immolate"],"picked":"Shockwave","floor":30},{"not_picked":["Anger","Uppercut"],"picked":"Metallicize","floor":31}],"player_experience":1020934,"relics_obtained":[{"floor":9.0,"key":"Meat on the Bone"},{"floor":26.0,"key":"Dodecahedron"}],"event_choices":[{"damage_healed":0.0,"max_hp_gain":0.0,"max_hp_loss":0.0,"gold_gain":0.0,"event_name":"WeMeetAgain","player_choice":"Paid Gold","floor":2.0,"gold_loss":88.0,"damage_taken":0.0,"relics_obtained":["Bag of Preparation"]},{"damage_healed":0.0,"max_hp_gain":0.0,"max_hp_loss":0.0,"gold_gain":0.0,"cards_transformed":["Strike_R"],"event_name":"Living Wall","player_choice":"Change","floor":4.0,"gold_loss":0.0,"damage_taken":0.0,"cards_obtained":["Anger"]},{"damage_healed":0.0,"max_hp_gain":0.0,"max_hp_loss":0.0,"gold_gain":0.0,"event_name":"Match and Keep!","player_choice":"4 cards matched","floor":5.0,"gold_loss":0.0,"damage_taken":0.0,"cards_obtained":["Disarm","Brutality","Sword Boomerang","Bash"]},{"damage_healed":0.0,"max_hp_gain":0.0,"max_hp_loss":0.0,"gold_gain":0.0,"event_name":"Dead Adventurer","player_choice":"Searched \u00271\u0027 times","floor":11.0,"gold_loss":0.0,"damage_taken":0.0,"relics_obtained":["Calipers"]},{"damage_healed":0.0,"max_hp_gain":0.0,"max_hp_loss":0.0,"gold_gain":0.0,"cards_transformed":["Strike_R"],"event_name":"Transmorgrifier","player_choice":"Transformed","floor":20.0,"gold_loss":0.0,"damage_taken":0.0,"cards_obtained":["Twin Strike"]},{"damage_healed":0.0,"max_hp_gain":0.0,"max_hp_loss":0.0,"gold_gain":0.0,"event_name":"Masked Bandits","player_choice":"Paid Fearfully","floor":22.0,"gold_loss":20.0,"damage_taken":0.0},{"damage_healed":0.0,"max_hp_gain":0.0,"max_hp_loss":0.0,"gold_gain":0.0,"event_name":"Accursed Blacksmith","player_choice":"Forge","floor":27.0,"gold_loss":0.0,"damage_taken":0.0,"cards_upgraded":["Feel No Pain"]}],"is_beta":true,"boss_relics":[{"not_picked":["Eternal Feather","Black Star"],"picked":"Black Blood"}],"items_purged_floors":[],"is_endless":false,"potions_floor_spawned":[1,7,13,24,29,30],"killed_by":"Collector","ascension_level":19}