{"gold_per_floor":[109,259,269,269,11,11,23,38,38,38,9,19,19,32,32,103,103,114,114,114,124,134,134,134,134,134,147,164,164,79,90,90,90],"floor_reached":33,"playtime":1297,"items_purged":[],"score":454,"play_id":"7beaf656-27bd-4c85-be57-8b45b774dd07","local_time":"20190212152113","is_ascension_mode":true,"campfire_choices":[{"data":"Zap","floor":6.0,"key":"SMITH"},{"data":"Sweeping Beam","floor":10.0,"key":"SMITH"},{"data":"Genetic Algorithm","floor":15.0,"key":"SMITH"},{"floor":23.0,"key":"REST"},{"floor":25.0,"key":"REST"},{"floor":29,"key":"REST"},{"floor":32,"key":"REST"}],"neow_cost":"NONE","seed_source_timestamp":1214579688398986,"circlet_count":0,"master_deck":["AscendersBane","Strike_B","Strike_B","Strike_B","Strike_B","Defend_B","Defend_B","Defend_B","Defend_B","Zap+1","Dualcast","Chill","FTL","Cold Snap","Sweeping Beam+1","Go for the Eyes","Electrodynamics","Genetic Algorithm+1","Creative AI","Storm","Capacitor","Hologram+1"],"special_seed":0,"relics":["Cracked Core","Centennial Puzzle","Sundial","HandDrill","Dodecahedron","Busted Crown","Nilry\u0027s Codex","Toxic Egg 2","Peace Pipe"],"potions_floor_usage":[28,33,33],"damage_taken":[{"damage":6.0,"enemies":"2 Louse","floor":1.0,"turns":4.0},{"damage":9.0,"enemies":"Small Slimes","floor":3.0,"turns":4.0},{"damage":0.0,"enemies":"Cultist","floor":7.0,"turns":3.0},{"damage":5.0,"enemies":"Red Slaver","floor":8.0,"turns":3.0},{"damage":0.0,"enemies":"Gremlin Gang","floor":12.0,"turns":4.0},{"damage":0.0,"enemies":"Exordium Wildlife","floor":14.0,"turns":2.0},{"damage":43.0,"enemies":"Hexaghost","floor":16.0,"turns":13.0},{"damage":2.0,"enemies":"3 Byrds","floor":18.0,"turns":4.0},{"damage":18.0,"enemies":"Shell Parasite","floor":21.0,"turns":8.0},{"damage":26.0,"enemies":"Snake Plant","floor":22.0,"turns":4.0},{"damage":10.0,"enemies":"3 Cultists","floor":27.0,"turns":4.0},{"damage":17,"enemies":"Centurion and Healer","floor":28,"turns":6},{"damage":2,"enemies":"Sentry and Sphere","floor":31,"turns":5},{"damage":58,"enemies":"Collector","floor":33,"turns":6}],"seed_played":"-7907150939287291792","potions_obtained":[{"floor":3.0,"key":"Fruit Juice"},{"floor":8.0,"key":"Explosive Potion"},{"floor":14.0,"key":"Block Potion"},{"floor":18.0,"key":"PowerPotion"},{"floor":28,"key":"SteroidPotion"},{"floor":31,"key":"Block Potion"}],"is_trial":false,"path_per_floor":["M","?","M","?","$","R","M","M","T","R","$","M","?","M","R","B",null,"M","?","$","M","M","R","?","R","T","M","M","R","?","M","R","B"],"character_chosen":"DEFECT","items_purchased":["FTL","HandDrill","Go for the Eyes"],"campfire_rested":4,"item_purchase_floors":[5,5,11],"current_hp_per_floor":[58,58,54,54,54,54,54,49,49,49,49,49,49,49,49,6,59,57,57,57,39,13,35,14,36,36,26,9,31,31,29,51,0],"gold":90,"neow_bonus":"RANDOM_COMMON_RELIC","is_prod":false,"is_daily":false,"chose_seed":false,"campfire_upgraded":3,"win_rate":0,"timestamp":1550002873,"path_taken":["M","?","M","?","$","R","M","?","T","R","?","?","?","M","R","BOSS","M","?","$","M","M","R","?","R","T","M","M","R","?","M","R","BOSS"],"build_version":"2019-02-06","purchased_purges":0,"victory":false,"max_hp_per_floor":[71,71,76,76,76,76,76,76,76,76,76,76,76,76,76,76,76,76,76,76,76,76,76,76,76,76,76,76,76,76,76,76,76],"card_choices":[{"not_picked":["Beam Cell","Redo"],"picked":"Hologram","floor":1.0},{"not_picked":["Turbo","Gash"],"picked":"Chill","floor":3.0},{"not_picked":["Steam","Capacitor"],"picked":"Cold Snap","floor":7.0},{"not_picked":["Redo","Beam Cell"],"picked":"Sweeping Beam","floor":8.0},{"not_picked":["Streamline","Reinforced Body"],"picked":"Electrodynamics","floor":12.0},{"not_picked":["Darkness","Consume"],"picked":"Genetic Algorithm","floor":14.0},{"not_picked":["Amplify","Multi-Cast"],"picked":"Creative AI","floor":16.0},{"not_picked":["Turbo"],"picked":"SKIP","floor":18.0},{"not_picked":[],"picked":"Storm","floor":21.0},{"not_picked":["Rebound"],"picked":"SKIP","floor":22.0},{"not_picked":[],"picked":"Capacitor","floor":27.0},{"not_picked":["Compile Driver"],"picked":"SKIP","floor":28},{"not_picked":[],"picked":"Hologram+1","floor":31}],"player_experience":934130,"relics_obtained":[{"floor":9.0,"key":"Dodecahedron"},{"floor":24.0,"key":"Nilry\u0027s Codex"},{"floor":26.0,"key":"Toxic Egg 2"}],"event_choices":[{"damage_healed":0.0,"max_hp_gain":0.0,"max_hp_loss":0.0,"gold_gain":150.0,"event_name":"Liars Game","player_choice":"AGREE","floor":2.0,"gold_loss":0.0,"damage_taken":0.0,"cards_obtained":["Doubt"]},{"cards_removed":["Hologram"],"damage_healed":0.0,"max_hp_gain":0.0,"max_hp_loss":0.0,"gold_gain":0.0,"event_name":"WeMeetAgain","player_choice":"Gave Card","floor":4.0,"gold_loss":0.0,"damage_taken":0.0,"relics_obtained":["Sundial"]},{"cards_removed":["Doubt"],"damage_healed":0.0,"max_hp_gain":0.0,"max_hp_loss":0.0,"gold_gain":0.0,"event_name":"Living Wall","player_choice":"Forget","floor":13.0,"gold_loss":0.0,"damage_taken":0.0},{"damage_healed":0.0,"max_hp_gain":0.0,"max_hp_loss":0.0,"gold_gain":0.0,"event_name":"Ghosts","player_choice":"Ignored","floor":19.0,"gold_loss":0.0,"damage_taken":0.0},{"damage_healed":0.0,"max_hp_gain":0.0,"max_hp_loss":0.0,"gold_gain":0.0,"event_name":"Cursed Tome","player_choice":"Obtained Book","floor":24.0,"gold_loss":0.0,"damage_taken":21.0},{"damage_healed":0,"gold_gain":0,"player_choice":"Obtained Relic","damage_taken":0,"relics_obtained":["Peace Pipe"],"max_hp_gain":0,"max_hp_loss":0,"event_name":"Addict","floor":30,"gold_loss":85}],"is_beta":true,"boss_relics":[{"not_picked":["Ectoplasm","Snecko Eye"],"picked":"Busted Crown"}],"items_purged_floors":[],"is_endless":false,"potions_floor_spawned":[3,8,14,18,28,31],"killed_by":"Collector","ascension_level":18}