{"gold_per_floor":[111,111,127,137,147,147,161,161,185,203,203,221,74,93,93,192,192,207,132,132,144,155,155,155,155,155,173,29,29,29,63,63,161,211,224,238,1237,1237,407,407,434,24,24,24,56,68,68,84,84,84],"floor_reached":51,"playtime":2167,"items_purged":["Strike_G","Strike_G","Strike_G"],"score":1352,"play_id":"fb55fd2b-0312-41f6-ba73-39b1d71a2a4d","local_time":"20190111055358","is_ascension_mode":true,"campfire_choices":[{"data":"Footwork","floor":6.0,"key":"SMITH"},{"data":"Neutralize","floor":8.0,"key":"SMITH"},{"data":"Deadly Poison","floor":11.0,"key":"SMITH"},{"data":"Noxious Fumes","floor":15.0,"key":"SMITH"},{"data":"Catalyst","floor":23,"key":"SMITH"},{"data":"Catalyst","floor":25,"key":"SMITH"},{"floor":32,"key":"REST"},{"data":"Burst","floor":40,"key":"SMITH"},{"floor":47,"key":"REST"},{"data":"Catalyst","floor":49,"key":"SMITH"}],"neow_cost":"NONE","seed_source_timestamp":36448354527103,"circlet_count":0,"master_deck":["AscendersBane","Defend_G+1","Defend_G","Defend_G","Defend_G","Survivor","Neutralize+1","Flying Knee","Backstab","Deadly Poison+1","Footwork+1","Deflect","Dagger Throw","Predator","Noxious Fumes+1","Catalyst+1","Corpse Explosion","Deflect","Catalyst+1","Bouncing Flask","Catalyst+1","Crippling Poison","Burst+1","PiercingWail+1","Footwork","Catalyst+1","Escape Plan"],"special_seed":0,"relics":["Ring of the Snake","Bag of Preparation","White Beast Statue","Paper Crane","Omamori","Turnip","Orichalcum","Tiny House","Mercury Hourglass","Letter Opener","Toy Ornithopter","Smiling Mask","Mummified Hand","Pantograph","Lantern"],"potions_floor_usage":[21,21,21,21,21,22,27,33,33,35,35,41,45,46,48,50],"damage_taken":[{"damage":13.0,"enemies":"Jaw Worm","floor":1.0,"turns":7.0},{"damage":0.0,"enemies":"Cultist","floor":3.0,"turns":4.0},{"damage":0.0,"enemies":"Small Slimes","floor":4.0,"turns":3.0},{"damage":2.0,"enemies":"Exordium Wildlife","floor":5.0,"turns":4.0},{"damage":2.0,"enemies":"Lots of Slimes","floor":7.0,"turns":7.0},{"damage":0.0,"enemies":"Blue Slaver","floor":10.0,"turns":4.0},{"damage":7.0,"enemies":"Exordium Thugs","floor":12.0,"turns":3.0},{"damage":1.0,"enemies":"Looter","floor":14.0,"turns":3.0},{"damage":0.0,"enemies":"The Guardian","floor":16.0,"turns":8.0},{"damage":0.0,"enemies":"2 Thieves","floor":18.0,"turns":4.0},{"damage":0,"enemies":"Shell Parasite","floor":21,"turns":5},{"damage":11,"enemies":"Snake Plant","floor":22,"turns":4},{"damage":9,"enemies":"Centurion and Healer","floor":27,"turns":5},{"damage":24,"enemies":"Slavers","floor":31,"turns":3},{"damage":33,"enemies":"Collector","floor":33,"turns":4},{"damage":13,"enemies":"3 Darklings","floor":35,"turns":4},{"damage":16,"enemies":"Orb Walker","floor":36,"turns":5},{"damage":0,"enemies":"Giant Head","floor":41,"turns":5},{"damage":20,"enemies":"Reptomancer","floor":45,"turns":5},{"damage":14,"enemies":"Writhing Mass","floor":46,"turns":3},{"damage":0,"enemies":"3 Darklings","floor":48,"turns":2},{"damage":5,"enemies":"Time Eater","floor":50,"turns":4}],"seed_played":"6173327388641928195","potions_obtained":[{"floor":1.0,"key":"Explosive Potion"},{"floor":4.0,"key":"Block Potion"},{"floor":12.0,"key":"AttackPotion"},{"floor":18.0,"key":"Poison Potion"},{"floor":20.0,"key":"EntropicBrew"},{"floor":20.0,"key":"LiquidBronze"},{"floor":21,"key":"Block Potion"},{"floor":22,"key":"PowerPotion"},{"floor":27,"key":"Strength Potion"},{"floor":33,"key":"AttackPotion"},{"floor":34,"key":"Poison Potion"},{"floor":35,"key":"Strength Potion"},{"floor":36,"key":"Ancient Potion"},{"floor":41,"key":"Poison Potion"},{"floor":45,"key":"Poison Potion"},{"floor":46,"key":"SkillPotion"},{"floor":48,"key":"Ancient Potion"}],"is_trial":false,"path_per_floor":["M","?","M","M","M","R","M","R","T","M","R","M","$","M","R","B",null,"M","?","?","M","M","R","?","R","T","M","$","?","T","E","R","B",null,"M","M","?","?","$","R","E","$","T","?","E","M","R","M","R","B",null],"character_chosen":"THE_SILENT","items_purchased":["Noxious Fumes","Omamori","Mercury Hourglass","Letter Opener","Toy Ornithopter","Footwork","Mummified Hand","Swift Potion","Weak Potion"],"campfire_rested":2,"item_purchase_floors":[13,28,39,39,39,39,42,42,42],"current_hp_per_floor":[57,57,57,57,55,55,53,53,53,53,53,46,46,45,45,45,69,69,69,69,69,58,58,58,58,58,49,49,35,35,11,35,2,67,54,38,38,38,38,38,43,43,43,43,28,19,45,50,50,75],"gold":84,"neow_bonus":"TEN_PERCENT_HP_BONUS","is_prod":false,"is_daily":false,"chose_seed":false,"campfire_upgraded":8,"win_rate":0,"timestamp":1547204038,"path_taken":["M","?","M","M","M","R","M","R","T","M","R","M","?","?","R","BOSS","M","?","?","M","?","R","?","R","T","M","?","?","?","E","R","BOSS","M","M","?","?","$","R","E","$","T","?","E","M","R","M","R","BOSS"],"build_version":"2019-01-10","purchased_purges":3,"victory":true,"max_hp_per_floor":[77,77,77,77,77,77,77,77,77,77,77,77,77,77,77,77,77,77,77,77,77,77,77,77,77,77,77,77,82,82,82,82,82,87,87,87,87,87,87,87,87,87,87,87,87,87,87,87,87,87],"card_choices":[{"not_picked":["Accuracy","Outmaneuver"],"picked":"Flying Knee","floor":1.0},{"not_picked":["Deadly Poison","Dodge and Roll"],"picked":"Backstab","floor":3.0},{"not_picked":["Finisher","Poisoned Stab"],"picked":"Deadly Poison","floor":4.0},{"not_picked":["Night Terror","Distraction"],"picked":"Footwork","floor":5.0},{"not_picked":["Poisoned Stab","Underhanded Strike"],"picked":"Deflect","floor":7.0},{"not_picked":["Poisoned Stab","Sucker Punch"],"picked":"Dagger Throw","floor":10.0},{"not_picked":["Reflex","Poisoned Stab"],"picked":"Predator","floor":12.0},{"not_picked":["Eviscerate","Flying Knee"],"picked":"Catalyst","floor":14.0},{"not_picked":["Envenom","Grand Finale"],"picked":"Corpse Explosion","floor":16.0},{"not_picked":["Dagger Throw","Concentrate"],"picked":"Deflect","floor":18.0},{"not_picked":["Expertise","Dash"],"picked":"Catalyst","floor":21},{"not_picked":["Flying Knee","Poisoned Stab"],"picked":"Bouncing Flask","floor":22},{"not_picked":["Reflex","Escape Plan"],"picked":"Crippling Poison","floor":27},{"not_picked":["Accuracy","All Out Attack+1","Sucker Punch"],"picked":"SKIP","floor":31},{"not_picked":["Envenom","Venomology"],"picked":"Burst","floor":33},{"not_picked":["Slice","Deadly Poison","Accuracy+1"],"picked":"SKIP","floor":35},{"not_picked":["Underhanded Strike+1","Accuracy+1"],"picked":"PiercingWail+1","floor":36},{"not_picked":["Grand Finale","Sucker Punch"],"picked":"Catalyst","floor":41},{"not_picked":["Deflect","Blade Dance","Dagger Spray+1"],"picked":"SKIP","floor":45},{"not_picked":["Blade Dance","Poisoned Stab+1"],"picked":"Escape Plan","floor":46},{"not_picked":["Concentrate","Dodge and Roll","Flying Knee+1"],"picked":"SKIP","floor":48}],"player_experience":784279,"relics_obtained":[{"floor":9.0,"key":"Bag of Preparation"},{"floor":26,"key":"Paper Crane"},{"floor":30,"key":"Turnip"},{"floor":31,"key":"Orichalcum"},{"floor":41,"key":"Smiling Mask"},{"floor":43,"key":"Pantograph"},{"floor":45,"key":"Lantern"}],"event_choices":[{"cards_removed":["Strike_G"],"damage_healed":0.0,"max_hp_gain":0.0,"max_hp_loss":0.0,"gold_gain":0.0,"event_name":"Purifier","player_choice":"Purged","floor":2.0,"gold_loss":0.0,"damage_taken":0.0},{"cards_removed":["Strike_G"],"damage_healed":0.0,"max_hp_gain":0.0,"max_hp_loss":0.0,"gold_gain":0.0,"event_name":"Beggar","player_choice":"Gave Gold","floor":19.0,"gold_loss":75.0,"damage_taken":0.0},{"damage_healed":0.0,"max_hp_gain":0.0,"max_hp_loss":0.0,"gold_gain":0.0,"event_name":"Lab","player_choice":"Got Potions","floor":20.0,"gold_loss":0.0,"damage_taken":0.0},{"damage_healed":0,"gold_gain":0,"player_choice":"Copied","damage_taken":0,"max_hp_gain":0,"max_hp_loss":0,"event_name":"Duplicator","floor":24,"gold_loss":0,"cards_obtained":["Catalyst"]},{"damage_healed":0,"gold_gain":0,"player_choice":"Shed Blood","damage_taken":19,"max_hp_gain":5,"max_hp_loss":0,"event_name":"Forgotten Altar","floor":29,"gold_loss":0},{"damage_healed":0,"gold_gain":999,"player_choice":"Gold","damage_taken":0,"max_hp_gain":0,"max_hp_loss":0,"event_name":"MindBloom","floor":37,"gold_loss":0,"cards_obtained":["Normality","Normality"]},{"damage_healed":0,"gold_gain":0,"player_choice":"Ignored","damage_taken":0,"max_hp_gain":0,"max_hp_loss":0,"event_name":"Mysterious Sphere","floor":38,"gold_loss":0},{"cards_removed":["Defend_G"],"damage_healed":0,"gold_gain":0,"player_choice":"Removed Skill","damage_taken":0,"max_hp_gain":0,"max_hp_loss":0,"event_name":"Falling","floor":44,"gold_loss":0}],"is_beta":true,"boss_relics":[{"not_picked":["Philosopher\u0027s Stone","Pandora\u0027s Box"],"picked":"White Beast Statue"},{"not_picked":["Velvet Choker","Busted Crown"],"picked":"Tiny House"}],"items_purged_floors":[13,39,42],"is_endless":false,"potions_floor_spawned":[1,4,12,18,21,22,27,31,33,35,36,41,45,46,48],"ascension_level":12}