{"gold_per_floor":[113,113,113,131,55,86,86,99,124,124,124,158,172,206,206,309,309,322,322,334,347,447,474,474,349,373,373,393,393,90,90],"floor_reached":31,"playtime":1849,"items_purged":[],"score":321,"play_id":"edef1f0d-1509-445d-94c3-e289cc2633d1","local_time":"20190622204513","is_ascension_mode":false,"campfire_choices":[{"data":"Sword Boomerang","floor":7,"key":"SMITH"},{"data":"Anger","floor":11,"key":"SMITH"},{"data":"Second Wind","floor":15,"key":"SMITH"},{"floor":24,"key":"REST"},{"data":"Spot Weakness","floor":27,"key":"SMITH"}],"neow_cost":"NONE","seed_source_timestamp":65806409250078,"circlet_count":0,"master_deck":["Strike_R","Strike_R","Strike_R","Strike_R","Strike_R","Defend_R","Defend_R","Defend_R","Defend_R","Bash","Sword Boomerang+1","Anger+1","Reckless Charge","Uppercut","Rage+1","Second Wind+1","Sword Boomerang","Juggernaut","Spot Weakness+1","Inflame+1","Perfected Strike","Wild Strike+1","Fire Breathing","Sword Boomerang+1","Cleave+1","Thunderclap+1"],"relics":["Burning Blood","NeowsBlessing","Juzu Bracelet","Pocketwatch","Centennial Puzzle","Bag of Preparation","Mango","Sozu","Charon\u0027s Ashes","Molten Egg 2","Boot","Bag of Marbles","Matryoshka"],"potions_floor_usage":[14,16,16,23,31],"damage_taken":[{"damage":0,"enemies":"2 Louse","floor":1,"turns":1},{"damage":0,"enemies":"Jaw Worm","floor":4,"turns":1},{"damage":0,"enemies":"Lagavulin","floor":6,"turns":1},{"damage":5,"enemies":"Small Slimes","floor":8,"turns":2},{"damage":18,"enemies":"3 Sentries","floor":12,"turns":5},{"damage":0,"enemies":"2 Fungi Beasts","floor":13,"turns":2},{"damage":4,"enemies":"Gremlin Nob","floor":14,"turns":3},{"damage":43,"enemies":"Hexaghost","floor":16,"turns":8},{"damage":6,"enemies":"2 Thieves","floor":18,"turns":4},{"damage":14,"enemies":"Spheric Guardian","floor":20,"turns":4},{"damage":17,"enemies":"Centurion and Healer","floor":21,"turns":5},{"damage":20,"enemies":"Colosseum Slavers","floor":22,"turns":3},{"damage":21,"enemies":"Colosseum Nobs","floor":22,"turns":3},{"damage":55,"enemies":"Gremlin Leader","floor":23,"turns":5},{"damage":0,"enemies":"Snecko","floor":28,"turns":2},{"damage":33,"enemies":"Shelled Parasite and Fungi","floor":31,"turns":3}],"seed_played":"-1159725573161362747","potions_obtained":[{"floor":4,"key":"Regen Potion"},{"floor":6,"key":"PowerPotion"},{"floor":12,"key":"Explosive Potion"},{"floor":13,"key":"Fruit Juice"},{"floor":14,"key":"AttackPotion"},{"floor":16,"key":"LiquidBronze"}],"is_trial":false,"path_per_floor":["M","?","?","M","$","E","R","M","T","?","R","E","M","E","R","B",null,"M","?","M","M","?","E","R","$","T","R","M","?","$","M"],"character_chosen":"IRONCLAD","items_purchased":["Reckless Charge","Fire Breathing","Sword Boomerang+1","Matryoshka","Thunderclap+1"],"campfire_rested":1,"item_purchase_floors":[5,25,25,30,30],"current_hp_per_floor":[80,73,73,79,79,80,80,80,80,80,80,68,74,95,95,58,99,99,99,91,80,51,16,45,45,45,45,51,31,31,0],"gold":90,"neow_bonus":"THREE_ENEMY_KILL","is_prod":false,"is_daily":false,"chose_seed":false,"campfire_upgraded":4,"win_rate":0,"timestamp":1561254313,"path_taken":["M","?","?","M","?","E","R","M","T","?","R","E","M","E","R","BOSS","M","?","M","M","?","E","R","$","T","R","M","?","?","M"],"build_version":"2019-01-23","purchased_purges":0,"victory":false,"max_hp_per_floor":[80,80,80,80,80,80,80,80,80,80,80,80,80,99,99,99,99,99,99,99,99,99,99,99,99,99,99,99,104,104,104],"card_choices":[{"not_picked":["Clash","Body Slam"],"picked":"Sword Boomerang","floor":1},{"not_picked":["Sword Boomerang","Feed"],"picked":"Anger","floor":4},{"not_picked":["Carnage","Clothesline"],"picked":"Uppercut","floor":6},{"not_picked":["Wild Strike","Twin Strike"],"picked":"Rage","floor":8},{"not_picked":["Corruption","Havoc"],"picked":"Second Wind","floor":12},{"not_picked":["Whirlwind","Clash","Havoc"],"picked":"SKIP","floor":13},{"not_picked":["Bloodletting","Pommel Strike"],"picked":"Sword Boomerang","floor":14},{"not_picked":["Dark Embrace","Limit Break"],"picked":"Juggernaut","floor":16},{"not_picked":["Pummel","Pommel Strike"],"picked":"Spot Weakness","floor":18},{"not_picked":["Armaments","Warcry"],"picked":"Inflame+1","floor":20},{"not_picked":["Twin Strike","Warcry+1"],"picked":"Perfected Strike","floor":21},{"not_picked":["Rampage+1","Headbutt+1"],"picked":"Wild Strike+1","floor":23},{"not_picked":["Searing Blow+1","Ghostly Armor+1"],"picked":"Cleave+1","floor":28}],"player_experience":77714,"relics_obtained":[{"floor":6,"key":"Pocketwatch"},{"floor":9,"key":"Centennial Puzzle"},{"floor":12,"key":"Bag of Preparation"},{"floor":14,"key":"Mango"},{"floor":22,"key":"Charon\u0027s Ashes"},{"floor":22,"key":"Molten Egg 2"},{"floor":23,"key":"Boot"},{"floor":26,"key":"Bag of Marbles"}],"event_choices":[{"damage_healed":0,"gold_gain":0,"player_choice":"Success","damage_taken":7,"relics_obtained":["Juzu Bracelet"],"max_hp_gain":0,"max_hp_loss":0,"event_name":"Scrap Ooze","floor":2,"gold_loss":0},{"damage_healed":0,"gold_gain":0,"player_choice":"Ignored","damage_taken":0,"max_hp_gain":0,"max_hp_loss":0,"event_name":"Golden Wing","floor":3,"gold_loss":0},{"damage_healed":0,"gold_gain":0,"player_choice":"Grow","damage_taken":0,"max_hp_gain":0,"max_hp_loss":0,"event_name":"Living Wall","floor":10,"gold_loss":0,"cards_upgraded":["Rage"]},{"damage_healed":0,"gold_gain":0,"player_choice":"Ignored","damage_taken":0,"max_hp_gain":0,"max_hp_loss":0,"event_name":"Beggar","floor":19,"gold_loss":0},{"damage_healed":0,"gold_gain":0,"player_choice":"Fight","damage_taken":0,"max_hp_gain":0,"max_hp_loss":0,"event_name":"Colosseum","floor":22,"gold_loss":0},{"damage_healed":0,"gold_gain":0,"player_choice":"Fought Nobs","damage_taken":0,"max_hp_gain":0,"max_hp_loss":0,"event_name":"Colosseum","floor":22,"gold_loss":0},{"damage_healed":0,"gold_gain":0,"player_choice":"Shed Blood","damage_taken":25,"max_hp_gain":5,"max_hp_loss":0,"event_name":"Forgotten Altar","floor":29,"gold_loss":0}],"is_beta":false,"boss_relics":[{"not_picked":["Eternal Feather","Runic Cube"],"picked":"Sozu"}],"items_purged_floors":[],"is_endless":false,"potions_floor_spawned":[4,6,12,13,14,16,20,21,23],"killed_by":"Shelled Parasite and Fungi","ascension_level":0}