{"path_per_floor":["M","?","?","M","$","R","M","?","T","M","R","M","$","T","R","B",null,"M","M","?","M","?","E","M","R","T","M"],"character_chosen":"DEFECT","items_purchased":["DataDisk"],"gold_per_floor":[111,286,286,297,72,72,90,40,92,105,105,115,15,63,63,162,162,178,189,189,202,202,527,544,544,544,564,564],"floor_reached":28,"campfire_rested":1,"playtime":2935,"current_hp_per_floor":[74,74,74,68,68,68,67,67,67,67,67,67,67,67,67,40,75,61,58,85,22,22,20,10,22,22,22,0],"items_purged":["Regret","Strike_B"],"gold":564,"score":290,"play_id":"eddb29e6-f039-4c76-b40f-a6ed016a0426","local_time":"20180512002258","is_prod":false,"is_daily":false,"chose_seed":false,"is_ascension_mode":true,"campfire_upgraded":3,"timestamp":1526098978,"path_taken":["M","?","?","M","$","R","M","?","T","M","R","M","$","?","R","BOSS","M","M","?","M","?","E","M","R","T","M","E"],"build_version":"2018-05-10","seed_source_timestamp":104817404564411,"purchased_purges":5,"victory":false,"master_deck":["Strike_B","Strike_B","Strike_B","Defend_B","Defend_B","Defend_B","Defend_B","Zap+1","Dualcast","Skim","Reinforced Body+1","Leap","Leap+1","Coolheaded","Cold Snap","Tempest+1","White Noise+1","Ghostly","Ghostly","Ghostly","Ghostly","Ghostly","Glacier","Sweeping Beam"],"max_hp_per_floor":[75,75,75,75,75,75,75,75,75,75,75,75,75,75,75,75,75,75,75,85,85,42,42,42,42,42,42,42],"relics":["Cracked Core","Pen Nib","DataDisk","Anchor","Lantern","Black Star","Unceasing Top","Old Coin","Bottled Lightning"],"card_choices":[{"not_picked":["Steam","Impulse"],"picked":"Skim","floor":1},{"not_picked":["Steam Power","Recycle"],"picked":"Reinforced Body","floor":4},{"not_picked":["Barrage","Steam"],"picked":"Leap","floor":7},{"not_picked":["Streamline","Axe Kick"],"picked":"Leap","floor":10},{"not_picked":["Hyperbeam","Auto Shields"],"picked":"Coolheaded","floor":12},{"not_picked":["Biased Cognition","Meteor Strike"],"picked":"Reboot","floor":16},{"not_picked":["Steam","Streamline"],"picked":"Cold Snap","floor":18},{"not_picked":["Undo","Rebound"],"picked":"Tempest","floor":19},{"not_picked":["Darkness","Beam Cell"],"picked":"White Noise","floor":21},{"not_picked":["Multi-Cast","Double Energy"],"picked":"Glacier","floor":23},{"not_picked":["Leap","Redo"],"picked":"Sweeping Beam","floor":24}],"player_experience":80143,"potions_floor_usage":[16,21,21,21,28,28],"damage_taken":[{"damage":1,"enemies":"2 Louse","floor":1,"turns":2},{"damage":6,"enemies":"Small Slimes","floor":4,"turns":4},{"damage":1,"enemies":"Jaw Worm","floor":7,"turns":4},{"damage":0,"enemies":"Large Slime","floor":10,"turns":4},{"damage":0,"enemies":"Looter","floor":12,"turns":3},{"damage":27,"enemies":"Slime Boss","floor":16,"turns":13},{"damage":14,"enemies":"Chosen","floor":18,"turns":8},{"damage":3,"enemies":"Shell Parasite","floor":19,"turns":19},{"damage":63,"enemies":"Centurion and Healer","floor":21,"turns":26},{"damage":2,"enemies":"Slavers","floor":23,"turns":9},{"damage":10,"enemies":"Snecko","floor":24,"turns":6},{"damage":0,"enemies":"Snake Plant","floor":27,"turns":3},{"damage":26,"enemies":"Book of Stabbing","floor":28,"turns":8}],"event_choices":[{"event_name":"Liars Game","player_choice":"agreed","floor":2,"damage_taken":0},{"event_name":"Big Fish","player_choice":"Box","floor":3,"damage_taken":0},{"event_name":"The Cleric","player_choice":"Card Removal","floor":8,"damage_taken":0},{"event_name":"Bonfire Elementals","player_choice":"RARE","floor":20,"damage_taken":0},{"event_name":"Ghosts","player_choice":"Became a Ghost","floor":22,"damage_taken":0}],"boss_relics":[{"not_picked":["Nuclear Battery","Cursed Key"],"picked":"Black Star"}],"potions_floor_spawned":[7,12,18,19,24,27],"seed_played":"695299547109247752","killed_by":"Book of Stabbing","ascension_level":3,"is_trial":false}