{"gold_per_floor":[118,118,131,131,231,231,264,282,353,10,22,41,41,56,56,152,152,92],"floor_reached":18,"playtime":2390,"items_purged":[],"score":170,"play_id":"90ea8f27-19e8-4a96-8598-e6450caec3c2","local_time":"20190702192935","is_ascension_mode":true,"campfire_choices":[{"data":"Neutralize","floor":6,"key":"SMITH"},{"floor":13,"key":"REST"},{"floor":15,"key":"REST"}],"neow_cost":"NONE","seed_source_timestamp":841744736200600,"circlet_count":0,"master_deck":["Survivor","Neutralize+1","Parasite","Regret","Doubt","Dagger Throw","Finisher+1","Noxious Fumes","Dodge and Roll","Masterful Stab","Prepared","Leg Sweep","Backflip","Bouncing Flask","Storm of Steel","Finisher","Backflip","Bullet Time","Escape Plan","All Out Attack","Envenom","Accuracy","Masterful Stab","Deadly Poison","Skewer"],"relics":["Calling Bell","Juzu Bracelet","Mercury Hourglass","Torii","Strawberry","Vajra","Bottled Lightning","Matryoshka","Pandora\u0027s Box"],"potions_floor_usage":[7,12,16,18],"damage_taken":[{"damage":5,"enemies":"Cultist","floor":1,"turns":5},{"damage":0,"enemies":"Small Slimes","floor":3,"turns":3},{"damage":35,"enemies":"Lagavulin","floor":7,"turns":8},{"damage":7,"enemies":"Jaw Worm","floor":8,"turns":3},{"damage":1,"enemies":"Red Slaver","floor":11,"turns":3},{"damage":8,"enemies":"Exordium Thugs","floor":12,"turns":3},{"damage":5,"enemies":"Lots of Slimes","floor":14,"turns":4},{"damage":40,"enemies":"Slime Boss","floor":16,"turns":10},{"damage":29,"enemies":"2 Thieves","floor":18,"turns":2}],"seed_played":"8057004806957557736","potions_obtained":[{"floor":3,"key":"SteroidPotion"},{"floor":7,"key":"AttackPotion"},{"floor":11,"key":"PowerPotion"},{"floor":16,"key":"LiquidBronze"}],"is_trial":false,"path_per_floor":["M","?","M","?","?","R","E","M","T","$","M","M","R","M","R","B",null,"M"],"character_chosen":"THE_SILENT","items_purchased":["Matryoshka","Masterful Stab","Prepared"],"campfire_rested":2,"item_purchase_floors":[10,10,10],"current_hp_per_floor":[65,65,65,65,65,65,30,23,23,23,22,14,37,32,55,15,77,48],"gold":92,"neow_bonus":"BOSS_RELIC","is_prod":false,"is_daily":false,"chose_seed":false,"campfire_upgraded":1,"win_rate":0,"timestamp":1562110175,"path_taken":["M","?","M","?","?","R","E","M","T","$","M","M","R","M","R","BOSS","M"],"build_version":"2019-07-01","purchased_purges":0,"victory":false,"max_hp_per_floor":[70,77,77,77,77,77,77,77,77,77,77,77,77,77,77,77,77,77],"card_choices":[{"not_picked":["Acrobatics","Terror"],"picked":"Dagger Throw","floor":1},{"not_picked":["Sucker Punch","Deadly Poison"],"picked":"Finisher","floor":3},{"not_picked":["Sucker Punch","Deadly Poison"],"picked":"Noxious Fumes","floor":7},{"not_picked":["Cloak And Dagger","Choke"],"picked":"Dodge and Roll","floor":8},{"not_picked":["Caltrops","Eviscerate"],"picked":"Leg Sweep","floor":11},{"not_picked":["Grand Finale","Endless Agony"],"picked":"Backflip","floor":12},{"not_picked":["Sucker Punch","Acrobatics"],"picked":"Bouncing Flask","floor":14},{"not_picked":["Wraith Form v2","Doppelganger"],"picked":"Storm of Steel","floor":16}],"player_experience":554125,"relics_obtained":[{"floor":0,"key":"Juzu Bracelet"},{"floor":0,"key":"Mercury Hourglass"},{"floor":0,"key":"Torii"},{"floor":7,"key":"Vajra"},{"floor":9,"key":"Bottled Lightning"}],"event_choices":[{"damage_healed":0,"gold_gain":0,"player_choice":"Success","damage_taken":7,"relics_obtained":["Strawberry"],"max_hp_gain":0,"max_hp_loss":0,"event_name":"Scrap Ooze","floor":2,"gold_loss":0},{"damage_healed":0,"gold_gain":0,"player_choice":"Grow","damage_taken":0,"max_hp_gain":0,"max_hp_loss":0,"event_name":"Living Wall","floor":4,"gold_loss":0,"cards_upgraded":["Finisher"]},{"damage_healed":0,"gold_gain":100,"player_choice":"Pray","damage_taken":0,"max_hp_gain":0,"max_hp_loss":0,"event_name":"Golden Shrine","floor":5,"gold_loss":0}],"is_beta":false,"boss_relics":[{"not_picked":["Runic Dome","White Beast Statue"],"picked":"Pandora\u0027s Box"}],"items_purged_floors":[],"is_endless":false,"potions_floor_spawned":[3,7,11,16],"killed_by":"2 Thieves","ascension_level":1}