{"path_per_floor":["M","M","M","?","M","R","M","M","T","R","T","R","$","M","R"],"character_chosen":"IRONCLAD","items_purchased":["Mind Blast"],"gold_per_floor":[115,127,139,89,105,105,124,139,139,139,139,139,46,62,62,62],"floor_reached":16,"campfire_rested":2,"playtime":833,"item_purchase_floors":[],"current_hp_per_floor":[80,80,80,80,62,80,79,70,70,70,70,70,70,43,67,0],"items_purged":[],"gold":62,"score":94,"play_id":"03b4b9bf-8cd7-4340-bdcf-14fe2990ee6f","local_time":"20180615195856","is_prod":false,"is_daily":false,"chose_seed":false,"is_ascension_mode":false,"campfire_upgraded":2,"win_rate":0.0,"timestamp":1529107136,"campfire_choices":[{"floor":6.0,"key":"REST"},{"data":"Bludgeon","floor":10.0,"key":"SMITH"},{"data":"Carnage","floor":12.0,"key":"SMITH"},{"floor":15.0,"key":"REST"}],"path_taken":["M","?","M","?","M","R","M","?","T","R","?","R","$","M","R","BOSS"],"build_version":"2018-06-14v2","seed_source_timestamp":0,"purchased_purges":0,"victory":false,"master_deck":["Strike_R","Strike_R","Strike_R","Strike_R","Strike_R","Defend_R","Defend_R","Defend_R","Spot Weakness","True Grit","Carnage+1","Thunderclap","Bludgeon+1","Body Slam","Sever Soul","Mind Blast","Intimidate"],"max_hp_per_floor":[80,80,80,80,80,80,80,80,80,80,80,80,80,80,80,80],"special_seed":0,"relics":["Burning Blood","Pen Nib","Unceasing Top"],"card_choices":[{"not_picked":["Burning Pact","Pommel Strike"],"picked":"True Grit","floor":1.0},{"not_picked":["Thunderclap","Feel No Pain"],"picked":"Carnage","floor":2.0},{"not_picked":["Headbutt","Bloodletting"],"picked":"Thunderclap","floor":3.0},{"not_picked":["Heavy Blade","Cleave"],"picked":"Bludgeon","floor":5.0},{"not_picked":["Iron Wave","Anger"],"picked":"Body Slam","floor":7.0},{"not_picked":["Bloodletting","Twin Strike"],"picked":"Sever Soul","floor":8.0},{"not_picked":["Body Slam","Pommel Strike"],"picked":"Intimidate","floor":14.0}],"player_experience":37135,"potions_floor_usage":[16],"damage_taken":[{"damage":6.0,"enemies":"Cultist","floor":1.0,"turns":3.0},{"damage":5.0,"enemies":"Jaw Worm","floor":2.0,"turns":4.0},{"damage":0.0,"enemies":"Small Slimes","floor":3.0,"turns":4.0},{"damage":24.0,"enemies":"Exordium Thugs","floor":5.0,"turns":5.0},{"damage":7.0,"enemies":"Exordium Wildlife","floor":7.0,"turns":3.0},{"damage":15.0,"enemies":"Looter","floor":8.0,"turns":3.0},{"damage":33.0,"enemies":"Gremlin Gang","floor":14.0,"turns":6.0},{"damage":82,"enemies":"The Guardian","floor":16,"turns":12}],"relics_obtained":[{"floor":9.0,"key":"Pen Nib"},{"floor":11.0,"key":"Unceasing Top"}],"event_choices":[{"event_name":"The Cleric","player_choice":"Card Removal","floor":4.0,"damage_taken":0.0}],"boss_relics":[],"items_purged_floors":[],"is_endless":false,"potions_floor_spawned":[1,7],"seed_played":"9193270288794946942","killed_by":"The Guardian","ascension_level":0,"potions_obtained":[{"floor":1.0,"key":"Explosive Potion"},{"floor":7.0,"key":"Block Potion"}],"is_trial":false}