{"gold_per_floor":[368,368,388,388,74,74,87,87,87,121,137,148,148,50,50,155,155,168,188,98,23,35,35,35,35,62,62,73,84,84,98,98,196,196,210,210,1209,605,621,621,621,638,938,966,176,195,207,207,207,207],"floor_reached":51,"playtime":1512,"items_purged":["Injury","Normality","Normality"],"score":774,"play_id":"4ff95daf-b322-445b-a533-f59d3401568c","local_time":"20190628042923","is_ascension_mode":false,"campfire_choices":[{"floor":6.0,"key":"DIG"},{"floor":8.0,"key":"DIG"},{"floor":13.0,"key":"DIG"},{"floor":15.0,"key":"DIG"},{"floor":23.0,"key":"DIG"},{"floor":25.0,"key":"DIG"},{"floor":27.0,"key":"DIG"},{"floor":30.0,"key":"DIG"},{"floor":32.0,"key":"DIG"},{"floor":40,"key":"DIG"},{"floor":49,"key":"DIG"}],"neow_cost":"CURSE","seed_source_timestamp":11015528256620,"circlet_count":0,"master_deck":["Strike_B","Strike_B+1","Strike_B","Defend_B+1","Defend_B+1","Defend_B","Defend_B+1","Zap+1","Dualcast","Consume","Ball Lightning+1","Rebound","Seek","Coolheaded","Cold Snap","Fission","Rip and Tear+1","FTL+1","Ball Lightning","Creative AI","Zap+1","Ball Lightning","Cold Snap","Capacitor","Consume+1"],"special_seed":0,"relics":["Cracked Core","Shovel","Pen Nib","Incense Burner","Blue Candle","Ginger","Mango","Emotion Chip","Runic Dome","Gremlin Horn","Meat on the Bone","DataDisk","Strawberry","Calipers","Orichalcum","War Paint","Coffee Dripper","Art of War","DollysMirror","Matryoshka","MawBank","Old Coin","Pantograph","Centennial Puzzle","Chemical X","Question Card","Shuriken","Dodecahedron"],"potions_floor_usage":[50,50,50],"damage_taken":[{"damage":6.0,"enemies":"Jaw Worm","floor":1.0,"turns":3.0},{"damage":8.0,"enemies":"2 Louse","floor":3.0,"turns":2.0},{"damage":0.0,"enemies":"Cultist","floor":7.0,"turns":3.0},{"damage":16.0,"enemies":"Lagavulin","floor":10.0,"turns":5.0},{"damage":0.0,"enemies":"Lots of Slimes","floor":11.0,"turns":3.0},{"damage":0.0,"enemies":"Large Slime","floor":12.0,"turns":3.0},{"damage":23.0,"enemies":"Hexaghost","floor":16.0,"turns":8.0},{"damage":8.0,"enemies":"2 Thieves","floor":18.0,"turns":3.0},{"damage":0.0,"enemies":"Spheric Guardian","floor":19.0,"turns":3.0},{"damage":6.0,"enemies":"Chosen and Byrds","floor":22.0,"turns":4.0},{"damage":0.0,"enemies":"3 Cultists","floor":28.0,"turns":4.0},{"damage":2.0,"enemies":"Snake Plant","floor":29.0,"turns":3.0},{"damage":1.0,"enemies":"Snecko","floor":31.0,"turns":4.0},{"damage":45.0,"enemies":"Champ","floor":33.0,"turns":10.0},{"damage":12.0,"enemies":"3 Darklings","floor":35.0,"turns":4.0},{"damage":0,"enemies":"Orb Walker","floor":39,"turns":3},{"damage":29,"enemies":"Jaw Worm Horde","floor":42,"turns":3},{"damage":9,"enemies":"3 Darklings","floor":44,"turns":3},{"damage":4,"enemies":"Sphere and 2 Shapes","floor":46,"turns":3},{"damage":0,"enemies":"Maw","floor":47,"turns":6},{"damage":38,"enemies":"Donu and Deca","floor":50,"turns":6}],"seed_played":"-5927779338716069034","potions_obtained":[{"floor":3.0,"key":"Strength Potion"},{"floor":11.0,"key":"Explosive Potion"},{"floor":19.0,"key":"Regen Potion"},{"floor":22.0,"key":"SkillPotion"},{"floor":29.0,"key":"LiquidBronze"}],"is_trial":false,"path_per_floor":["M","?","M","?","$","R","M","R","T","E","M","M","R","$","R","B",null,"M","M","?","$","M","R","T","R","T","R","M","M","R","M","R","B",null,"M","?","?","$","M","R","?","M","T","M","$","M","M","T","R","B",null],"character_chosen":"DEFECT","items_purchased":["Shovel","Fruit Juice","Art of War","DollysMirror","EntropicBrew","Ball Lightning","Capacitor","Pantograph","Centennial Puzzle","Chemical X"],"campfire_rested":0,"item_purchase_floors":[5,14,38,38,38,38,45,45,45,45],"current_hp_per_floor":[69,69,61,46,46,46,46,46,46,30,30,30,44,49,49,26,94,86,86,86,86,80,80,80,80,87,87,87,85,85,84,84,51,101,89,89,89,89,89,89,89,60,60,51,51,59,59,59,59,61],"gold":207,"neow_bonus":"TWO_FIFTY_GOLD","is_prod":false,"is_daily":false,"chose_seed":false,"campfire_upgraded":0,"win_rate":0,"timestamp":1561717763,"path_taken":["M","?","M","?","?","R","M","R","T","E","?","M","R","$","R","BOSS","M","?","?","$","?","R","?","R","T","R","M","M","R","M","R","BOSS","M","?","?","$","M","R","?","M","T","M","?","M","M","?","R","BOSS"],"build_version":"2019-01-23","purchased_purges":3,"victory":true,"max_hp_per_floor":[75,75,75,75,75,75,75,75,75,75,75,75,89,94,94,94,94,94,94,94,94,94,94,94,94,101,101,101,101,101,101,101,101,101,101,101,101,101,101,101,101,101,101,101,101,101,101,101,101,101],"card_choices":[{"not_picked":["Gash","Skim"],"picked":"Consume","floor":1.0},{"not_picked":["Turbo","Auto Shields"],"picked":"Ball Lightning","floor":3.0},{"not_picked":["BootSequence","Hologram"],"picked":"Rebound","floor":7.0},{"not_picked":["Loop","Gash"],"picked":"Seek","floor":10.0},{"not_picked":["Steam","Redo"],"picked":"Coolheaded","floor":11.0},{"not_picked":["Aggregate","Rebound"],"picked":"Cold Snap","floor":12.0},{"not_picked":["Meteor Strike","Echo Form"],"picked":"Fission","floor":16.0},{"not_picked":["Undo+1","Melter"],"picked":"Rip and Tear+1","floor":18.0},{"not_picked":["Loop","Hologram","FTL"],"picked":"SKIP","floor":19.0},{"not_picked":["Streamline","Double Energy","Gash+1"],"picked":"SKIP","floor":22.0},{"not_picked":["Steam","White Noise"],"picked":"FTL+1","floor":28.0},{"not_picked":["Leap+1","Lockon"],"picked":"Ball Lightning","floor":29.0},{"not_picked":["Go for the Eyes","Turbo","Scrape"],"picked":"SKIP","floor":31.0},{"not_picked":["Fission","Hyperbeam"],"picked":"Creative AI","floor":33.0},{"not_picked":["Reprogram","Gash","Rip and Tear"],"picked":"SKIP","floor":35.0},{"not_picked":["Steam Power","Genetic Algorithm","Streamline"],"picked":"SKIP","floor":39},{"not_picked":["Gash","Hologram","Steam"],"picked":"SKIP","floor":42},{"not_picked":["Redo","Stack+1"],"picked":"Cold Snap","floor":44},{"not_picked":["Conserve Battery+1","Creative AI"],"picked":"Consume+1","floor":46},{"not_picked":["Beam Cell+1","Barrage+1","Stack+1"],"picked":"SKIP","floor":47}],"player_experience":1517188,"relics_obtained":[{"floor":6.0,"key":"Pen Nib"},{"floor":8.0,"key":"Incense Burner"},{"floor":9.0,"key":"Blue Candle"},{"floor":10.0,"key":"Ginger"},{"floor":13.0,"key":"Mango"},{"floor":15.0,"key":"Emotion Chip"},{"floor":23.0,"key":"Gremlin Horn"},{"floor":24.0,"key":"Meat on the Bone"},{"floor":25.0,"key":"DataDisk"},{"floor":26.0,"key":"Strawberry"},{"floor":27.0,"key":"Calipers"},{"floor":30.0,"key":"Orichalcum"},{"floor":32.0,"key":"War Paint"},{"floor":40,"key":"Matryoshka"},{"floor":43,"key":"MawBank"},{"floor":43,"key":"Old Coin"},{"floor":48,"key":"Question Card"},{"floor":48,"key":"Shuriken"},{"floor":49,"key":"Dodecahedron"}],"event_choices":[{"damage_healed":0.0,"max_hp_gain":0.0,"max_hp_loss":0.0,"gold_gain":0.0,"event_name":"Living Wall","player_choice":"Grow","floor":2.0,"gold_loss":0.0,"damage_taken":0.0,"cards_upgraded":["Zap"]},{"damage_healed":0.0,"max_hp_gain":0.0,"max_hp_loss":0.0,"gold_gain":0.0,"event_name":"Shining Light","player_choice":"Entered Light","floor":4.0,"gold_loss":0.0,"damage_taken":15.0,"cards_upgraded":["Strike_B","Ball Lightning"]},{"cards_removed":["Strike_B"],"damage_healed":0.0,"max_hp_gain":0.0,"max_hp_loss":0.0,"gold_gain":0.0,"event_name":"Designer","player_choice":"Upgrade and Remove","floor":20.0,"gold_loss":90.0,"damage_taken":0.0,"cards_upgraded":["Defend_B"]},{"damage_healed":0,"gold_gain":0,"player_choice":"Ignored","damage_taken":0,"max_hp_gain":0,"max_hp_loss":0,"event_name":"Mysterious Sphere","floor":36,"gold_loss":0},{"damage_healed":0,"gold_gain":999,"player_choice":"Gold","damage_taken":0,"max_hp_gain":0,"max_hp_loss":0,"event_name":"MindBloom","floor":37,"gold_loss":0,"cards_obtained":["Normality","Normality"]},{"damage_healed":0,"gold_gain":0,"player_choice":"Ignored","damage_taken":0,"max_hp_gain":0,"max_hp_loss":0,"event_name":"Tomb of Lord Red Mask","floor":41,"gold_loss":0}],"is_beta":false,"boss_relics":[{"not_picked":["Nuclear Battery","Ectoplasm"],"picked":"Runic Dome"},{"not_picked":["Snecko Eye","Tiny House"],"picked":"Coffee Dripper"}],"items_purged_floors":[21,38,45],"is_endless":false,"potions_floor_spawned":[3,11,19,22,29,31,33,42],"ascension_level":0}