{"path_per_floor":["M","$","M","M","M","R","M","R","T","$","T","?","M","M","R","B",null,"M","M","?","M","M"],"character_chosen":"THE_SILENT","items_purchased":["Outmaneuver","Block Potion","Sucker Punch"],"gold_per_floor":[114,88,103,113,133,133,147,147,147,52,75,75,88,98,98,198,198,214,226,226,243,261,261],"floor_reached":23,"campfire_rested":2,"playtime":2298,"item_purchase_floors":[2,10,10],"current_hp_per_floor":[70,70,70,70,59,59,46,67,67,67,67,67,52,47,70,4,70,60,42,42,18,2,0],"items_purged":[],"gold":261,"score":187,"play_id":"e9036194-71ca-4710-9434-1cf116fb501b","local_time":"20180605191739","is_prod":false,"is_daily":false,"chose_seed":false,"is_ascension_mode":false,"campfire_upgraded":1,"win_rate":0.0,"timestamp":1528240659,"campfire_choices":[{"data":"Finisher","floor":6,"key":"SMITH"},{"floor":8,"key":"REST"},{"floor":15,"key":"REST"}],"path_taken":["M","$","M","M","M","R","M","R","T","$","?","?","M","M","R","BOSS","M","M","?","?","?","E"],"build_version":"2018-05-31","seed_source_timestamp":247741571674109,"purchased_purges":0,"victory":false,"master_deck":["Defend_G","Defend_G","Defend_G","Defend_G","Defend_G","Strike_G","Strike_G","Strike_G","Strike_G","Strike_G","Survivor","Neutralize","Well Laid Plans","Outmaneuver","Flying Knee","Outmaneuver","Finisher+1","Dagger Spray","Sucker Punch","Underhanded Strike","Bane","Die Die Die","Quick Slash","Endless Agony","Dagger Throw","Terror"],"max_hp_per_floor":[70,70,70,70,70,70,70,70,70,70,70,70,70,70,70,70,70,70,70,70,70,70,70],"relics":["Ring of the Snake","NeowsBlessing","Orichalcum","Regal Pillow","Black Star"],"card_choices":[{"not_picked":["Bane","Acrobatics"],"picked":"Well Laid Plans","floor":1},{"not_picked":["PiercingWail","Dagger Throw"],"picked":"Flying Knee","floor":3},{"not_picked":["Calculated Gamble","Flechettes"],"picked":"Outmaneuver","floor":4},{"not_picked":["Bane","Poisoned Stab"],"picked":"Finisher","floor":5},{"not_picked":["Infinite Blades","Leg Sweep"],"picked":"Dagger Spray","floor":7},{"not_picked":["Dagger Spray","Acrobatics"],"picked":"Underhanded Strike","floor":13},{"not_picked":["Backflip","Footwork"],"picked":"Bane","floor":14},{"not_picked":["Tactician","Doppelganger"],"picked":"Die Die Die","floor":16},{"not_picked":["Outmaneuver","Prepared"],"picked":"Quick Slash","floor":18},{"not_picked":["Deflect","Bane"],"picked":"Endless Agony","floor":19},{"not_picked":["Blade Dance","Outmaneuver"],"picked":"Dagger Throw","floor":21},{"not_picked":["Prepared","Leg Sweep"],"picked":"Terror","floor":22}],"player_experience":15360,"potions_floor_usage":[5,13,13,16,21,22],"damage_taken":[{"damage":0,"enemies":"Cultist","floor":1,"turns":1},{"damage":0,"enemies":"2 Louse","floor":3,"turns":1},{"damage":0,"enemies":"Small Slimes","floor":4,"turns":1},{"damage":11,"enemies":"Exordium Wildlife","floor":5,"turns":8},{"damage":13,"enemies":"3 Louse","floor":7,"turns":3},{"damage":15,"enemies":"Exordium Thugs","floor":13,"turns":6},{"damage":5,"enemies":"2 Fungi Beasts","floor":14,"turns":3},{"damage":66,"enemies":"The Guardian","floor":16,"turns":14},{"damage":10,"enemies":"Shell Parasite","floor":18,"turns":7},{"damage":18,"enemies":"2 Thieves","floor":19,"turns":4},{"damage":24,"enemies":"Snake Plant","floor":21,"turns":5},{"damage":16,"enemies":"3 Cultists","floor":22,"turns":4},{"damage":9,"enemies":"Gremlin Leader","floor":23,"turns":1}],"relics_obtained":[{"floor":9,"key":"Orichalcum"},{"floor":11,"key":"Regal Pillow"}],"event_choices":[{"event_name":"Shining Light","player_choice":"Ignored","floor":12,"damage_taken":0},{"event_name":"Ghosts","player_choice":"Ignored","floor":20,"damage_taken":0}],"boss_relics":[{"not_picked":["Runic Pyramid","Runic Dome"],"picked":"Black Star"}],"items_purged_floors":[],"potions_floor_spawned":[3,5,13,16,18,21],"seed_played":"3650074902929030604","killed_by":"Gremlin Leader","ascension_level":0,"potions_obtained":[{"floor":3,"key":"Fire Potion"},{"floor":5,"key":"SkillPotion"},{"floor":13,"key":"Explosive Potion"},{"floor":16,"key":"AttackPotion"},{"floor":18,"key":"LiquidBronze"},{"floor":21,"key":"AttackPotion"}],"is_trial":false}