{"gold_per_floor":[159,234,334,350,367,397,397,429,459,473,487,487],"floor_reached":12,"playtime":1219,"items_purged":[],"score":95,"play_id":"8b946a45-b4d1-48fb-89d4-7d2cd7e52d08","local_time":"20190704000846","is_ascension_mode":true,"campfire_choices":[{"data":"Sucker Punch","floor":7,"key":"SMITH"}],"neow_cost":"NONE","seed_source_timestamp":946067540271400,"circlet_count":0,"master_deck":["Strike_G","Strike_G+1","Strike_G","Strike_G","Strike_G","Defend_G","Defend_G","Defend_G","Defend_G","Defend_G","Survivor","Neutralize","Flying Knee","Dagger Spray","All Out Attack","Sucker Punch+1","Calculated Gamble","Flying Knee","Predator","Dagger Throw"],"relics":["Tiny House","Pen Nib","Paper Crane","Tiny Chest"],"potions_floor_usage":[6,8],"damage_taken":[{"damage":0,"enemies":"Small Slimes","floor":1,"turns":5},{"damage":0,"enemies":"2 Louse","floor":4,"turns":2},{"damage":0,"enemies":"Cultist","floor":5,"turns":3},{"damage":7,"enemies":"3 Sentries","floor":6,"turns":5},{"damage":20,"enemies":"Lagavulin","floor":8,"turns":6},{"damage":5,"enemies":"Exordium Wildlife","floor":10,"turns":4},{"damage":0,"enemies":"Looter","floor":11,"turns":3},{"damage":8,"enemies":"Exordium Thugs","floor":12,"turns":2}],"seed_played":"-8538910896461295460","potions_obtained":[{"floor":0,"key":"LiquidBronze"},{"floor":4,"key":"Ancient Potion"},{"floor":6,"key":"Strength Potion"},{"floor":11,"key":"LiquidBronze"}],"is_trial":false,"path_per_floor":["M","?","?","M","M","E","R","E","T","M","M","M"],"character_chosen":"THE_SILENT","items_purchased":[],"campfire_rested":0,"item_purchase_floors":[],"current_hp_per_floor":[75,64,64,64,64,57,57,37,37,32,32,24],"gold":487,"neow_bonus":"BOSS_RELIC","is_prod":false,"is_daily":false,"chose_seed":false,"campfire_upgraded":1,"win_rate":0,"timestamp":1562213326,"path_taken":["M","?","?","M","?","E","R","E","T","M","M","M"],"build_version":"2019-07-01","purchased_purges":0,"victory":false,"max_hp_per_floor":[75,75,75,75,75,75,75,75,75,75,75,75],"card_choices":[{"not_picked":["Underhanded Strike","Sucker Punch"],"picked":"Flying Knee","floor":0},{"not_picked":["Slice","Acrobatics"],"picked":"Dagger Spray","floor":1},{"not_picked":["Infinite Blades","Blade Dance"],"picked":"All Out Attack","floor":4},{"not_picked":["Acrobatics","Blade Dance"],"picked":"Sucker Punch","floor":5},{"not_picked":["Dagger Throw","Expertise"],"picked":"Calculated Gamble","floor":6},{"not_picked":["Well Laid Plans","Prepared"],"picked":"Flying Knee","floor":8},{"not_picked":["Deflect","Wraith Form v2"],"picked":"Predator","floor":10},{"not_picked":["Bane","Quick Slash"],"picked":"Dagger Throw","floor":11}],"player_experience":574124,"relics_obtained":[{"floor":6,"key":"Pen Nib"},{"floor":8,"key":"Paper Crane"},{"floor":9,"key":"Tiny Chest"}],"event_choices":[{"damage_healed":0,"gold_gain":75,"player_choice":"Gather Gold","damage_taken":11,"max_hp_gain":0,"max_hp_loss":0,"event_name":"World of Goop","floor":2,"gold_loss":0},{"damage_healed":0,"gold_gain":100,"player_choice":"Gold","damage_taken":0,"max_hp_gain":0,"max_hp_loss":0,"event_name":"Wheel of Change","floor":3,"gold_loss":0}],"is_beta":false,"boss_relics":[],"items_purged_floors":[],"is_endless":false,"potions_floor_spawned":[4,6,11],"killed_by":"Exordium Thugs","ascension_level":1}