{"path_per_floor":["M","M","$","?","M","R","?","M","T","R","M","?","M","$","R","B",null,"M","$","M","?","$","E","M","$","T","M","?","$","M","M","R","B",null,"M","?","M","M","M","R","M","M","T","?","?","E","$","M","R"],"character_chosen":"THE_SILENT","items_purchased":["Sundial","Dexterity Potion","Regen Potion","Anchor","Poison Potion","Weak Potion"],"gold_per_floor":[113,124,124,124,136,136,136,153,153,153,123,123,142,142,142,244,274,291,5,25,25,25,55,67,16,87,98,98,46,56,67,67,164,164,183,183,200,218,238,238,250,261,261,261,0,335,9,23,23,23],"floor_reached":50,"campfire_rested":3,"playtime":7521,"current_hp_per_floor":[67,67,67,67,67,67,49,49,49,49,47,47,47,47,47,45,75,63,63,61,61,61,40,28,28,28,23,23,23,23,23,45,26,75,70,70,67,33,17,39,39,22,22,66,66,12,12,8,27,0],"items_purged":["Strike_G"],"gold":23,"score":535,"play_id":"38518ab3-875a-49d2-828a-a7623d7e3a99","local_time":"20180508202337","is_prod":false,"is_daily":false,"chose_seed":false,"is_ascension_mode":true,"campfire_upgraded":3,"timestamp":1525825417,"path_taken":["M","M","$","?","M","R","?","M","T","R","?","?","M","$","R","BOSS","M","$","M","?","?","E","M","$","T","M","?","$","M","?","R","BOSS","M","?","M","?","M","R","M","M","T","?","?","E","?","M","R","BOSS"],"build_version":"2018-05-03","seed_source_timestamp":425256797603155,"purchased_purges":5,"victory":false,"master_deck":["Defend_G+1","Defend_G+1","Defend_G+1","Defend_G+1","Defend_G+1","Strike_G+1","Strike_G+1","Strike_G+1","Survivor","Neutralize+1","Malaise+1","Dagger Spray","Predator+1","Malaise+1","Caltrops+1","Terror+1","Mind Blast","Dodge and Roll+1","Doppelganger+1","Outmaneuver+1","Acrobatics+1","Cloak And Dagger+1","Outmaneuver+1","Backflip+1","Phantasmal Killer+1","Flechettes+1","Tactician+1","Acrobatics+1","Backflip+1","Leg Sweep+1"],"max_hp_per_floor":[70,70,70,70,70,70,70,70,70,70,70,70,70,70,70,70,75,75,75,75,75,75,75,75,75,75,75,75,75,75,75,75,75,75,75,75,75,75,75,75,75,75,75,66,66,66,66,66,66,66],"relics":["Ring of the Snake","Toxic Egg 2","Matryoshka","Omamori","Ornamental Fan","Tiny House","Sundial","Bottled Flame","Pen Nib","Gremlin Horn","Lizard Tail","Bottled Lightning","Red Mask","Old Coin","Anchor"],"card_choices":[{"not_picked":["Underhanded Strike","Sucker Punch"],"picked":"Malaise","floor":0},{"not_picked":["Deflect","Underhanded Strike"],"picked":"Dagger Spray","floor":1},{"not_picked":["Slice","Acrobatics"],"picked":"Predator","floor":2},{"not_picked":["Outmaneuver","Dagger Throw"],"picked":"Malaise","floor":5},{"not_picked":["Underhanded Strike","Dodge and Roll"],"picked":"Caltrops","floor":8},{"not_picked":["Eviscerate","Dash"],"picked":"Terror","floor":11},{"not_picked":["Sucker Punch","Dagger Spray"],"picked":"Dodge and Roll","floor":13},{"not_picked":["Tactician","Grand Finale"],"picked":"Doppelganger","floor":16},{"not_picked":["Quick Slash","Prepared"],"picked":"Outmaneuver","floor":18},{"not_picked":["Infinite Blades","Accuracy"],"picked":"Acrobatics","floor":23},{"not_picked":["Slice","Phantasmal Killer"],"picked":"Cloak And Dagger","floor":24},{"not_picked":["Flechettes","Bane"],"picked":"Outmaneuver","floor":27},{"not_picked":["Choke","Flying Knee"],"picked":"Backflip","floor":30},{"not_picked":["Tactician","Tools of the Trade"],"picked":"Phantasmal Killer","floor":33},{"not_picked":["Quick Slash","PiercingWail"],"picked":"Flechettes","floor":37},{"not_picked":["Bane","Riddle With Holes"],"picked":"Tactician","floor":38},{"not_picked":["Cloak And Dagger","Deadly Poison"],"picked":"Acrobatics","floor":39},{"not_picked":["Underhanded Strike","Dagger Spray"],"picked":"Backflip","floor":41},{"not_picked":["Bane","Slice"],"picked":"Leg Sweep","floor":46}],"player_experience":216962,"potions_floor_usage":[23,24,27,33,33,39,46,48,50,50,50],"damage_taken":[{"damage":3,"enemies":"Jaw Worm","floor":1,"turns":6},{"damage":0,"enemies":"Cultist","floor":2,"turns":3},{"damage":0,"enemies":"Small Slimes","floor":5,"turns":3},{"damage":0,"enemies":"Blue Slaver","floor":8,"turns":6},{"damage":2,"enemies":"Looter","floor":11,"turns":4},{"damage":0,"enemies":"Exordium Wildlife","floor":13,"turns":2},{"damage":2,"enemies":"Hexaghost","floor":16,"turns":9},{"damage":12,"enemies":"Spheric Guardian","floor":18,"turns":12},{"damage":2,"enemies":"Shell Parasite","floor":20,"turns":5},{"damage":21,"enemies":"Gremlin Leader","floor":23,"turns":14},{"damage":12,"enemies":"Snecko","floor":24,"turns":7},{"damage":5,"enemies":"Slaver and Parasite","floor":27,"turns":6},{"damage":0,"enemies":"3 Cultists","floor":30,"turns":4},{"damage":0,"enemies":"Chosen and Byrds","floor":31,"turns":6},{"damage":34,"enemies":"Champ","floor":33,"turns":15},{"damage":5,"enemies":"Orb Walker","floor":35,"turns":3},{"damage":3,"enemies":"3 Shapes","floor":37,"turns":7},{"damage":34,"enemies":"Sphere and 2 Shapes","floor":38,"turns":6},{"damage":16,"enemies":"Maw","floor":39,"turns":6},{"damage":0,"enemies":"4 Shapes","floor":41,"turns":6},{"damage":17,"enemies":"3 Darklings","floor":42,"turns":5},{"damage":54,"enemies":"Giant Head","floor":46,"turns":10},{"damage":4,"enemies":"Maw","floor":48,"turns":7},{"damage":82,"enemies":"Donu and Deca","floor":50,"turns":10}],"event_choices":[{"event_name":"Wheel of Change","player_choice":"Relic","floor":4,"damage_taken":0},{"event_name":"Scrap Ooze","player_choice":"success","floor":7,"damage_taken":18},{"event_name":"Match and Keep!","player_choice":"1 cards matched","floor":12,"damage_taken":0},{"event_name":"Beggar","player_choice":"Ignored","floor":21,"damage_taken":0},{"event_name":"Back to Basics","player_choice":"Simplicity","floor":28,"damage_taken":0},{"event_name":"The Moai Head","player_choice":"Heal","floor":44,"damage_taken":0},{"event_name":"Tomb of Lord Red Mask","player_choice":"Paid","floor":45,"damage_taken":0}],"boss_relics":[{"not_picked":["Snecko Eye","Velvet Choker"],"picked":"Tiny House"},{"not_picked":["White Beast Statue","Philosopher\u0027s Stone"],"picked":"Lizard Tail"}],"potions_floor_spawned":[2,13,16,18,23,27,37,42,48],"seed_played":"9204634854403035867","killed_by":"Donu and Deca","ascension_level":2,"is_trial":false}