{"gold_per_floor":[118,129,89,107,127,127,142,171,196,211,211,29,29,48,48,148,148,168,168,185,197,42,42,72,72,72,72,84,97,112,125,125,224,224,244,256,96,108,108,108,108],"floor_reached":41,"playtime":3332,"items_purged":["Strike_G"],"score":465,"play_id":"f1e80e3f-7d21-42cf-b464-6007349dbd08","local_time":"20190704163323","is_ascension_mode":true,"campfire_choices":[{"data":"Noxious Fumes","floor":6.0,"key":"SMITH"},{"data":"Masterful Stab","floor":11.0,"key":"SMITH"},{"data":"A Thousand Cuts","floor":15.0,"key":"SMITH"},{"data":"Glass Knife","floor":23.0,"key":"SMITH"},{"data":"Footwork","floor":25.0,"key":"SMITH"},{"data":"Adrenaline","floor":32,"key":"SMITH"},{"data":"Footwork","floor":40,"key":"SMITH"}],"neow_cost":"NONE","seed_source_timestamp":0,"circlet_count":0,"master_deck":["Strike_G","Defend_G","Defend_G","Defend_G","Defend_G","Survivor","Neutralize","Slice","Noxious Fumes+1","Backflip","Footwork+1","Masterful Stab","Dagger Throw","Masterful Stab+1","Bouncing Flask","A Thousand Cuts+1","Adrenaline","Deflect","Noxious Fumes","Setup+1","Glass Knife+1","Adrenaline+1","Dash","Deflect+1","Poisoned Stab","Dagger Spray","Backflip","Footwork+1","Catalyst+1","Envenom","Reflex+1","Glass Knife+1","Eviscerate+1","Dodge and Roll+1","Heel Hook+1","Noxious Fumes+1","PanicButton","Deflect"],"special_seed":0,"relics":["Coffee Dripper","Potion Belt","Anchor","Oddly Smooth Stone","Eternal Feather","FaceOfCleric","Happy Flower","Prayer Wheel","Astrolabe"],"potions_floor_usage":[31,31,33,33,33,33,33,36],"damage_taken":[{"damage":0.0,"enemies":"Cultist","floor":1.0,"turns":4.0},{"damage":0.0,"enemies":"Jaw Worm","floor":2.0,"turns":4.0},{"damage":0.0,"enemies":"2 Louse","floor":4.0,"turns":3.0},{"damage":0.0,"enemies":"Looter","floor":5.0,"turns":4.0},{"damage":8.0,"enemies":"Lots of Slimes","floor":7.0,"turns":5.0},{"damage":1.0,"enemies":"Lagavulin","floor":8.0,"turns":7.0},{"damage":6.0,"enemies":"3 Louse","floor":10.0,"turns":4.0},{"damage":0.0,"enemies":"Looter","floor":14.0,"turns":2.0},{"damage":13.0,"enemies":"The Guardian","floor":16.0,"turns":7.0},{"damage":0.0,"enemies":"Shell Parasite","floor":18.0,"turns":4.0},{"damage":8.0,"enemies":"Spheric Guardian","floor":20.0,"turns":4.0},{"damage":9.0,"enemies":"Snake Plant","floor":21.0,"turns":3.0},{"damage":21.0,"enemies":"Book of Stabbing","floor":24.0,"turns":5.0},{"damage":9.0,"enemies":"Chosen and Byrds","floor":28.0,"turns":5.0},{"damage":0,"enemies":"Cultist and Chosen","floor":29,"turns":4},{"damage":0,"enemies":"Snake Plant","floor":30,"turns":4},{"damage":0,"enemies":"Shelled Parasite and Fungi","floor":31,"turns":3},{"damage":54,"enemies":"Collector","floor":33,"turns":9},{"damage":7,"enemies":"Orb Walker","floor":35,"turns":3},{"damage":2,"enemies":"3 Shapes","floor":36,"turns":5},{"damage":29,"enemies":"3 Darklings","floor":38,"turns":5},{"damage":0,"enemies":"Reptomancer","floor":41,"turns":2}],"seed_played":"-5789799788133425277","potions_obtained":[{"floor":3.0,"key":"Strength Potion"},{"floor":3.0,"key":"EntropicBrew"},{"floor":3.0,"key":"PowerPotion"},{"floor":8.0,"key":"Explosive Potion"},{"floor":10.0,"key":"Energy Potion"},{"floor":16.0,"key":"AttackPotion"},{"floor":18.0,"key":"SkillPotion"},{"floor":20.0,"key":"Ancient Potion"},{"floor":21.0,"key":"Fire Potion"},{"floor":36,"key":"Weak Potion"}],"is_trial":false,"path_per_floor":["M","M","?","M","M","R","M","E","T","M","R","$","?","M","R","B",null,"M","?","M","M","$","R","E","R","T","?","M","M","M","M","R","B",null,"M","M","$","M","?","R","E"],"character_chosen":"THE_SILENT","items_purchased":["Oddly Smooth Stone","Bouncing Flask","Glass Knife","PanicButton"],"campfire_rested":0,"item_purchase_floors":[12,12,22,37],"current_hp_per_floor":[70,70,70,70,70,70,62,61,61,55,55,55,70,70,70,57,70,70,70,63,55,55,70,50,65,65,65,57,58,59,60,77,24,78,72,71,71,43,43,64,64],"gold":108,"neow_bonus":"BOSS_RELIC","is_prod":false,"is_daily":false,"chose_seed":false,"campfire_upgraded":7,"win_rate":0,"timestamp":1562272403,"path_taken":["M","?","?","?","M","R","?","E","T","M","R","$","?","M","R","BOSS","M","?","?","M","$","R","E","R","T","?","M","M","M","M","R","BOSS","M","M","$","M","?","R","E"],"build_version":"2019-07-01","purchased_purges":1,"victory":false,"max_hp_per_floor":[70,70,70,70,70,70,70,70,70,70,70,70,70,70,70,70,70,70,70,71,72,72,72,73,73,73,73,74,75,76,77,77,78,78,79,80,80,81,81,81,81],"card_choices":[{"not_picked":["Poisoned Stab","Prepared"],"picked":"Slice","floor":1.0},{"not_picked":["Dagger Spray","Sucker Punch"],"picked":"Noxious Fumes","floor":2.0},{"not_picked":["Quick Slash","Catalyst"],"picked":"Backflip","floor":4.0},{"not_picked":["Poisoned Stab","Cloak And Dagger"],"picked":"Footwork","floor":5.0},{"not_picked":["Sucker Punch","Die Die Die"],"picked":"Masterful Stab","floor":7.0},{"not_picked":["Blade Dance","Reflex"],"picked":"Dagger Throw","floor":8.0},{"not_picked":["Deflect","Outmaneuver"],"picked":"Masterful Stab","floor":10.0},{"not_picked":["Backflip","Bane"],"picked":"A Thousand Cuts","floor":14.0},{"not_picked":["Bullet Time","Burst"],"picked":"Adrenaline","floor":16.0},{"not_picked":["Underhanded Strike","Slice"],"picked":"Deflect","floor":18.0},{"not_picked":["Underhanded Strike","Deflect+1"],"picked":"Noxious Fumes","floor":20.0},{"not_picked":["Dagger Spray","Escape Plan"],"picked":"Setup+1","floor":21.0},{"not_picked":["Predator","Bane"],"picked":"Adrenaline","floor":24.0},{"not_picked":["Leg Sweep","Deflect"],"picked":"Dash","floor":28.0},{"not_picked":["Quick Slash","Riddle With Holes","Underhanded Strike"],"picked":"SKIP","floor":28.0},{"not_picked":["PiercingWail","Expertise"],"picked":"Deflect+1","floor":29},{"not_picked":["PiercingWail","Prepared"],"picked":"Poisoned Stab","floor":29},{"not_picked":["Predator","Envenom"],"picked":"Dagger Spray","floor":30},{"not_picked":["Underhanded Strike","Finisher"],"picked":"Backflip","floor":30},{"not_picked":["Blade Dance","Riddle With Holes+1"],"picked":"Footwork","floor":31},{"not_picked":["Expertise","PiercingWail"],"picked":"Catalyst+1","floor":31},{"not_picked":["Doppelganger","A Thousand Cuts"],"picked":"Envenom","floor":33},{"not_picked":["Sucker Punch","Underhanded Strike"],"picked":"Dodge and Roll+1","floor":35},{"not_picked":["Outmaneuver","Backflip"],"picked":"Heel Hook+1","floor":35},{"not_picked":["Poisoned Stab+1","Outmaneuver+1"],"picked":"Noxious Fumes+1","floor":36},{"not_picked":["Cloak And Dagger+1","Underhanded Strike+1","Phantasmal Killer"],"picked":"SKIP","floor":36},{"not_picked":["Poisoned Stab","Unload"],"picked":"Deflect","floor":38},{"not_picked":["Quick Slash+1","Dagger Throw+1","Crippling Poison"],"picked":"SKIP","floor":38}],"player_experience":591176,"relics_obtained":[{"floor":8.0,"key":"Potion Belt"},{"floor":9.0,"key":"Anchor"},{"floor":24.0,"key":"Happy Flower"},{"floor":26.0,"key":"Prayer Wheel"}],"event_choices":[{"damage_healed":0.0,"max_hp_gain":0.0,"max_hp_loss":0.0,"gold_gain":0.0,"event_name":"The Woman in Blue","player_choice":"Bought 3 Potions","floor":3.0,"gold_loss":0.0,"damage_taken":0.0},{"damage_healed":23.0,"max_hp_gain":0.0,"max_hp_loss":0.0,"gold_gain":0.0,"event_name":"Big Fish","player_choice":"Banana","floor":13.0,"gold_loss":0.0,"damage_taken":0.0},{"damage_healed":0.0,"max_hp_gain":0.0,"max_hp_loss":0.0,"gold_gain":0.0,"event_name":"FaceTrader","player_choice":"Trade","floor":19.0,"gold_loss":0.0,"damage_taken":0.0,"relics_obtained":["FaceOfCleric"]},{"damage_healed":0.0,"max_hp_gain":0.0,"max_hp_loss":0.0,"gold_gain":0.0,"event_name":"Ghosts","player_choice":"Ignored","floor":27.0,"gold_loss":0.0,"damage_taken":0.0},{"cards_removed":["Strike_G"],"damage_healed":0,"gold_gain":0,"player_choice":"Removed Attack","damage_taken":0,"max_hp_gain":0,"max_hp_loss":0,"event_name":"Falling","floor":39,"gold_loss":0}],"is_beta":false,"boss_relics":[{"not_picked":["Snecko Eye","Orrery"],"picked":"Eternal Feather"},{"not_picked":["Busted Crown","Pandora\u0027s Box"],"picked":"Astrolabe"}],"items_purged_floors":[37],"is_endless":false,"potions_floor_spawned":[4,8,10,16,18,20,21,36],"killed_by":"Reptomancer","ascension_level":1}