{"gold_per_floor":[117,132,144,98,98,98,113,113,113,183,183,201,201,229,229,327,327,346,356,373,393,393,393,393,18,41,58,58,89,89,116,116,116],"floor_reached":33,"playtime":3282,"items_purged":[],"score":285,"play_id":"ec279350-1ce5-4216-9eef-7d1376e19a72","local_time":"20180914220523","is_ascension_mode":false,"campfire_choices":[{"data":"Bash","floor":6,"key":"SMITH"},{"data":"Good Instincts","floor":8,"key":"SMITH"},{"floor":13,"key":"REST"},{"data":"Perfected Strike","floor":15,"key":"SMITH"},{"floor":23,"key":"REST"},{"data":"Perfected Strike","floor":28,"key":"SMITH"},{"data":"Bash","floor":30,"key":"SMITH"},{"data":"Twin Strike","floor":32,"key":"SMITH"}],"neow_cost":"NONE","seed_source_timestamp":302882420884704,"circlet_count":0,"master_deck":["Strike_R","Strike_R","Strike_R","Strike_R","Strike_R","Defend_R","Defend_R","Defend_R","Defend_R","Bash+1","Offering","Headbutt","Rage","Flex","Iron Wave","Good Instincts+1","Bash+1","Twin Strike+1","Shrug It Off","Perfected Strike+1","Impervious","Sever Soul+1","Iron Wave","Twin Strike","Armaments+1","Perfected Strike+1","Armaments","Anger","Cleave"],"relics":["Black Blood","Pantograph","Meat on the Bone","Nilry\u0027s Codex","Vajra","Lee\u0027s Waffle","Happy Flower","Bronze Scales","Darkstone Periapt"],"potions_floor_usage":[16,16,29,33,33,33,33,33,33],"damage_taken":[{"damage":7,"enemies":"Jaw Worm","floor":1,"turns":3},{"damage":6,"enemies":"Cultist","floor":2,"turns":2},{"damage":7,"enemies":"2 Louse","floor":3,"turns":3},{"damage":6,"enemies":"Large Slime","floor":7,"turns":5},{"damage":37,"enemies":"Exordium Thugs","floor":12,"turns":5},{"damage":25,"enemies":"3 Sentries","floor":14,"turns":9},{"damage":58,"enemies":"Hexaghost","floor":16,"turns":10},{"damage":22,"enemies":"Chosen","floor":18,"turns":5},{"damage":16,"enemies":"Shell Parasite","floor":19,"turns":3},{"damage":20,"enemies":"Snake Plant","floor":20,"turns":3},{"damage":41,"enemies":"Chosen and Byrds","floor":21,"turns":10},{"damage":11,"enemies":"Snecko","floor":27,"turns":4},{"damage":14,"enemies":"Book of Stabbing","floor":29,"turns":5},{"damage":23,"enemies":"Gremlin Leader","floor":31,"turns":4},{"damage":102,"enemies":"Automaton","floor":33,"turns":8}],"seed_played":"4834795961887283613","potions_obtained":[{"floor":3,"key":"LiquidBronze"},{"floor":12,"key":"AttackPotion"},{"floor":16,"key":"EntropicBrew"},{"floor":19,"key":"Poison Potion"},{"floor":21,"key":"Swift Potion"},{"floor":29,"key":"BloodPotion"}],"is_trial":false,"path_per_floor":["M","M","M","$","?","R","M","R","T","?","?","M","R","E","R","B",null,"M","M","M","M","?","R","?","$","T","M","R","E","R","E","R"],"character_chosen":"IRONCLAD","items_purchased":["Iron Wave","Vajra","Lee\u0027s Waffle","Perfected Strike"],"campfire_rested":2,"item_purchase_floors":[4,25,25,25],"current_hp_per_floor":[79,79,78,78,78,78,78,78,78,78,78,47,71,52,52,37,80,68,62,52,33,17,41,25,87,87,86,86,82,82,69,69,0],"gold":116,"neow_bonus":"ONE_RANDOM_RARE_CARD","is_prod":false,"is_daily":false,"chose_seed":false,"campfire_upgraded":6,"win_rate":0.0,"timestamp":1536980723,"path_taken":["M","M","M","$","?","R","M","R","T","?","?","M","R","E","R","BOSS","M","M","M","M","?","R","?","?","T","M","R","E","R","E","R","BOSS"],"build_version":"2018-09-06","purchased_purges":0,"victory":false,"max_hp_per_floor":[80,80,80,80,80,80,80,80,80,80,80,80,80,80,80,80,80,80,80,80,80,80,80,80,87,87,87,87,87,87,87,87,87],"card_choices":[{"not_picked":["Clash","Combust"],"picked":"Headbutt","floor":1},{"not_picked":["Disarm","Blood for Blood"],"picked":"Rage","floor":2},{"not_picked":["Carnage","Burning Pact"],"picked":"Flex","floor":3},{"not_picked":["Ghostly Armor","Blood for Blood"],"picked":"Twin Strike","floor":7},{"not_picked":["True Grit","Body Slam"],"picked":"Shrug It Off","floor":12},{"not_picked":["Metallicize","Combust"],"picked":"Perfected Strike","floor":14},{"not_picked":["Barricade","Fiend Fire"],"picked":"Impervious","floor":16},{"not_picked":["Shockwave","Pummel"],"picked":"Sever Soul+1","floor":18},{"not_picked":["Clothesline+1","Combust"],"picked":"Iron Wave","floor":19},{"not_picked":["Shockwave","Clash"],"picked":"Twin Strike","floor":20},{"not_picked":["Sword Boomerang+1","Rampage+1"],"picked":"Armaments+1","floor":21},{"not_picked":["Rupture+1","Pummel"],"picked":"Armaments","floor":27},{"not_picked":["Feel No Pain","Iron Wave"],"picked":"Anger","floor":29},{"not_picked":["Dual Wield","Anger"],"picked":"Cleave","floor":31}],"player_experience":3671,"relics_obtained":[{"floor":9,"key":"Pantograph"},{"floor":14,"key":"Meat on the Bone"},{"floor":22,"key":"Nilry\u0027s Codex"},{"floor":26,"key":"Happy Flower"},{"floor":29,"key":"Bronze Scales"},{"floor":31,"key":"Darkstone Periapt"}],"event_choices":[{"event_name":"Match and Keep!","player_choice":"2 cards matched","floor":5,"damage_taken":0},{"event_name":"Golden Wing","player_choice":"Gained Gold","floor":10,"damage_taken":0},{"event_name":"The Cleric","player_choice":"Leave","floor":11,"damage_taken":0},{"event_name":"Cursed Tome","player_choice":"Obtained Book","floor":22,"damage_taken":0},{"event_name":"Knowing Skull","player_choice":"POTION ","floor":24,"damage_taken":0}],"is_beta":false,"boss_relics":[{"not_picked":["Black Star","Philosopher\u0027s Stone"],"picked":"Black Blood"}],"items_purged_floors":[],"is_endless":false,"potions_floor_spawned":[3,12,16,19,21,29],"killed_by":"Automaton","ascension_level":0}