{"gold_per_floor":[122,151,163,193,380,392,433,457,540,566,578,606,618,646,658,743,755,777,789,801,723,735],"floor_reached":22,"playtime":943,"items_purged":[],"score":310,"play_id":"fa2de495-176e-481b-8bab-0964a3560013","local_time":"20190113060648","is_ascension_mode":true,"campfire_choices":[{"data":"Disarm","floor":6.0,"key":"SMITH"},{"floor":11.0,"key":"REST"},{"data":"Armaments","floor":13.0,"key":"SMITH"},{"floor":15.0,"key":"REST"}],"neow_cost":"NONE","seed_source_timestamp":211182257272820,"circlet_count":0,"master_deck":["AscendersBane","Strike_R","Strike_R","Strike_R","Strike_R","Defend_R","Defend_R","Defend_R","Defend_R","Bash","Body Slam","Brutality","Disarm+1","Spot Weakness","Whirlwind","Armaments+1","Sword Boomerang+1","Heavy Blade","Double Tap","Battle Trance","Shockwave"],"special_seed":0,"relics":["Burning Blood","MawBank","Turnip","Bottled Lightning","White Beast Statue"],"potions_floor_usage":[20,22],"damage_taken":[{"damage":4.0,"enemies":"Cultist","floor":1.0,"turns":5.0},{"damage":1.0,"enemies":"2 Louse","floor":2.0,"turns":5.0},{"damage":4.0,"enemies":"Small Slimes","floor":4.0,"turns":4.0},{"damage":41.0,"enemies":"Gremlin Nob","floor":7.0,"turns":5.0},{"damage":22.0,"enemies":"Exordium Thugs","floor":8.0,"turns":6.0},{"damage":13.0,"enemies":"Blue Slaver","floor":10.0,"turns":4.0},{"damage":8.0,"enemies":"Looter","floor":12.0,"turns":5.0},{"damage":27.0,"enemies":"Lots of Slimes","floor":14.0,"turns":4.0},{"damage":41.0,"enemies":"The Guardian","floor":16.0,"turns":12.0},{"damage":39.0,"enemies":"Spheric Guardian","floor":18.0,"turns":6.0},{"damage":0,"enemies":"Chosen","floor":20,"turns":1},{"damage":50,"enemies":"Sentry and Sphere","floor":22,"turns":5}],"seed_played":"1938181303724183885","potions_obtained":[{"floor":2.0,"key":"Energy Potion"},{"floor":7.0,"key":"Ancient Potion"},{"floor":8.0,"key":"EssenceOfSteel"},{"floor":16.0,"key":"Regen Potion"},{"floor":18.0,"key":"SmokeBomb"}],"is_trial":false,"path_per_floor":["M","M","?","M","?","R","E","M","T","M","R","M","R","M","R","B",null,"M","?","M","?","M"],"character_chosen":"IRONCLAD","items_purchased":[],"campfire_rested":2,"item_purchase_floors":[],"current_hp_per_floor":[74,79,79,80,80,80,45,29,29,22,46,44,44,23,47,12,63,30,30,36,36,0],"gold":735,"neow_bonus":"RANDOM_COMMON_RELIC","is_prod":false,"is_daily":false,"chose_seed":false,"campfire_upgraded":2,"win_rate":0,"timestamp":1547377608,"path_taken":["M","?","?","M","?","R","E","M","T","M","R","M","R","M","R","BOSS","M","?","M","?","M"],"build_version":"2019-01-10","purchased_purges":0,"victory":false,"max_hp_per_floor":[80,80,80,80,80,80,80,80,80,80,80,80,80,80,80,80,80,80,80,80,80,80],"card_choices":[{"not_picked":["Twin Strike","Pommel Strike"],"picked":"Body Slam","floor":1.0},{"not_picked":["Perfected Strike","Clash","Heavy Blade"],"picked":"SKIP","floor":2.0},{"not_picked":["Seeing Red","Whirlwind"],"picked":"Disarm","floor":4.0},{"not_picked":["Anger","Feel No Pain"],"picked":"Spot Weakness","floor":7.0},{"not_picked":["Sentinel","Havoc"],"picked":"Whirlwind","floor":8.0},{"not_picked":["Heavy Blade","Clothesline"],"picked":"Armaments","floor":10.0},{"not_picked":["Bloodletting","Flex"],"picked":"Sword Boomerang","floor":12.0},{"not_picked":["Rampage","Thunderclap"],"picked":"Heavy Blade","floor":14.0},{"not_picked":["Immolate","Juggernaut"],"picked":"Double Tap","floor":16.0},{"not_picked":["Twin Strike","Heavy Blade"],"picked":"Battle Trance","floor":18.0}],"player_experience":804718,"relics_obtained":[{"floor":7.0,"key":"Turnip"},{"floor":9.0,"key":"Bottled Lightning"}],"event_choices":[{"damage_healed":0.0,"max_hp_gain":0.0,"max_hp_loss":0.0,"gold_gain":0.0,"cards_transformed":["Strike_R"],"event_name":"Living Wall","player_choice":"Change","floor":3.0,"gold_loss":0.0,"damage_taken":0.0,"cards_obtained":["Brutality"]},{"damage_healed":0.0,"max_hp_gain":0.0,"max_hp_loss":0.0,"gold_gain":175.0,"event_name":"Liars Game","player_choice":"AGREE","floor":5.0,"gold_loss":0.0,"damage_taken":0.0,"cards_obtained":["Doubt"]},{"damage_healed":0.0,"max_hp_gain":0.0,"max_hp_loss":0.0,"gold_gain":0.0,"event_name":"The Library","player_choice":"Read","floor":19.0,"gold_loss":0.0,"damage_taken":0.0,"cards_obtained":["Shockwave"]},{"cards_removed":["Doubt"],"damage_healed":0,"gold_gain":0,"player_choice":"Upgrade and Remove","damage_taken":0,"max_hp_gain":0,"max_hp_loss":0,"event_name":"Designer","floor":21,"gold_loss":90,"cards_upgraded":["Sword Boomerang"]}],"is_beta":true,"boss_relics":[{"not_picked":["Snecko Eye","Tiny House"],"picked":"White Beast Statue"}],"items_purged_floors":[],"is_endless":false,"potions_floor_spawned":[2,7,8,12,16,18,20],"killed_by":"Sentry and Sphere","ascension_level":13}