{"gold_per_floor":[109,128,146,146,0,25,41,0,26,54,54,54,64,95,95,95],"floor_reached":16,"playtime":2296,"items_purged":[],"score":132,"play_id":"737a0334-7ac5-4954-941a-4b903caec7c3","local_time":"20190714113028","is_ascension_mode":true,"campfire_choices":[{"floor":12,"key":"REST"},{"floor":15,"key":"REST"}],"neow_cost":"NONE","seed_source_timestamp":91311889676710,"circlet_count":0,"master_deck":["Strike_R","Strike_R","Strike_R","Strike_R","Strike_R","Defend_R","Defend_R","Defend_R","Defend_R","Bash","Clothesline","Battle Trance","Second Wind","Feed","Pommel Strike","Body Slam","Entrench","Reckless Charge","Shrug It Off","Perfected Strike"],"relics":["Burning Blood","Bag of Preparation","Gremlin Horn","Art of War","Mummified Hand","Potion Belt"],"potions_floor_usage":[6,10,14,16],"damage_taken":[{"damage":1,"enemies":"Cultist","floor":1,"turns":3},{"damage":4,"enemies":"Jaw Worm","floor":2,"turns":4},{"damage":2,"enemies":"2 Louse","floor":3,"turns":3},{"damage":45,"enemies":"3 Sentries","floor":6,"turns":15},{"damage":2,"enemies":"Lots of Slimes","floor":7,"turns":3},{"damage":39,"enemies":"Lagavulin","floor":10,"turns":6},{"damage":4,"enemies":"Looter","floor":13,"turns":4},{"damage":32,"enemies":"3 Sentries","floor":14,"turns":13},{"damage":69,"enemies":"The Guardian","floor":16,"turns":15}],"seed_played":"-4561456572960408692","potions_obtained":[{"floor":2,"key":"Swift Potion"},{"floor":7,"key":"Fire Potion"},{"floor":13,"key":"Regen Potion"},{"floor":14,"key":"Weak Potion"}],"is_trial":false,"path_per_floor":["M","M","M","T","$","E","M","?","T","E","?","R","M","E","R","B"],"character_chosen":"IRONCLAD","items_purchased":["Feed"],"campfire_rested":2,"item_purchase_floors":[5],"current_hp_per_floor":[80,80,80,80,80,44,51,51,51,18,18,43,48,40,67,0],"gold":95,"neow_bonus":"RANDOM_COMMON_RELIC","is_prod":false,"is_daily":false,"chose_seed":false,"campfire_upgraded":0,"win_rate":0,"timestamp":1563121828,"path_taken":["M","M","M","?","$","E","M","?","T","E","?","R","M","E","R","BOSS"],"build_version":"2019-07-05","purchased_purges":0,"victory":false,"max_hp_per_floor":[80,80,80,80,80,83,86,86,86,86,86,86,89,92,92,92],"card_choices":[{"not_picked":["Cleave","Second Wind"],"picked":"Clothesline","floor":1},{"not_picked":["Perfected Strike","Sever Soul"],"picked":"Battle Trance","floor":2},{"not_picked":["Body Slam","Evolve"],"picked":"Second Wind","floor":3},{"not_picked":["Rage","Metallicize"],"picked":"Pommel Strike","floor":6},{"not_picked":["Flex","Intimidate"],"picked":"Body Slam","floor":7},{"not_picked":["Ghostly Armor","Pummel"],"picked":"Entrench","floor":10},{"not_picked":["Wild Strike","Heavy Blade"],"picked":"Shrug It Off","floor":13},{"not_picked":["Dropkick","Flex"],"picked":"Perfected Strike","floor":14}],"player_experience":157014,"relics_obtained":[{"floor":4,"key":"Gremlin Horn"},{"floor":6,"key":"Art of War"},{"floor":10,"key":"Mummified Hand"},{"floor":14,"key":"Potion Belt"}],"event_choices":[{"damage_healed":0,"gold_gain":0,"player_choice":"Left Gold","damage_taken":0,"max_hp_gain":0,"max_hp_loss":0,"event_name":"World of Goop","floor":8,"gold_loss":41},{"damage_healed":0,"gold_gain":0,"player_choice":"1 cards matched","damage_taken":0,"max_hp_gain":0,"max_hp_loss":0,"event_name":"Match and Keep!","floor":11,"gold_loss":0,"cards_obtained":["Reckless Charge"]}],"is_beta":false,"boss_relics":[],"items_purged_floors":[],"is_endless":false,"potions_floor_spawned":[2,7,13,14],"killed_by":"The Guardian","ascension_level":2}