{"gold_per_floor":[109,120,120,140,159,185,185,260,283,283,294,294,325,336,336,441,441,460,478,496,496,512,512,544,544,544,544,459,478,478,497,497,497],"floor_reached":33,"playtime":2197,"items_purged":[],"score":279,"play_id":"cf4b8d83-0b20-40aa-b00b-214583d31dee","local_time":"20180915205054","is_ascension_mode":false,"campfire_choices":[{"data":"Flex","floor":7,"key":"SMITH"},{"data":"Perfected Strike","floor":10,"key":"SMITH"},{"data":"Inflame","floor":12,"key":"SMITH"},{"floor":15,"key":"REST"},{"floor":23,"key":"REST"},{"floor":25,"key":"REST"},{"data":"Fire Breathing","floor":30,"key":"SMITH"},{"floor":32,"key":"REST"}],"neow_cost":"NONE","seed_source_timestamp":385904092022414,"circlet_count":0,"master_deck":["Strike_R+1","Strike_R+1","Strike_R+1","Strike_R+1","Strike_R+1","Defend_R+1","Defend_R+1","Defend_R+1","Defend_R+1","Bash","Perfected Strike+1","Armaments","Flex+1","Shrug It Off","Cleave","Inflame+1","Iron Wave","Inflame+1","Twin Strike+1","Flex","Entrench","Fire Breathing+1","Metallicize"],"relics":["Black Blood","Bag of Marbles","Pen Nib","Bag of Preparation","Boot","Mummified Hand","Oddly Smooth Stone"],"potions_floor_usage":[6,16,16,24,33,33],"damage_taken":[{"damage":5,"enemies":"Cultist","floor":1,"turns":4},{"damage":0,"enemies":"2 Louse","floor":2,"turns":3},{"damage":8,"enemies":"Jaw Worm","floor":4,"turns":3},{"damage":9,"enemies":"3 Louse","floor":5,"turns":4},{"damage":32,"enemies":"Lagavulin","floor":6,"turns":7},{"damage":4,"enemies":"Large Slime","floor":11,"turns":4},{"damage":13,"enemies":"3 Sentries","floor":13,"turns":6},{"damage":2,"enemies":"Blue Slaver","floor":14,"turns":2},{"damage":70,"enemies":"Hexaghost","floor":16,"turns":12},{"damage":34,"enemies":"Shell Parasite","floor":18,"turns":7},{"damage":34,"enemies":"3 Byrds","floor":19,"turns":6},{"damage":1,"enemies":"Shelled Parasite and Fungi","floor":20,"turns":2},{"damage":42,"enemies":"Snake Plant","floor":22,"turns":3},{"damage":34,"enemies":"Book of Stabbing","floor":24,"turns":5},{"damage":8,"enemies":"Centurion and Healer","floor":29,"turns":4},{"damage":11,"enemies":"Shelled Parasite and Fungi","floor":31,"turns":3},{"damage":73,"enemies":"Collector","floor":33,"turns":6}],"seed_played":"-3982740703743495756","potions_obtained":[{"floor":1,"key":"Poison Potion"},{"floor":2,"key":"EssenceOfSteel"},{"floor":4,"key":"Weak Potion"},{"floor":14,"key":"Block Potion"},{"floor":24,"key":"Dexterity Potion"},{"floor":31,"key":"Poison Potion"}],"is_trial":false,"path_per_floor":["M","M","?","M","M","E","R","?","T","R","M","R","E","M","R","B",null,"M","M","M","?","M","R","E","R","T","?","?","M","R","M","R"],"character_chosen":"IRONCLAD","items_purchased":[],"campfire_rested":4,"item_purchase_floors":[],"current_hp_per_floor":[88,88,88,86,83,57,57,46,46,46,48,48,41,45,71,7,88,64,40,49,49,17,43,19,45,45,45,45,47,47,46,72,0],"gold":497,"neow_bonus":"TEN_PERCENT_HP_BONUS","is_prod":false,"is_daily":false,"chose_seed":false,"campfire_upgraded":4,"win_rate":0.0,"timestamp":1537062654,"path_taken":["M","M","?","M","M","E","R","?","T","R","?","R","E","M","R","BOSS","M","M","M","?","M","R","E","R","T","?","?","M","R","M","R","BOSS"],"build_version":"2018-09-06","purchased_purges":0,"victory":false,"max_hp_per_floor":[88,88,88,88,88,88,88,88,88,88,88,88,88,88,88,88,88,88,88,88,88,88,88,88,88,88,88,88,88,88,88,88,88],"card_choices":[{"not_picked":["Rage","Armaments"],"picked":"Perfected Strike","floor":1},{"not_picked":["Whirlwind","True Grit"],"picked":"Armaments","floor":2},{"not_picked":["Infernal Blade","Twin Strike"],"picked":"Flex","floor":4},{"not_picked":["Offering","Armaments"],"picked":"Shrug It Off","floor":5},{"not_picked":["Body Slam","Pummel"],"picked":"Cleave","floor":6},{"not_picked":["True Grit","Shockwave"],"picked":"Inflame","floor":11},{"not_picked":["Second Wind","Shrug It Off"],"picked":"Iron Wave","floor":13},{"not_picked":["Dual Wield","Hemokinesis","Bloodletting"],"picked":"SKIP","floor":14},{"not_picked":["Thunderclap","Twin Strike"],"picked":"Inflame+1","floor":18},{"not_picked":["Intimidate","Clash+1","True Grit"],"picked":"SKIP","floor":19},{"not_picked":["Heavy Blade","Headbutt"],"picked":"Twin Strike+1","floor":20},{"not_picked":["Cleave","Clash+1"],"picked":"Flex","floor":22},{"not_picked":["Rupture","Heavy Blade"],"picked":"Entrench","floor":24},{"not_picked":["Clash","Headbutt"],"picked":"Fire Breathing","floor":29},{"not_picked":["Headbutt+1","Combust"],"picked":"Metallicize","floor":31}],"player_experience":20973,"relics_obtained":[{"floor":6,"key":"Bag of Marbles"},{"floor":9,"key":"Pen Nib"},{"floor":13,"key":"Bag of Preparation"},{"floor":24,"key":"Boot"},{"floor":26,"key":"Mummified Hand"}],"event_choices":[{"event_name":"Golden Wing","player_choice":"Ignored","floor":3,"damage_taken":0},{"event_name":"World of Goop","player_choice":"Gather Gold","floor":8,"damage_taken":0},{"event_name":"Beggar","player_choice":"Ignored","floor":21,"damage_taken":0},{"event_name":"Back to Basics","player_choice":"Simplicity","floor":27,"damage_taken":0},{"event_name":"Addict","player_choice":"Obtained Relic","floor":28,"damage_taken":0}],"is_beta":false,"boss_relics":[{"not_picked":["Mark of Pain","Runic Dome"],"picked":"Black Blood"}],"items_purged_floors":[],"is_endless":false,"potions_floor_spawned":[1,2,4,14,20,24,31],"killed_by":"Collector","ascension_level":0}