{"path_per_floor":["M","M","?","?","?","R","M","M","T","R","M","M","R","M","R","B",null,"M","?","M","?","M","R","?","R","T"],"character_chosen":"IRONCLAD","items_purchased":[],"gold_per_floor":[111,130,130,130,130,130,150,165,165,165,189,212,212,226,226,349,349,364,364,384,384,399,399,399,399,399,399],"floor_reached":27,"campfire_rested":1,"playtime":1430,"current_hp_per_floor":[80,80,60,65,65,65,70,75,75,75,81,85,85,85,85,81,85,65,49,37,37,22,47,47,47,47,0],"items_purged":[],"gold":399,"score":205,"play_id":"92552288-1306-4bec-9d90-04b56de286d9","local_time":"20180506005359","is_prod":false,"is_daily":false,"chose_seed":false,"is_ascension_mode":false,"campfire_upgraded":5,"timestamp":1525582439,"path_taken":["M","M","?","?","?","R","M","M","T","R","M","M","R","M","R","BOSS","M","?","M","?","M","R","?","R","T","M"],"build_version":"2018-05-03","seed_source_timestamp":188385642500644,"purchased_purges":0,"victory":false,"master_deck":["Strike_R","Strike_R","Strike_R","Strike_R","Strike_R","Defend_R","Defend_R","Defend_R","Defend_R","Bash","Metallicize+1","Armaments+1","Heavy Blade+1","Iron Wave+1","Searing Blow","Juggernaut+1","Writhe","Clumsy","Writhe","Spot Weakness","Writhe","Warcry"],"max_hp_per_floor":[80,80,80,85,85,85,85,85,85,85,85,85,85,85,85,85,85,85,85,85,85,85,85,85,85,85,85],"relics":["Burning Blood","Bloody Idol","Dream Catcher","Calling Bell","Bag of Preparation","Blue Candle","Thread and Needle","Enchiridion","Letter Opener","Magic Flower"],"card_choices":[{"not_picked":["Intimidate","Wild Strike"],"picked":"Metallicize","floor":1},{"not_picked":["Flex","True Grit"],"picked":"Armaments","floor":7},{"not_picked":["Havoc","Thunderclap"],"picked":"Heavy Blade","floor":8},{"not_picked":["Exhume","Cleave"],"picked":"Iron Wave","floor":11},{"not_picked":["Armaments","Entrench"],"picked":"Searing Blow","floor":14},{"not_picked":["Demon Form","Bludgeon"],"picked":"Juggernaut","floor":16},{"not_picked":["Blood for Blood","Cleave"],"picked":"Spot Weakness","floor":18},{"not_picked":["Second Wind","Clothesline"],"picked":"Warcry","floor":22}],"player_experience":180054,"potions_floor_usage":[16,16,16,18],"damage_taken":[{"damage":1,"enemies":"Jaw Worm","floor":1,"turns":6},{"damage":2,"enemies":"2 Louse","floor":2,"turns":3},{"damage":1,"enemies":"Small Slimes","floor":7,"turns":5},{"damage":1,"enemies":"3 Louse","floor":8,"turns":6},{"damage":0,"enemies":"2 Fungi Beasts","floor":11,"turns":4},{"damage":1,"enemies":"Exordium Wildlife","floor":12,"turns":4},{"damage":0,"enemies":"Large Slime","floor":14,"turns":5},{"damage":10,"enemies":"The Guardian","floor":16,"turns":9},{"damage":26,"enemies":"3 Byrds","floor":18,"turns":6},{"damage":18,"enemies":"Shell Parasite","floor":20,"turns":6},{"damage":21,"enemies":"Snake Plant","floor":22,"turns":6},{"damage":53,"enemies":"3 Cultists","floor":27,"turns":5}],"event_choices":[{"event_name":"Golden Idol","player_choice":"Take Damage","floor":3,"damage_taken":0},{"event_name":"Big Fish","player_choice":"Donut","floor":4,"damage_taken":0},{"event_name":"The Cleric","player_choice":"Leave","floor":5,"damage_taken":0},{"event_name":"Cursed Tome","player_choice":"Obtained Book","floor":19,"damage_taken":0},{"event_name":"The Mausoleum","player_choice":"Yes","floor":21,"damage_taken":0},{"event_name":"Forgotten Altar","player_choice":"Gave Idol","floor":24,"damage_taken":0}],"boss_relics":[{"not_picked":["Black Blood","Cursed Key"],"picked":"Calling Bell"}],"potions_floor_spawned":[1,8,11,12,16,20],"seed_played":"-3820962202270921749","killed_by":"3 Cultists","ascension_level":0,"is_trial":false}