{"gold_per_floor":[119,139,139,155,155,155,186,186,186,219,219,26,37,54,54,54],"floor_reached":16,"playtime":565,"items_purged":[],"score":110,"play_id":"e6954e1b-75c9-4926-bbe2-d88d63055961","local_time":"20190428180442","is_ascension_mode":false,"campfire_choices":[{"floor":6,"key":"RECALL"},{"data":"Catalyst","floor":8,"key":"SMITH"},{"floor":11,"key":"REST"},{"data":"Poisoned Stab","floor":15,"key":"SMITH"}],"neow_cost":"NONE","seed_source_timestamp":1123309371905939,"circlet_count":0,"master_deck":["Defend_G","Defend_G","Defend_G","Defend_G","Strike_G","Strike_G","Strike_G","Strike_G","Strike_G","Survivor","Neutralize","Poisoned Stab","Catalyst+1","Storm of Steel","Poisoned Stab+1","Blur","Terror","Outmaneuver"],"relics":["Ring of the Snake","NeowsBlessing","Singing Bowl","Tingsha","TheAbacus"],"potions_floor_usage":[10,16,16],"damage_taken":[{"damage":0,"enemies":"Jaw Worm","floor":1,"turns":1},{"damage":0,"enemies":"Cultist","floor":2,"turns":1},{"damage":0,"enemies":"Small Slimes","floor":4,"turns":1},{"damage":23,"enemies":"Lagavulin","floor":7,"turns":6},{"damage":29,"enemies":"Gremlin Nob","floor":10,"turns":5},{"damage":2,"enemies":"Blue Slaver","floor":13,"turns":4},{"damage":0,"enemies":"Red Slaver","floor":14,"turns":4},{"damage":46,"enemies":"Slime Boss","floor":16,"turns":8}],"seed_played":"7535857061683388321","potions_obtained":[{"floor":2,"key":"Explosive Potion"},{"floor":13,"key":"Poison Potion"},{"floor":14,"key":"Block Potion"}],"is_trial":false,"path_per_floor":["M","M","?","M","$","R","E","R","T","E","R","$","M","M","R","B"],"character_chosen":"THE_SILENT","items_purchased":["TheAbacus"],"campfire_rested":1,"item_purchase_floors":[12],"current_hp_per_floor":[70,70,70,70,70,70,47,47,47,18,39,39,37,39,39,0],"gold":54,"neow_bonus":"THREE_ENEMY_KILL","is_prod":false,"is_daily":false,"chose_seed":false,"campfire_upgraded":2,"win_rate":0,"timestamp":1556489082,"path_taken":["M","M","?","M","$","R","E","R","T","E","R","$","?","M","R","BOSS"],"build_version":"2019-01-23","purchased_purges":0,"victory":false,"max_hp_per_floor":[70,70,70,70,70,70,70,70,70,70,70,70,70,72,72,72],"card_choices":[{"not_picked":["Quick Slash","Accuracy"],"picked":"Poisoned Stab","floor":1},{"not_picked":["Choke","Calculated Gamble"],"picked":"Catalyst","floor":2},{"not_picked":["Grand Finale","Predator"],"picked":"Poisoned Stab","floor":4},{"not_picked":["Eviscerate","All Out Attack"],"picked":"Blur","floor":7},{"not_picked":["Leg Sweep","Acrobatics"],"picked":"Terror","floor":10},{"not_picked":["Masterful Stab","Dodge and Roll"],"picked":"Outmaneuver","floor":13},{"not_picked":["Backflip","Terror","Slice"],"picked":"Singing Bowl","floor":14}],"player_experience":300472,"relics_obtained":[{"floor":7,"key":"Singing Bowl"},{"floor":10,"key":"Tingsha"}],"event_choices":[{"damage_healed":0,"gold_gain":0,"cards_transformed":["Defend_G"],"player_choice":"Transformed","damage_taken":0,"max_hp_gain":0,"max_hp_loss":0,"event_name":"Transmorgrifier","floor":3,"gold_loss":0,"cards_obtained":["Storm of Steel"]}],"is_beta":false,"boss_relics":[],"items_purged_floors":[],"is_endless":false,"potions_floor_spawned":[2,13,14],"killed_by":"Slime Boss","ascension_level":0}