{"gold_per_floor":[212,212,212,212,287,287,307,327,327,327,327,363,117,140,140,270,270,289,99,99,99,119,119,140,140,140,140,163,163,20,44,44,44],"floor_reached":33,"playtime":1504,"items_purged":["Regret"],"score":316,"play_id":"6e697b59-b793-44da-af39-c320b1200c62","local_time":"20181130140751","is_ascension_mode":true,"campfire_choices":[{"data":"Bash","floor":6,"key":"SMITH"},{"data":"Spot Weakness","floor":11,"key":"SMITH"},{"data":"True Grit","floor":15,"key":"SMITH"},{"data":"Armaments","floor":23,"key":"SMITH"},{"floor":27,"key":"REST"},{"data":"Metallicize","floor":32,"key":"SMITH"}],"neow_cost":"NONE","seed_source_timestamp":169326975210669,"circlet_count":0,"master_deck":["Strike_R+1","Strike_R","Strike_R","Strike_R","Defend_R","Defend_R","Defend_R","Defend_R","Bash+1","Clothesline+1","Power Through","Spot Weakness+1","True Grit+1","Shrug It Off","Offering","Armaments+1","Evolve+1","Sentinel+1","Double Tap","Metallicize+1"],"relics":["Burning Blood","Meat on the Bone","Juzu Bracelet","Vajra","Golden Idol","Regal Pillow","MawBank","Runic Cube","Medical Kit","Bird Faced Urn","Orichalcum"],"potions_floor_usage":[16,16,22,28,33,33],"damage_taken":[{"damage":7,"enemies":"Jaw Worm","floor":1,"turns":3},{"damage":5,"enemies":"Small Slimes","floor":7,"turns":3},{"damage":0,"enemies":"Cultist","floor":8,"turns":2},{"damage":22,"enemies":"Gremlin Nob","floor":12,"turns":4},{"damage":2,"enemies":"2 Fungi Beasts","floor":14,"turns":4},{"damage":67,"enemies":"Slime Boss","floor":16,"turns":17},{"damage":17,"enemies":"Spheric Guardian","floor":18,"turns":4},{"damage":32,"enemies":"3 Byrds","floor":22,"turns":6},{"damage":18,"enemies":"Centurion and Healer","floor":24,"turns":6},{"damage":26,"enemies":"Snake Plant","floor":28,"turns":3},{"damage":25,"enemies":"Sentry and Sphere","floor":31,"turns":14},{"damage":105,"enemies":"Automaton","floor":33,"turns":14}],"seed_played":"718097719501902873","potions_obtained":[{"floor":7,"key":"EssenceOfSteel"},{"floor":14,"key":"Regen Potion"},{"floor":21,"key":"Dexterity Potion"},{"floor":21,"key":"Energy Potion"},{"floor":21,"key":"FairyPotion"},{"floor":22,"key":"Fire Potion"},{"floor":28,"key":"Poison Potion"},{"floor":31,"key":"Regen Potion"}],"is_trial":false,"path_per_floor":["M","?","?","?","?","R","M","M","T","?","R","E","$","M","R","B",null,"M","$","?","?","M","R","M","?","T","R","M","?","$","M","R","B"],"character_chosen":"IRONCLAD","items_purchased":["MawBank","Shrug It Off","Medical Kit","Orichalcum"],"campfire_rested":1,"item_purchase_floors":[13,13,19,30],"current_hp_per_floor":[71,68,68,52,44,44,57,63,63,43,43,39,39,55,55,21,65,54,54,54,54,40,40,40,40,40,79,59,59,59,54,54,0],"gold":44,"neow_bonus":"HUNDRED_GOLD","is_prod":false,"is_daily":false,"chose_seed":false,"campfire_upgraded":5,"win_rate":0,"timestamp":1543604871,"path_taken":["M","?","?","?","?","R","M","M","T","?","R","E","$","M","R","BOSS","M","$","?","?","M","R","M","?","T","R","M","?","?","M","R","BOSS"],"build_version":"2018-11-15","purchased_purges":1,"victory":false,"max_hp_per_floor":[80,80,80,80,80,80,80,80,80,80,80,80,80,80,80,80,80,80,80,80,80,80,80,80,80,80,80,80,80,80,80,80,80],"card_choices":[{"not_picked":["Iron Wave","Anger"],"picked":"Clothesline","floor":1},{"not_picked":["Clothesline","Body Slam"],"picked":"Power Through","floor":7},{"not_picked":["Armaments","Carnage"],"picked":"Spot Weakness","floor":8},{"not_picked":["Clothesline","Clash"],"picked":"True Grit","floor":12},{"not_picked":["Anger","Perfected Strike","Sword Boomerang"],"picked":"SKIP","floor":14},{"not_picked":["Juggernaut","Fiend Fire"],"picked":"Offering","floor":16},{"not_picked":["Perfected Strike+1","Flex","Fire Breathing"],"picked":"SKIP","floor":18},{"not_picked":["Thunderclap","Iron Wave"],"picked":"Evolve+1","floor":22},{"not_picked":["Combust","Carnage"],"picked":"Sentinel+1","floor":24},{"not_picked":["Battle Trance","Perfected Strike","Thunderclap"],"picked":"SKIP","floor":28},{"not_picked":["Dual Wield","Armaments"],"picked":"Metallicize","floor":31}],"player_experience":552359,"relics_obtained":[{"floor":9,"key":"Vajra"},{"floor":12,"key":"Regal Pillow"},{"floor":26,"key":"Bird Faced Urn"}],"event_choices":[{"damage_healed":0,"gold_gain":0,"player_choice":"Success","damage_taken":3,"relics_obtained":["Meat on the Bone"],"max_hp_gain":0,"max_hp_loss":0,"event_name":"Scrap Ooze","floor":2,"gold_loss":0},{"damage_healed":0,"gold_gain":0,"player_choice":"Box","damage_taken":0,"relics_obtained":["Juzu Bracelet"],"max_hp_gain":0,"max_hp_loss":0,"event_name":"Big Fish","floor":3,"gold_loss":0,"cards_obtained":["Regret"]},{"damage_healed":0,"gold_gain":0,"player_choice":"Entered Light","damage_taken":16,"max_hp_gain":0,"max_hp_loss":0,"event_name":"Shining Light","floor":4,"gold_loss":0,"cards_upgraded":["Strike_R","Clothesline"]},{"damage_healed":0,"gold_gain":75,"player_choice":"Touch","damage_taken":8,"max_hp_gain":0,"max_hp_loss":0,"event_name":"FaceTrader","floor":5,"gold_loss":0},{"damage_healed":0,"gold_gain":0,"player_choice":"Take Damage","damage_taken":20,"relics_obtained":["Golden Idol"],"max_hp_gain":0,"max_hp_loss":0,"event_name":"Golden Idol","floor":10,"gold_loss":0},{"damage_healed":0,"gold_gain":0,"player_choice":"Read","damage_taken":0,"max_hp_gain":0,"max_hp_loss":0,"event_name":"The Library","floor":20,"gold_loss":0,"cards_obtained":["Armaments"]},{"damage_healed":0,"gold_gain":0,"player_choice":"Got Potions","damage_taken":0,"max_hp_gain":0,"max_hp_loss":0,"event_name":"Lab","floor":21,"gold_loss":0},{"cards_removed":["Strike_R"],"damage_healed":0,"gold_gain":0,"player_choice":"Purged","damage_taken":0,"max_hp_gain":0,"max_hp_loss":0,"event_name":"Purifier","floor":25,"gold_loss":0},{"damage_healed":0,"gold_gain":0,"player_choice":"1 cards matched","damage_taken":0,"max_hp_gain":0,"max_hp_loss":0,"event_name":"Match and Keep!","floor":29,"gold_loss":0,"cards_obtained":["Double Tap"]}],"is_beta":true,"boss_relics":[{"not_picked":["Pandora\u0027s Box","Runic Dome"],"picked":"Runic Cube"}],"items_purged_floors":[13],"is_endless":false,"potions_floor_spawned":[7,14,22,28,31],"killed_by":"Automaton","ascension_level":6}