{"gold_per_floor":[117,292,308,27,27,27,43,106,129,142,157,176,193,193,193,290,290,308,326,6,6,20,20,48,48,48,61,61,61,74,92,92,92],"floor_reached":33,"playtime":1915,"items_purged":["Doubt"],"score":325,"play_id":"e3fd35f5-1120-4e7a-a268-18d0c66a7174","local_time":"20190724214447","is_ascension_mode":true,"campfire_choices":[{"floor":6.0,"key":"RECALL"},{"floor":15.0,"key":"REST"},{"floor":23.0,"key":"REST"},{"floor":25.0,"key":"REST"},{"floor":28,"key":"REST"},{"floor":32,"key":"REST"}],"neow_cost":"NONE","seed_source_timestamp":0,"circlet_count":0,"master_deck":["Strike_R","Strike_R","Strike_R","Strike_R","Defend_R","Defend_R","Defend_R+1","Defend_R","Evolve","Heavy Blade","Anger","Anger","Armaments","Flex","Intimidate","Sword Boomerang+1","Juggernaut","Shrug It Off+1","Pummel+1","Armaments","Shrug It Off","Twin Strike","Spot Weakness","Clash+1","Rage"],"special_seed":0,"relics":["Burning Blood","Bag of Marbles","CultistMask","Tiny Chest","Velvet Choker","Bird Faced Urn","WingedGreaves","Sundial"],"potions_floor_usage":[33],"damage_taken":[{"damage":7.0,"enemies":"Small Slimes","floor":1.0,"turns":4.0},{"damage":5.0,"enemies":"Jaw Worm","floor":3.0,"turns":5.0},{"damage":0.0,"enemies":"Cultist","floor":7.0,"turns":3.0},{"damage":40.0,"enemies":"Gremlin Nob","floor":8.0,"turns":5.0},{"damage":3.0,"enemies":"3 Louse","floor":10.0,"turns":4.0},{"damage":5.0,"enemies":"2 Fungi Beasts","floor":11.0,"turns":4.0},{"damage":6.0,"enemies":"Looter","floor":12.0,"turns":2.0},{"damage":15.0,"enemies":"Lots of Slimes","floor":13.0,"turns":4.0},{"damage":52.0,"enemies":"Hexaghost","floor":16.0,"turns":9.0},{"damage":39.0,"enemies":"2 Thieves","floor":18.0,"turns":5.0},{"damage":13.0,"enemies":"Shell Parasite","floor":19.0,"turns":6.0},{"damage":19.0,"enemies":"Snecko","floor":22.0,"turns":6.0},{"damage":53.0,"enemies":"Book of Stabbing","floor":24.0,"turns":7.0},{"damage":34,"enemies":"Snake Plant","floor":27,"turns":5},{"damage":27,"enemies":"Centurion and Healer","floor":30,"turns":6},{"damage":16,"enemies":"3 Cultists","floor":31,"turns":5},{"damage":82,"enemies":"Automaton","floor":33,"turns":6}],"seed_played":"-4450585894607494134","potions_obtained":[{"floor":7.0,"key":"EssenceOfSteel"},{"floor":10.0,"key":"Ancient Potion"},{"floor":12.0,"key":"Regen Potion"},{"floor":18.0,"key":"Dexterity Potion"},{"floor":24.0,"key":"Ancient Potion"}],"is_trial":false,"path_per_floor":["M","?","M","$","?","R","M","E","T","M","M","M","M","?","R","B",null,"M","M","$","?","M","R","E","R","T","M","R","?","M","M","R","B"],"character_chosen":"IRONCLAD","items_purchased":["Bag of Marbles","Anger","Bird Faced Urn","Armaments"],"campfire_rested":5,"item_purchase_floors":[4,4,20,20],"current_hp_per_floor":[87,87,88,88,88,88,88,54,54,57,58,58,61,43,69,23,88,55,48,48,48,39,65,22,48,48,24,50,50,33,27,53,0],"gold":92,"neow_bonus":"TEN_PERCENT_HP_BONUS","is_prod":false,"is_daily":false,"chose_seed":false,"campfire_upgraded":0,"win_rate":0,"timestamp":1564019087,"path_taken":["M","?","M","$","?","R","?","E","T","M","M","M","M","?","R","BOSS","M","M","$","?","M","R","E","R","T","M","R","?","M","M","R","BOSS"],"build_version":"2019-07-17","purchased_purges":1,"victory":false,"max_hp_per_floor":[88,88,88,88,88,88,88,88,88,88,88,88,88,88,88,88,88,88,88,88,88,88,88,88,88,88,88,88,88,88,88,88,88],"card_choices":[{"not_picked":["Perfected Strike","Battle Trance"],"picked":"Evolve","floor":1.0},{"not_picked":["Battle Trance","Rage"],"picked":"Heavy Blade","floor":3.0},{"not_picked":["Burning Pact","Fire Breathing","Bloodletting"],"picked":"SKIP","floor":7.0},{"not_picked":["Power Through","Flex"],"picked":"Anger","floor":8.0},{"not_picked":["Flex","True Grit"],"picked":"Armaments","floor":10.0},{"not_picked":["Pommel Strike","Combust"],"picked":"Flex","floor":11.0},{"not_picked":["Uppercut","Pummel"],"picked":"Intimidate","floor":12.0},{"not_picked":["Clash","Wild Strike"],"picked":"Sword Boomerang","floor":13.0},{"not_picked":["Barricade","Offering"],"picked":"Juggernaut","floor":16.0},{"not_picked":["Body Slam","Blood for Blood"],"picked":"Shrug It Off+1","floor":18.0},{"not_picked":["Blood for Blood","Seeing Red+1"],"picked":"Pummel+1","floor":19.0},{"not_picked":["Warcry","Shrug It Off","Intimidate"],"picked":"SKIP","floor":22.0},{"not_picked":["Sword Boomerang","Demon Form"],"picked":"Spot Weakness","floor":24.0},{"not_picked":["Rupture","Wild Strike+1","Warcry+1"],"picked":"SKIP","floor":27},{"not_picked":["Second Wind","Warcry"],"picked":"Clash+1","floor":30},{"not_picked":["Thunderclap+1","Shockwave"],"picked":"Rage","floor":31}],"player_experience":562742,"relics_obtained":[{"floor":8.0,"key":"Tiny Chest"},{"floor":24.0,"key":"WingedGreaves"},{"floor":26.0,"key":"Sundial"}],"event_choices":[{"damage_healed":0.0,"max_hp_gain":0.0,"max_hp_loss":0.0,"gold_gain":175.0,"event_name":"Liars Game","player_choice":"AGREE","floor":2.0,"gold_loss":0.0,"damage_taken":0.0,"cards_obtained":["Doubt"]},{"damage_healed":0.0,"max_hp_gain":0.0,"max_hp_loss":0.0,"gold_gain":0.0,"event_name":"FaceTrader","player_choice":"Trade","floor":5.0,"gold_loss":0.0,"damage_taken":0.0,"relics_obtained":["CultistMask"]},{"damage_healed":0.0,"max_hp_gain":0.0,"max_hp_loss":0.0,"gold_gain":0.0,"event_name":"Shining Light","player_choice":"Entered Light","floor":14.0,"gold_loss":0.0,"damage_taken":18.0,"cards_upgraded":["Defend_R","Sword Boomerang"]},{"damage_healed":0.0,"max_hp_gain":0.0,"max_hp_loss":0.0,"gold_gain":0.0,"cards_transformed":["Strike_R","Bash"],"event_name":"Drug Dealer","player_choice":"Became Test Subject","floor":21.0,"gold_loss":0.0,"damage_taken":0.0,"cards_obtained":["Shrug It Off","Twin Strike"]},{"damage_healed":0,"gold_gain":0,"player_choice":"Bought 0 Potions","damage_taken":0,"max_hp_gain":0,"max_hp_loss":0,"event_name":"The Woman in Blue","floor":29,"gold_loss":0}],"is_beta":false,"boss_relics":[{"not_picked":["Runic Pyramid","Empty Cage"],"picked":"Velvet Choker"}],"items_purged_floors":[4],"is_endless":false,"potions_floor_spawned":[7,10,12,18,24],"killed_by":"Automaton","ascension_level":4}