{"gold_per_floor":[114,127,140,215,215,215,240,250,330,350,370,370,390,408,408,503,553,567,567,582,597,597,608,608],"floor_reached":24,"playtime":2419,"items_purged":[],"score":204,"play_id":"41a4c6be-8215-4bf7-af27-828628a18a49","local_time":"20181108025010","is_ascension_mode":false,"campfire_choices":[{"data":"Stack","floor":6,"key":"SMITH"},{"data":"Loop","floor":15,"key":"SMITH"}],"neow_cost":"NONE","seed_source_timestamp":34261316979393,"circlet_count":0,"master_deck":["Strike_B","Strike_B+1","Strike_B","Defend_B","Defend_B","Defend_B","Defend_B","Zap","Dualcast","Chill","Stack+1","Heatsinks","Loop+1","Coolheaded","Auto Shields","Sunder","Steam Power","Force Field","Machine Learning","Buffer","Stack","Glacier","Cold Snap","Stack","Double Energy"],"relics":["Cracked Core","Smiling Mask","Du-Vu Doll","Sundial","Tiny House"],"potions_floor_usage":[7,7,8,16,16,16,18,21,23],"damage_taken":[{"damage":0,"enemies":"Cultist","floor":1,"turns":4},{"damage":0,"enemies":"Jaw Worm","floor":2,"turns":3},{"damage":2,"enemies":"Small Slimes","floor":3,"turns":3},{"damage":28,"enemies":"Gremlin Nob","floor":7,"turns":4},{"damage":21,"enemies":"Exordium Thugs","floor":8,"turns":6},{"damage":9,"enemies":"3 Louse","floor":10,"turns":6},{"damage":1,"enemies":"Gremlin Gang","floor":11,"turns":9},{"damage":0,"enemies":"Large Slime","floor":13,"turns":4},{"damage":3,"enemies":"Blue Slaver","floor":14,"turns":6},{"damage":13,"enemies":"Hexaghost","floor":16,"turns":14},{"damage":29,"enemies":"2 Thieves","floor":18,"turns":3},{"damage":21,"enemies":"Chosen","floor":20,"turns":5},{"damage":7,"enemies":"Snake Plant","floor":21,"turns":13},{"damage":0,"enemies":"Centurion and Healer","floor":23,"turns":15},{"damage":12,"enemies":"Chosen and Byrds","floor":24,"turns":4}],"seed_played":"337322369303421901","potions_obtained":[{"floor":1,"key":"SteroidPotion"},{"floor":5,"key":"AttackPotion"},{"floor":5,"key":"FocusPotion"},{"floor":7,"key":"Regen Potion"},{"floor":13,"key":"Weak Potion"},{"floor":14,"key":"Fire Potion"},{"floor":16,"key":"SpeedPotion"},{"floor":17,"key":"PowerPotion"},{"floor":20,"key":"Swift Potion"},{"floor":21,"key":"AttackPotion"}],"is_trial":false,"path_per_floor":["M","M","M","?","?","R","E","M","T","M","M","?","M","M","R","B",null,"M","?","M","M","?","M","M"],"character_chosen":"DEFECT","items_purchased":[],"campfire_rested":0,"item_purchase_floors":[],"current_hp_per_floor":[75,75,73,62,62,62,34,28,28,19,18,18,18,15,15,2,80,51,36,15,8,8,8,0],"gold":608,"neow_bonus":"RANDOM_COMMON_RELIC","is_prod":false,"is_daily":false,"chose_seed":false,"campfire_upgraded":2,"win_rate":0,"timestamp":1541663410,"path_taken":["M","M","?","?","?","R","E","M","T","M","?","?","M","M","R","BOSS","M","?","M","M","?","M","M"],"build_version":"2018-11-07","purchased_purges":0,"victory":false,"max_hp_per_floor":[75,75,75,75,75,75,75,75,75,75,75,75,75,75,75,75,80,80,85,85,85,85,85,85],"card_choices":[{"not_picked":["Skim","Gash"],"picked":"Chill","floor":1},{"not_picked":["Barrage","Conserve Battery"],"picked":"Stack","floor":2},{"not_picked":["Steam Power","Rip and Tear"],"picked":"Heatsinks","floor":3},{"not_picked":["Barrage","Compile Driver"],"picked":"Loop","floor":7},{"not_picked":["Rebound","Gash"],"picked":"Coolheaded","floor":8},{"not_picked":["Sunder","Ball Lightning"],"picked":"Auto Shields","floor":10},{"not_picked":["Consume","Steam"],"picked":"Sunder","floor":11},{"not_picked":["Hologram","Redo"],"picked":"Force Field","floor":13},{"not_picked":["Sweeping Beam","Steam Power"],"picked":"Machine Learning","floor":14},{"not_picked":["All For One","Seek"],"picked":"Buffer","floor":16},{"not_picked":["Barrage","Streamline"],"picked":"Stack","floor":17},{"not_picked":["Genetic Algorithm+1","Hyperbeam"],"picked":"Glacier","floor":18},{"not_picked":["Rebound","Go for the Eyes+1"],"picked":"Cold Snap","floor":20},{"not_picked":["Rebound+1","Go for the Eyes+1"],"picked":"Stack","floor":21},{"not_picked":["Melter","Beam Cell+1"],"picked":"Double Energy","floor":23}],"player_experience":206225,"relics_obtained":[{"floor":7,"key":"Du-Vu Doll"},{"floor":9,"key":"Sundial"}],"event_choices":[{"damage_healed":0,"gold_gain":75,"player_choice":"Gather Gold","damage_taken":11,"max_hp_gain":0,"max_hp_loss":0,"event_name":"World of Goop","floor":4,"gold_loss":0},{"damage_healed":0,"gold_gain":0,"player_choice":"Got Potions","damage_taken":0,"max_hp_gain":0,"max_hp_loss":0,"event_name":"Lab","floor":5,"gold_loss":0},{"damage_healed":0,"gold_gain":0,"cards_transformed":["Strike_B"],"player_choice":"Transformed","damage_taken":0,"max_hp_gain":0,"max_hp_loss":0,"event_name":"Transmorgrifier","floor":12,"gold_loss":0,"cards_obtained":["Steam Power"]},{"damage_healed":0,"gold_gain":0,"player_choice":"Shed Blood","damage_taken":20,"max_hp_gain":5,"max_hp_loss":0,"event_name":"Forgotten Altar","floor":19,"gold_loss":0},{"damage_healed":0,"gold_gain":0,"player_choice":"Ignored","damage_taken":0,"max_hp_gain":0,"max_hp_loss":0,"event_name":"Cursed Tome","floor":22,"gold_loss":0}],"is_beta":true,"boss_relics":[{"not_picked":["Velvet Choker","Calling Bell"],"picked":"Tiny House"}],"items_purged_floors":[],"is_endless":false,"potions_floor_spawned":[1,7,13,14,16,20,21],"killed_by":"Chosen and Byrds","ascension_level":0}