{"gold_per_floor":[114,128,141,160,175,175,201,211,211,211,211,211,251,324,324,453,453,472,472,497,512,427,448,202,227,277,277,308,60,60,73,73,177,177,187,112,123,142,155,155],"floor_reached":40,"playtime":3922,"items_purged":["Skewer+1"],"score":443,"play_id":"6b0601b2-cdd4-44e7-9e77-c03a27f3f148","local_time":"20190703231425","is_ascension_mode":true,"campfire_choices":[{"data":"Skewer","floor":6.0,"key":"SMITH"},{"data":"Sucker Punch","floor":12.0,"key":"SMITH"},{"data":"Survivor","floor":15.0,"key":"SMITH"},{"data":"Leg Sweep","floor":27.0,"key":"SMITH"},{"data":"Blur","floor":32.0,"key":"SMITH"}],"neow_cost":"NONE","seed_source_timestamp":0,"circlet_count":0,"master_deck":["Strike_G+1","Strike_G+1","Strike_G+1","Strike_G+1","Strike_G+1","Defend_G+1","Defend_G+1","Defend_G+1","Defend_G+1","Defend_G+1","Survivor+1","Neutralize","Leg Sweep+1","Flying Knee","Sucker Punch+1","Skewer+1","Dagger Throw","Quick Slash","Slice","Dagger Throw","Underhanded Strike","Doppelganger","Blur+1","Poisoned Stab+1","Finisher+1","Dagger Spray+1","Malaise","Distraction+1","Dodge and Roll+1","Deflect+1"],"special_seed":0,"relics":["Eternal Feather","Gremlin Horn","Paper Crane","Bloody Idol","Pear","Matryoshka","Letter Opener","Velvet Choker","Vajra","Kunai","Boot","Centennial Puzzle","StoneCalendar","Meat on the Bone","Philosopher\u0027s Stone"],"potions_floor_usage":[],"damage_taken":[{"damage":0.0,"enemies":"2 Louse","floor":1.0,"turns":4.0},{"damage":0.0,"enemies":"Jaw Worm","floor":2.0,"turns":5.0},{"damage":0.0,"enemies":"Small Slimes","floor":3.0,"turns":4.0},{"damage":1.0,"enemies":"Blue Slaver","floor":4.0,"turns":4.0},{"damage":8.0,"enemies":"3 Louse","floor":5.0,"turns":4.0},{"damage":10.0,"enemies":"3 Sentries","floor":7.0,"turns":9.0},{"damage":0.0,"enemies":"Exordium Wildlife","floor":8.0,"turns":2.0},{"damage":10.0,"enemies":"Lagavulin","floor":13.0,"turns":6.0},{"damage":3.0,"enemies":"Gremlin Nob","floor":14.0,"turns":4.0},{"damage":29.0,"enemies":"Hexaghost","floor":16.0,"turns":14.0},{"damage":7.0,"enemies":"3 Byrds","floor":18.0,"turns":5.0},{"damage":3.0,"enemies":"2 Thieves","floor":20.0,"turns":3.0},{"damage":11.0,"enemies":"3 Cultists","floor":21.0,"turns":5.0},{"damage":0.0,"enemies":"Chosen and Byrds","floor":23.0,"turns":4.0},{"damage":34.0,"enemies":"Snake Plant","floor":25.0,"turns":3.0},{"damage":21.0,"enemies":"Gremlin Leader","floor":28.0,"turns":6.0},{"damage":2.0,"enemies":"Cultist and Chosen","floor":31.0,"turns":3.0},{"damage":12.0,"enemies":"Champ","floor":33.0,"turns":13.0},{"damage":18.0,"enemies":"3 Darklings","floor":35.0,"turns":3.0},{"damage":10.0,"enemies":"3 Shapes","floor":37.0,"turns":3.0},{"damage":0.0,"enemies":"3 Darklings","floor":38.0,"turns":4.0},{"damage":7.0,"enemies":"4 Shapes","floor":39.0,"turns":5.0},{"damage":0,"enemies":"Reptomancer","floor":40,"turns":1}],"seed_played":"-2871024183548399601","potions_obtained":[{"floor":1.0,"key":"Swift Potion"},{"floor":5.0,"key":"Strength Potion"},{"floor":14.0,"key":"EssenceOfSteel"},{"floor":16.0,"key":"EssenceOfSteel"},{"floor":18.0,"key":"GamblersBrew"},{"floor":25.0,"key":"Dexterity Potion"},{"floor":33.0,"key":"PowerPotion"},{"floor":37.0,"key":"Fire Potion"}],"is_trial":false,"path_per_floor":["M","M","M","M","M","R","E","M","T","?","?","R","E","?","R","B",null,"M","?","M","M","?","M","$","M","T","R","E","$","?","M","R","B",null,"M","$","M","M","M","E"],"character_chosen":"THE_SILENT","items_purchased":["Kunai","Meat on the Bone"],"campfire_rested":0,"item_purchase_floors":[24,29],"current_hp_per_floor":[70,70,70,69,61,70,60,60,60,43,41,50,40,37,49,20,80,73,73,70,59,59,59,59,25,25,40,19,19,19,34,49,54,80,67,67,62,67,65,65],"gold":155,"neow_bonus":"BOSS_RELIC","is_prod":false,"is_daily":false,"chose_seed":false,"campfire_upgraded":5,"win_rate":0,"timestamp":1562210065,"path_taken":["M","M","M","M","M","R","E","M","T","?","?","R","E","?","R","BOSS","M","?","M","M","?","M","$","M","T","R","E","$","?","M","R","BOSS","M","$","M","M","M","E"],"build_version":"2019-07-01","purchased_purges":1,"victory":false,"max_hp_per_floor":[70,70,70,70,70,70,70,70,70,70,80,80,80,80,80,80,80,80,80,80,80,80,80,80,80,80,80,80,80,80,80,80,80,80,80,80,80,80,80,80],"card_choices":[{"not_picked":["Flechettes","Endless Agony"],"picked":"Leg Sweep","floor":1.0},{"not_picked":["Cloak And Dagger","Deflect"],"picked":"Flying Knee","floor":2.0},{"not_picked":["Deadly Poison","Poisoned Stab"],"picked":"Sucker Punch","floor":3.0},{"not_picked":["Endless Agony","Deadly Poison"],"picked":"Skewer","floor":4.0},{"not_picked":["Blade Dance","Tools of the Trade"],"picked":"Dagger Throw","floor":5.0},{"not_picked":["Endless Agony","Expertise"],"picked":"Quick Slash","floor":7.0},{"not_picked":["Bane","Acrobatics"],"picked":"Slice","floor":8.0},{"not_picked":["Flechettes","Blade Dance"],"picked":"Dagger Throw","floor":13.0},{"not_picked":["Terror","Reflex"],"picked":"Underhanded Strike","floor":14.0},{"not_picked":["Grand Finale","Tools of the Trade"],"picked":"Doppelganger","floor":16.0},{"not_picked":["Cloak And Dagger","Deadly Poison+1"],"picked":"Blur","floor":18.0},{"not_picked":["Bane","Accuracy"],"picked":"Poisoned Stab+1","floor":20.0},{"not_picked":["PiercingWail","Unload"],"picked":"Finisher+1","floor":21.0},{"not_picked":["Bane","Heel Hook"],"picked":"Skewer+1","floor":23.0},{"not_picked":["Blur","Acrobatics","Bouncing Flask"],"picked":"SKIP","floor":25.0},{"not_picked":["Reflex","Sucker Punch"],"picked":"Dagger Spray+1","floor":28.0},{"not_picked":["Bane","Sucker Punch","Dodge and Roll"],"picked":"SKIP","floor":31.0},{"not_picked":["Storm of Steel","Envenom"],"picked":"Malaise","floor":33.0},{"not_picked":["Prepared","Underhanded Strike","Flying Knee"],"picked":"SKIP","floor":35.0},{"not_picked":["Dagger Throw","Terror"],"picked":"Distraction+1","floor":37.0},{"not_picked":["Underhanded Strike","Outmaneuver"],"picked":"Dodge and Roll+1","floor":38.0},{"not_picked":["Storm of Steel","Cloak And Dagger+1"],"picked":"Deflect+1","floor":39.0}],"player_experience":568332,"relics_obtained":[{"floor":7.0,"key":"Gremlin Horn"},{"floor":9.0,"key":"Paper Crane"},{"floor":13.0,"key":"Matryoshka"},{"floor":14.0,"key":"Letter Opener"},{"floor":26.0,"key":"Boot"},{"floor":26.0,"key":"Centennial Puzzle"},{"floor":28.0,"key":"StoneCalendar"}],"event_choices":[{"damage_healed":0.0,"max_hp_gain":0.0,"max_hp_loss":0.0,"gold_gain":0.0,"event_name":"Golden Idol","player_choice":"Take Damage","floor":10.0,"gold_loss":0.0,"damage_taken":17.0,"relics_obtained":["Golden Idol"]},{"damage_healed":0.0,"max_hp_gain":0.0,"max_hp_loss":0.0,"gold_gain":0.0,"event_name":"Scrap Ooze","player_choice":"Success","floor":11.0,"gold_loss":0.0,"damage_taken":12.0,"relics_obtained":["Pear"]},{"damage_healed":0.0,"max_hp_gain":0.0,"max_hp_loss":0.0,"gold_gain":0.0,"event_name":"Dead Adventurer","player_choice":"Searched \u00272\u0027 times","floor":14.0,"gold_loss":0.0,"damage_taken":0.0},{"damage_healed":0.0,"max_hp_gain":0.0,"max_hp_loss":0.0,"gold_gain":0.0,"event_name":"Back to Basics","player_choice":"Simplicity","floor":19.0,"gold_loss":0.0,"damage_taken":0.0,"cards_upgraded":["Strike_G","Strike_G","Strike_G","Strike_G","Strike_G","Defend_G","Defend_G","Defend_G","Defend_G","Defend_G"]},{"damage_healed":0.0,"max_hp_gain":0.0,"max_hp_loss":0.0,"gold_gain":0.0,"event_name":"Addict","player_choice":"Obtained Relic","floor":22.0,"gold_loss":85.0,"damage_taken":0.0,"relics_obtained":["Vajra"]},{"damage_healed":0.0,"max_hp_gain":0.0,"max_hp_loss":0.0,"gold_gain":0.0,"event_name":"Forgotten Altar","player_choice":"Gave Idol","floor":30.0,"relics_lost":["Golden Idol"],"gold_loss":0.0,"damage_taken":0.0,"relics_obtained":["Bloody Idol"]}],"is_beta":false,"boss_relics":[{"not_picked":["Empty Cage","Fusion Hammer"],"picked":"Velvet Choker"},{"not_picked":["WristBlade","Snecko Eye"],"picked":"Philosopher\u0027s Stone"}],"items_purged_floors":[36],"is_endless":false,"potions_floor_spawned":[1,5,14,16,18,21,25,33,37],"killed_by":"Reptomancer","ascension_level":1}