{"gold_per_floor":[113,188,188,202,5,39,39,67,67,67],"floor_reached":10,"playtime":668,"items_purged":[],"score":114,"play_id":"ddae0b98-a87d-40bf-8198-43052d0c9ce4","local_time":"20190630111619","is_ascension_mode":true,"campfire_choices":[{"floor":7,"key":"RECALL"}],"neow_cost":"NONE","seed_source_timestamp":304905179257700,"circlet_count":0,"master_deck":["Defend_G","Defend_G","Defend_G","Defend_G","Defend_G","Strike_G","Strike_G","Strike_G","Strike_G","Strike_G","Survivor","Neutralize","Distraction","All Out Attack","Noxious Fumes","Die Die Die","Terror","Sucker Punch"],"relics":["Ring of the Snake","NeowsBlessing","Frozen Egg 2","Vajra","Regal Pillow"],"potions_floor_usage":[10],"damage_taken":[{"damage":0,"enemies":"Small Slimes","floor":1,"turns":1},{"damage":0,"enemies":"Jaw Worm","floor":4,"turns":1},{"damage":0,"enemies":"Lagavulin","floor":6,"turns":1},{"damage":20,"enemies":"3 Sentries","floor":8,"turns":6},{"damage":39,"enemies":"Lagavulin","floor":10,"turns":6}],"seed_played":"9032541292473201882","potions_obtained":[{"floor":4,"key":"Swift Potion"}],"is_trial":false,"path_per_floor":["M","?","?","M","$","E","R","E","T","E"],"character_chosen":"THE_SILENT","items_purchased":["Noxious Fumes","Die Die Die"],"campfire_rested":0,"item_purchase_floors":[5,5],"current_hp_per_floor":[70,59,59,59,59,59,59,39,39,0],"gold":67,"neow_bonus":"THREE_ENEMY_KILL","is_prod":false,"is_daily":false,"chose_seed":false,"campfire_upgraded":0,"win_rate":0,"timestamp":1561907779,"path_taken":["M","?","?","M","?","E","R","E","T","E"],"build_version":"2019-01-23","purchased_purges":0,"victory":false,"max_hp_per_floor":[70,70,70,70,70,70,70,70,70,70],"card_choices":[{"not_picked":["Slice","Concentrate"],"picked":"Distraction","floor":1},{"not_picked":["Sucker Punch","Underhanded Strike"],"picked":"All Out Attack","floor":4},{"not_picked":["Slice","Riddle With Holes"],"picked":"Terror","floor":6},{"not_picked":["Acrobatics","Quick Slash"],"picked":"Sucker Punch","floor":8}],"player_experience":519235,"relics_obtained":[{"floor":6,"key":"Frozen Egg 2"},{"floor":8,"key":"Vajra"},{"floor":9,"key":"Regal Pillow"}],"event_choices":[{"damage_healed":0,"gold_gain":75,"player_choice":"Gather Gold","damage_taken":11,"max_hp_gain":0,"max_hp_loss":0,"event_name":"World of Goop","floor":2,"gold_loss":0},{"damage_healed":0,"gold_gain":0,"player_choice":"Ignored","damage_taken":0,"max_hp_gain":0,"max_hp_loss":0,"event_name":"Golden Wing","floor":3,"gold_loss":0}],"is_beta":false,"boss_relics":[],"items_purged_floors":[],"is_endless":false,"potions_floor_spawned":[4],"killed_by":"Lagavulin","ascension_level":3}