{"gold_per_floor":[115,126,126,126,138,150,196,208,270,294,318,342,354,396,408,522,534,565,577,514,526,557,569,607,619,656,68,68,85,13,13],"floor_reached":31,"playtime":1409,"items_purged":["Strike_G"],"score":402,"play_id":"deed22da-cf01-45fb-a579-a4bf71d51e4c","local_time":"20190725182432","is_ascension_mode":true,"campfire_choices":[{"floor":6,"key":"REST"},{"floor":8,"key":"REST"},{"data":"Accuracy","floor":13,"key":"SMITH"},{"floor":15,"key":"REST"},{"data":"Ghostly","floor":23,"key":"SMITH"},{"data":"Ghostly","floor":25,"key":"SMITH"},{"data":"Cloak And Dagger","floor":28,"key":"SMITH"}],"neow_cost":"NONE","seed_source_timestamp":135449154156169,"circlet_count":0,"master_deck":["AscendersBane","Strike_G+1","Strike_G","Strike_G+1","Defend_G","Defend_G","Defend_G","Defend_G","Defend_G","Survivor","Neutralize+1","Infinite Blades","Accuracy+1","Bouncing Flask","Dodge and Roll","Blur","Cloak And Dagger+1","Adrenaline","Bane","J.A.X.","Ghostly+1","Ghostly","Ghostly+1","Ghostly","Ghostly","Outmaneuver","Noxious Fumes","Accuracy","Dodge and Roll","Cloak And Dagger","Noxious Fumes"],"relics":["Ring of the Snake","MawBank","Mercury Hourglass","Centennial Puzzle","Runic Pyramid","Bottled Lightning","Anchor","Lee\u0027s Waffle","Oddly Smooth Stone"],"potions_floor_usage":[16,24,24,31,31],"damage_taken":[{"damage":0,"enemies":"Small Slimes","floor":1,"turns":4},{"damage":2,"enemies":"2 Louse","floor":2,"turns":4},{"damage":23,"enemies":"Gremlin Nob","floor":7,"turns":5},{"damage":9,"enemies":"Jaw Worm","floor":10,"turns":3},{"damage":10,"enemies":"Looter","floor":11,"turns":4},{"damage":12,"enemies":"Large Slime","floor":12,"turns":5},{"damage":48,"enemies":"Slime Boss","floor":16,"turns":10},{"damage":17,"enemies":"3 Byrds","floor":18,"turns":5},{"damage":4,"enemies":"Spheric Guardian","floor":22,"turns":6},{"damage":11,"enemies":"Book of Stabbing","floor":24,"turns":7},{"damage":5,"enemies":"Centurion and Healer","floor":29,"turns":7},{"damage":1,"enemies":"Colosseum Slavers","floor":31,"turns":5},{"damage":36,"enemies":"Colosseum Nobs","floor":31,"turns":5}],"seed_played":"6470226293025449676","potions_obtained":[{"floor":7,"key":"FearPotion"},{"floor":10,"key":"Regen Potion"},{"floor":12,"key":"Dexterity Potion"},{"floor":16,"key":"Poison Potion"},{"floor":24,"key":"AttackPotion"},{"floor":29,"key":"Strength Potion"}],"is_trial":false,"path_per_floor":["M","M","?","?","?","R","E","R","T","M","M","M","R","?","R","B",null,"M","?","?","?","M","R","E","R","T","$","R","M","$","?"],"character_chosen":"THE_SILENT","items_purchased":["Accuracy","Lee\u0027s Waffle","Oddly Smooth Stone","Dodge and Roll","Poison Potion","Noxious Fumes"],"campfire_rested":3,"item_purchase_floors":[27,27,27,27,27,30],"current_hp_per_floor":[63,61,66,59,44,66,43,65,65,56,46,34,34,34,56,20,61,44,44,44,37,33,33,22,22,22,44,44,39,39,2],"gold":13,"neow_bonus":"UPGRADE_CARD","is_prod":false,"is_daily":false,"chose_seed":false,"campfire_upgraded":4,"win_rate":0,"timestamp":1564097072,"path_taken":["M","M","?","?","?","R","E","R","T","M","M","M","R","?","R","BOSS","M","?","?","?","M","R","E","R","T","$","R","M","$","?"],"build_version":"2019-07-17","purchased_purges":1,"victory":false,"max_hp_per_floor":[70,70,75,75,75,75,75,75,75,75,75,75,75,75,75,75,75,75,75,75,37,37,37,37,37,37,44,44,44,44,44],"card_choices":[{"not_picked":["Dagger Throw","Tactician"],"picked":"Infinite Blades","floor":1},{"not_picked":["Endless Agony","Slice"],"picked":"Accuracy","floor":2},{"not_picked":["Deadly Poison","Grand Finale"],"picked":"Bouncing Flask","floor":7},{"not_picked":["Dagger Throw","Finisher"],"picked":"Dodge and Roll","floor":10},{"not_picked":["Prepared","Underhanded Strike"],"picked":"Blur","floor":11},{"not_picked":["Flying Knee","Outmaneuver"],"picked":"Cloak And Dagger","floor":12},{"not_picked":["Phantasmal Killer","Storm of Steel"],"picked":"Adrenaline","floor":16},{"not_picked":["Eviscerate+1","Backflip"],"picked":"Bane","floor":18},{"not_picked":["Tactician","Underhanded Strike+1"],"picked":"Outmaneuver","floor":22},{"not_picked":["Deflect","Predator"],"picked":"Noxious Fumes","floor":24},{"not_picked":["Poisoned Stab","Outmaneuver"],"picked":"Cloak And Dagger","floor":29}],"player_experience":227774,"relics_obtained":[{"floor":7,"key":"Mercury Hourglass"},{"floor":9,"key":"Centennial Puzzle"},{"floor":24,"key":"Bottled Lightning"},{"floor":26,"key":"Anchor"}],"event_choices":[{"damage_healed":0,"gold_gain":0,"player_choice":"Donut","damage_taken":0,"max_hp_gain":5,"max_hp_loss":0,"event_name":"Big Fish","floor":3,"gold_loss":0},{"damage_healed":0,"gold_gain":0,"player_choice":"Success","damage_taken":7,"relics_obtained":["MawBank"],"max_hp_gain":0,"max_hp_loss":0,"event_name":"Scrap Ooze","floor":4,"gold_loss":0},{"damage_healed":0,"gold_gain":0,"player_choice":"Entered Light","damage_taken":15,"max_hp_gain":0,"max_hp_loss":0,"event_name":"Shining Light","floor":5,"gold_loss":0,"cards_upgraded":["Strike_G","Strike_G"]},{"damage_healed":0,"gold_gain":30,"player_choice":"Searched \u00271\u0027 times","damage_taken":0,"max_hp_gain":0,"max_hp_loss":0,"event_name":"Dead Adventurer","floor":14,"gold_loss":0},{"damage_healed":0,"gold_gain":0,"player_choice":"Obtain J.A.X.","damage_taken":0,"max_hp_gain":0,"max_hp_loss":0,"event_name":"Drug Dealer","floor":19,"gold_loss":0,"cards_obtained":["J.A.X."]},{"cards_removed":["Strike_G"],"damage_healed":0,"gold_gain":0,"player_choice":"Gave Gold","damage_taken":0,"max_hp_gain":0,"max_hp_loss":0,"event_name":"Beggar","floor":20,"gold_loss":75},{"damage_healed":0,"gold_gain":0,"player_choice":"Became a Ghost","damage_taken":0,"max_hp_gain":0,"max_hp_loss":38,"event_name":"Ghosts","floor":21,"gold_loss":0,"cards_obtained":["Ghostly","Ghostly","Ghostly","Ghostly","Ghostly"]},{"damage_healed":0,"gold_gain":0,"player_choice":"Fight","damage_taken":0,"max_hp_gain":0,"max_hp_loss":0,"event_name":"Colosseum","floor":31,"gold_loss":0},{"damage_healed":0,"gold_gain":0,"player_choice":"Fought Nobs","damage_taken":0,"max_hp_gain":0,"max_hp_loss":0,"event_name":"Colosseum","floor":31,"gold_loss":0}],"is_beta":false,"boss_relics":[{"not_picked":["Lizard Tail","Orrery"],"picked":"Runic Pyramid"}],"items_purged_floors":[27],"is_endless":false,"potions_floor_spawned":[7,10,12,16,24,29],"killed_by":"Colosseum Nobs","ascension_level":10}