{"path_per_floor":["M","M","M","?","M","R","M","R","T","M","?","R","M","M","R","B",null,"M","M","M","M","$","R","E","M","T","M","R","M","M","E","R"],"character_chosen":"IRONCLAD","items_purchased":["Panache","Battle Trance","Inflame","Shrug It Off","Dropkick","PowerPotion"],"gold_per_floor":[111,124,144,144,160,160,175,175,254,268,268,268,284,297,297,395,425,439,459,459,477,12,12,45,58,58,78,78,89,100,127,127,127],"floor_reached":33,"campfire_rested":3,"playtime":2506,"item_purchase_floors":[22,22,22,22,22,22],"current_hp_per_floor":[80,80,80,80,80,80,80,80,80,80,64,64,65,68,68,53,85,69,62,68,37,37,62,58,53,53,38,63,54,45,8,33,0],"items_purged":[],"gold":127,"score":312,"play_id":"25eaaeca-bc85-49ad-a505-fe0dd6796921","local_time":"20180616181213","is_prod":false,"is_daily":false,"chose_seed":false,"is_ascension_mode":false,"campfire_upgraded":4,"win_rate":0.0,"timestamp":1529187133,"campfire_choices":[{"data":"Carnage","floor":6,"key":"SMITH"},{"data":"Whirlwind","floor":8,"key":"SMITH"},{"data":"Armaments","floor":12,"key":"SMITH"},{"data":"Rage","floor":15,"key":"SMITH"},{"floor":23,"key":"REST"},{"floor":28,"key":"REST"},{"floor":32,"key":"REST"}],"path_taken":["M","M","M","?","?","R","M","R","T","M","?","R","M","M","R","BOSS","M","M","M","M","$","R","E","M","T","M","R","M","M","E","R","BOSS"],"build_version":"2018-06-14v2","seed_source_timestamp":322089876425220,"purchased_purges":0,"victory":false,"master_deck":["Strike_R","Strike_R+1","Strike_R","Strike_R","Strike_R","Defend_R+1","Defend_R","Defend_R+1","Defend_R","Bash","Carnage+1","Clash","Cleave","Heavy Blade","Whirlwind+1","Armaments+1","Spot Weakness","Rage+1","Double Tap","Pommel Strike","Pommel Strike","Cleave","Clash","Panache","Battle Trance","Inflame","Shrug It Off","Dropkick","Cleave","Clothesline+1","Cleave+1","Thunderclap+1","Combust+1","Armaments"],"max_hp_per_floor":[80,80,80,80,80,80,80,80,80,80,80,80,80,80,80,80,85,85,85,85,85,85,85,85,85,85,85,85,85,85,85,85,85],"relics":["Burning Blood","Lantern","Mummified Hand","Tiny House","Ice Cream","Molten Egg 2","Blood Vial"],"card_choices":[{"not_picked":["Pommel Strike","Clothesline"],"picked":"Carnage","floor":1},{"not_picked":["Perfected Strike","Cleave"],"picked":"Clash","floor":2},{"not_picked":["Twin Strike","Corruption"],"picked":"Cleave","floor":3},{"not_picked":["Shockwave","Flex"],"picked":"Heavy Blade","floor":5},{"not_picked":["Thunderclap","Shrug It Off"],"picked":"Whirlwind","floor":7},{"not_picked":["Reaper","Blood for Blood"],"picked":"Armaments","floor":10},{"not_picked":["Shrug It Off","Rampage"],"picked":"Spot Weakness","floor":13},{"not_picked":["Infernal Blade","Feel No Pain"],"picked":"Rage","floor":14},{"not_picked":["Berserk","Feed"],"picked":"Double Tap","floor":16},{"not_picked":["Fire Breathing","Iron Wave"],"picked":"Pommel Strike","floor":17},{"not_picked":["True Grit","Thunderclap"],"picked":"Pommel Strike","floor":18},{"not_picked":["Sword Boomerang","Metallicize"],"picked":"Cleave","floor":19},{"not_picked":["Perfected Strike+1","Power Through"],"picked":"Clash","floor":21},{"not_picked":["True Grit+1","Rupture+1"],"picked":"Cleave","floor":24},{"not_picked":["Cleave","Whirlwind"],"picked":"Clothesline+1","floor":25},{"not_picked":["Corruption+1","True Grit"],"picked":"Cleave+1","floor":27},{"not_picked":["Demon Form","Heavy Blade+1"],"picked":"Thunderclap+1","floor":29},{"not_picked":["Infernal Blade","Body Slam+1"],"picked":"Combust+1","floor":30},{"not_picked":["Pummel+1","Heavy Blade+1"],"picked":"Armaments","floor":31}],"player_experience":45994,"potions_floor_usage":[16,20,24,24,25,27,30,31,33],"damage_taken":[{"damage":2,"enemies":"Small Slimes","floor":1,"turns":4},{"damage":1,"enemies":"2 Louse","floor":2,"turns":2},{"damage":0,"enemies":"Cultist","floor":3,"turns":2},{"damage":3,"enemies":"Red Slaver","floor":5,"turns":4},{"damage":0,"enemies":"Blue Slaver","floor":7,"turns":2},{"damage":4,"enemies":"2 Fungi Beasts","floor":10,"turns":2},{"damage":5,"enemies":"Red Slaver","floor":13,"turns":2},{"damage":3,"enemies":"Large Slime","floor":14,"turns":4},{"damage":21,"enemies":"Slime Boss","floor":16,"turns":9},{"damage":22,"enemies":"Shell Parasite","floor":18,"turns":3},{"damage":13,"enemies":"2 Thieves","floor":19,"turns":4},{"damage":0,"enemies":"3 Cultists","floor":20,"turns":1},{"damage":37,"enemies":"Snake Plant","floor":21,"turns":4},{"damage":10,"enemies":"Slavers","floor":24,"turns":3},{"damage":11,"enemies":"Cultist and Chosen","floor":25,"turns":6},{"damage":21,"enemies":"Centurion and Healer","floor":27,"turns":7},{"damage":15,"enemies":"Snecko","floor":29,"turns":4},{"damage":15,"enemies":"Snake Plant","floor":30,"turns":3},{"damage":43,"enemies":"Gremlin Leader","floor":31,"turns":5},{"damage":37,"enemies":"Champ","floor":33,"turns":7}],"relics_obtained":[{"floor":9,"key":"Mummified Hand"},{"floor":24,"key":"Ice Cream"},{"floor":26,"key":"Molten Egg 2"},{"floor":31,"key":"Blood Vial"}],"event_choices":[{"event_name":"Scrap Ooze","player_choice":"unsuccessful","floor":4,"damage_taken":0},{"event_name":"Shining Light","player_choice":"Entered Light","floor":11,"damage_taken":0}],"boss_relics":[{"not_picked":["Runic Cube","Ectoplasm"],"picked":"Tiny House"}],"items_purged_floors":[],"is_endless":false,"potions_floor_spawned":[1,7,14,18,24,25,27,30],"seed_played":"2981845015301087590","killed_by":"Champ","ascension_level":0,"potions_obtained":[{"floor":1,"key":"SpeedPotion"},{"floor":7,"key":"SteroidPotion"},{"floor":14,"key":"EssenceOfSteel"},{"floor":17,"key":"SmokeBomb"},{"floor":24,"key":"Strength Potion"},{"floor":25,"key":"Ancient Potion"},{"floor":27,"key":"FearPotion"},{"floor":30,"key":"Strength Potion"}],"is_trial":false}