{"gold_per_floor":[11,11,29,29,44,44,20,38,38,38,78,104,104,117,117,241,241,262,262,177,177,73,73,172,172,172,186,211,226,241,0,0,119,119,142,163,163,103,121,121,121,121,421,421,421,436,455,480,480,480],"floor_reached":50,"playtime":3350,"items_purged":["Strike_B"],"score":536,"play_id":"54d045e3-267a-42eb-b9e7-2c3fe6422df8","local_time":"20190706174426","is_ascension_mode":true,"campfire_choices":[{"data":"White Noise","floor":6,"key":"SMITH"},{"data":"Storm","floor":10,"key":"SMITH"},{"data":"Static Discharge","floor":15,"key":"SMITH"},{"floor":23,"key":"REST"},{"floor":32,"key":"REST"},{"floor":40,"key":"REST"},{"data":"Defragment","floor":42,"key":"SMITH"},{"floor":49,"key":"REST"}],"neow_cost":"NO_GOLD","seed_source_timestamp":1180072803455100,"circlet_count":0,"master_deck":["Strike_B","Strike_B","Defend_B","Defend_B","Defend_B","Defend_B","Zap+1","Dualcast","Skim","Ball Lightning+1","White Noise+1","Reinforced Body","Undo","Rebound","Storm+1","Static Discharge+1","Self Repair","Melter","Electrodynamics","Defragment+1","Barrage","Ball Lightning+1","Steam+1","Self Repair+1","Conserve Battery","Static Discharge","Defragment+1","BootSequence","Mayhem","Redo+1","Tempest+1","Self Repair","Conserve Battery+1"],"relics":["Cracked Core","Prayer Wheel","Golden Idol","Symbiotic Virus","Anchor","Whetstone","WarpedTongs","Inserter","Nilry\u0027s Codex","The Courier","Incense Burner","Bottled Lightning","Lizard Tail","Old Coin"],"potions_floor_usage":[16,18,28,46,46,48,50,50],"damage_taken":[{"damage":4,"enemies":"2 Louse","floor":1,"turns":3},{"damage":0,"enemies":"Small Slimes","floor":3,"turns":3},{"damage":0,"enemies":"Cultist","floor":5,"turns":4},{"damage":0,"enemies":"Exordium Wildlife","floor":8,"turns":3},{"damage":13,"enemies":"3 Sentries","floor":11,"turns":6},{"damage":2,"enemies":"Looter","floor":14,"turns":3},{"damage":31,"enemies":"Hexaghost","floor":16,"turns":4},{"damage":25,"enemies":"2 Thieves","floor":18,"turns":4},{"damage":10,"enemies":"Chosen","floor":27,"turns":3},{"damage":15,"enemies":"Centurion and Healer","floor":28,"turns":3},{"damage":18,"enemies":"3 Cultists","floor":29,"turns":4},{"damage":21,"enemies":"Cultist and Chosen","floor":30,"turns":5},{"damage":20,"enemies":"Champ","floor":33,"turns":7},{"damage":1,"enemies":"Orb Walker","floor":35,"turns":3},{"damage":32,"enemies":"3 Darklings","floor":36,"turns":4},{"damage":37,"enemies":"Spire Growth","floor":39,"turns":4},{"damage":1,"enemies":"Jaw Worm Horde","floor":46,"turns":2},{"damage":38,"enemies":"3 Darklings","floor":47,"turns":3},{"damage":26,"enemies":"Spire Growth","floor":48,"turns":5},{"damage":97,"enemies":"Awakened One","floor":50,"turns":8}],"seed_played":"4950629034040014180","potions_obtained":[{"floor":3,"key":"Weak Potion"},{"floor":8,"key":"AttackPotion"},{"floor":14,"key":"AttackPotion"},{"floor":28,"key":"SpeedPotion"},{"floor":29,"key":"Explosive Potion"},{"floor":36,"key":"Energy Potion"},{"floor":39,"key":"PowerPotion"},{"floor":46,"key":"Strength Potion"},{"floor":48,"key":"Dexterity Potion"}],"is_trial":false,"path_per_floor":["M","?","M","?","M","R","?","M","T","R","E","T","?","M","R","B",null,"M","?","?","?","$","R","?","T","T","M","M","M","M","?","R","B",null,"M","M","?","$","M","R","?","R","T","?","?","M","M","M","R","B"],"character_chosen":"DEFECT","items_purchased":["Defragment","Barrage"],"campfire_rested":4,"item_purchase_floors":[22,22],"current_hp_per_floor":[71,53,53,53,53,53,53,53,53,53,40,40,40,38,38,14,75,50,34,34,34,34,56,56,56,56,46,38,30,19,19,41,28,75,74,49,49,49,19,41,41,41,41,41,41,50,29,27,49,0],"gold":480,"neow_bonus":"ONE_RARE_RELIC","is_prod":false,"is_daily":false,"chose_seed":false,"campfire_upgraded":4,"win_rate":0,"timestamp":1562449466,"path_taken":["M","?","M","?","M","R","?","M","T","R","E","?","?","M","R","BOSS","M","?","?","?","$","R","?","?","T","M","M","M","?","?","R","BOSS","M","M","?","$","M","R","?","R","T","?","?","M","M","?","R","BOSS"],"build_version":"2019-07-05","purchased_purges":1,"victory":false,"max_hp_per_floor":[75,75,75,75,75,75,75,75,75,75,75,75,75,75,75,75,75,75,75,75,75,75,75,75,75,75,75,75,75,75,75,75,75,75,75,75,75,75,75,75,75,75,75,75,75,75,75,75,75,75],"card_choices":[{"not_picked":["Sweeping Beam","Turbo"],"picked":"Skim","floor":1},{"not_picked":["Rebound","Go for the Eyes"],"picked":"Ball Lightning","floor":1},{"not_picked":["Redo","Turbo"],"picked":"White Noise","floor":3},{"not_picked":["Heatsinks","Fusion"],"picked":"Reinforced Body","floor":3},{"not_picked":["Cold Snap","Sweeping Beam"],"picked":"Undo","floor":5},{"not_picked":["Creative AI","Double Energy"],"picked":"Rebound","floor":5},{"not_picked":["Ball Lightning","Barrage"],"picked":"Storm","floor":8},{"not_picked":["Beam Cell","Glacier","Rebound"],"picked":"SKIP","floor":8},{"not_picked":["Buffer","Blizzard"],"picked":"Static Discharge","floor":11},{"not_picked":["Go for the Eyes","Force Field"],"picked":"Self Repair","floor":14},{"not_picked":["Rip and Tear","Rebound"],"picked":"Melter","floor":14},{"not_picked":["Core Surge","Biased Cognition"],"picked":"Electrodynamics","floor":16},{"not_picked":["Streamline+1","Cold Snap","Go for the Eyes"],"picked":"SKIP","floor":18},{"not_picked":["Chaos","Fusion","Heatsinks"],"picked":"SKIP","floor":18},{"not_picked":["Auto Shields","Conserve Battery"],"picked":"Ball Lightning+1","floor":27},{"not_picked":["Force Field","Stack","Redo"],"picked":"SKIP","floor":27},{"not_picked":["Capacitor+1","Loop"],"picked":"Steam+1","floor":28},{"not_picked":["Defragment","Rebound+1"],"picked":"Self Repair+1","floor":28},{"not_picked":["Steam","Redo+1"],"picked":"Conserve Battery","floor":29},{"not_picked":["Ball Lightning","Rebound+1","Melter"],"picked":"SKIP","floor":29},{"not_picked":["Scrape","Recycle"],"picked":"Static Discharge","floor":30},{"not_picked":["Sunder","Steam","Melter"],"picked":"SKIP","floor":30},{"not_picked":["Recycle+1","Turbo+1"],"picked":"Defragment+1","floor":35},{"not_picked":["Capacitor+1","Coolheaded+1","Go for the Eyes+1"],"picked":"SKIP","floor":35},{"not_picked":["Lockon","Cold Snap"],"picked":"BootSequence","floor":36},{"not_picked":["Sunder+1","Beam Cell+1","Genetic Algorithm"],"picked":"SKIP","floor":36},{"not_picked":["Dramatic Entrance","Jack Of All Trades"],"picked":"Mayhem","floor":37},{"not_picked":["Barrage","Streamline+1"],"picked":"Redo+1","floor":39},{"not_picked":["Stack","Rip and Tear","Hologram"],"picked":"SKIP","floor":39},{"not_picked":["Compile Driver","Steam Power"],"picked":"Tempest+1","floor":46},{"not_picked":["Streamline+1","Sunder","Beam Cell+1"],"picked":"SKIP","floor":46},{"not_picked":["Cold Snap+1","Compile Driver+1"],"picked":"Self Repair","floor":47},{"not_picked":["Cold Snap","Go for the Eyes","Buffer"],"picked":"SKIP","floor":47},{"not_picked":["Loop","Beam Cell"],"picked":"Conserve Battery+1","floor":48},{"not_picked":["Redo+1","Ball Lightning+1","Streamline+1"],"picked":"SKIP","floor":48}],"player_experience":637367,"relics_obtained":[{"floor":9,"key":"Symbiotic Virus"},{"floor":11,"key":"Anchor"},{"floor":12,"key":"Whetstone"},{"floor":19,"key":"Nilry\u0027s Codex"},{"floor":25,"key":"Incense Burner"},{"floor":26,"key":"Bottled Lightning"},{"floor":43,"key":"Old Coin"}],"event_choices":[{"damage_healed":0,"gold_gain":0,"player_choice":"Take Damage","damage_taken":18,"relics_obtained":["Golden Idol"],"max_hp_gain":0,"max_hp_loss":0,"event_name":"Golden Idol","floor":2,"gold_loss":0},{"damage_healed":0,"gold_gain":0,"player_choice":"Grow","damage_taken":0,"max_hp_gain":0,"max_hp_loss":0,"event_name":"Living Wall","floor":4,"gold_loss":0,"cards_upgraded":["Zap"]},{"damage_healed":0,"gold_gain":0,"player_choice":"Left Gold","damage_taken":0,"max_hp_gain":0,"max_hp_loss":0,"event_name":"World of Goop","floor":7,"gold_loss":24},{"damage_healed":0,"gold_gain":0,"player_choice":"Rummage","damage_taken":0,"relics_obtained":["WarpedTongs"],"max_hp_gain":0,"max_hp_loss":0,"event_name":"Accursed Blacksmith","floor":13,"gold_loss":0,"cards_obtained":["Pain"]},{"damage_healed":0,"gold_gain":0,"player_choice":"Obtained Book","damage_taken":16,"max_hp_gain":0,"max_hp_loss":0,"event_name":"Cursed Tome","floor":19,"gold_loss":0},{"damage_healed":0,"gold_gain":0,"player_choice":"Obtained Relic","damage_taken":0,"relics_obtained":["The Courier"],"max_hp_gain":0,"max_hp_loss":0,"event_name":"Addict","floor":20,"gold_loss":85},{"damage_healed":0,"gold_gain":0,"player_choice":"Ignored","damage_taken":0,"max_hp_gain":0,"max_hp_loss":0,"event_name":"The Mausoleum","floor":21,"gold_loss":0},{"damage_healed":0,"gold_gain":99,"player_choice":"Stole From Cult","damage_taken":0,"max_hp_gain":0,"max_hp_loss":0,"event_name":"Nest","floor":24,"gold_loss":0},{"damage_healed":0,"gold_gain":0,"player_choice":"Paid Fearfully","damage_taken":0,"max_hp_gain":0,"max_hp_loss":0,"event_name":"Masked Bandits","floor":31,"gold_loss":241},{"damage_healed":0,"gold_gain":0,"player_choice":"Memory 1","damage_taken":0,"max_hp_gain":0,"max_hp_loss":0,"event_name":"SensoryStone","floor":37,"gold_loss":0},{"damage_healed":0,"gold_gain":0,"player_choice":"Ignored","damage_taken":0,"max_hp_gain":0,"max_hp_loss":0,"event_name":"Tomb of Lord Red Mask","floor":41,"gold_loss":0},{"cards_removed":["Strike_B"],"damage_healed":0,"gold_gain":0,"player_choice":"Removed Attack","damage_taken":0,"max_hp_gain":0,"max_hp_loss":0,"event_name":"Falling","floor":44,"gold_loss":0},{"cards_removed":["Pain"],"damage_healed":0,"gold_gain":0,"player_choice":"Purged","damage_taken":0,"max_hp_gain":0,"max_hp_loss":0,"event_name":"Purifier","floor":45,"gold_loss":0}],"is_beta":false,"boss_relics":[{"not_picked":["Tiny House","Black Star"],"picked":"Inserter"},{"not_picked":["Pandora\u0027s Box","FrozenCore"],"picked":"Lizard Tail"}],"items_purged_floors":[38],"is_endless":false,"potions_floor_spawned":[3,8,14,28,29,36,39,46,48],"killed_by":"Awakened One","ascension_level":2}