{"gold_per_floor":[118,132,152,9,24,24,44,54,135,135,135,145,173,26,26,121,121,131,131,147,164,175,202,231,246,246,246,35,35,50,75,75,75],"floor_reached":33,"playtime":2050,"items_purged":["Strike_B"],"score":341,"play_id":"2278301b-751d-4c2d-a49b-3e144d4f523a","local_time":"20190706000604","is_ascension_mode":false,"campfire_choices":[{"floor":6,"key":"REST"},{"floor":11,"key":"REST"},{"floor":15,"key":"REST"},{"floor":27,"key":"REST"},{"floor":32,"key":"REST"}],"neow_cost":"PERCENT_DAMAGE","seed_source_timestamp":1200915574744155,"circlet_count":0,"master_deck":["Strike_B","Strike_B","Strike_B","Defend_B","Defend_B","Defend_B","Defend_B","Zap","Dualcast","Secret Weapon","Panache","Barrage","Sweeping Beam","Ball Lightning","Storm","Loop","Self Repair","Streamline+1","Recycle","White Noise+1","Amplify","Self Repair","Conserve Battery","Redo","Go for the Eyes","Gash","Melter","Lockon","Beam Cell","Tempest+1"],"relics":["Cracked Core","Mummified Hand","Oddly Smooth Stone","Centennial Puzzle","Runic Pyramid","Thread and Needle","Red Mask","Boot","Pen Nib"],"potions_floor_usage":[3,5,18,22,24,31,31,33],"damage_taken":[{"damage":1,"enemies":"Cultist","floor":1,"turns":3},{"damage":12,"enemies":"Small Slimes","floor":2,"turns":4},{"damage":0,"enemies":"2 Louse","floor":3,"turns":1},{"damage":24,"enemies":"Gremlin Gang","floor":5,"turns":4},{"damage":11,"enemies":"Large Slime","floor":7,"turns":4},{"damage":16,"enemies":"Exordium Wildlife","floor":8,"turns":5},{"damage":5,"enemies":"Looter","floor":12,"turns":3},{"damage":44,"enemies":"Gremlin Nob","floor":13,"turns":5},{"damage":0,"enemies":"Slime Boss","floor":16,"turns":7},{"damage":4,"enemies":"Chosen","floor":18,"turns":3},{"damage":9,"enemies":"3 Byrds","floor":20,"turns":3},{"damage":18,"enemies":"Snecko","floor":21,"turns":4},{"damage":27,"enemies":"Shelled Parasite and Fungi","floor":22,"turns":3},{"damage":57,"enemies":"Gremlin Leader","floor":23,"turns":4},{"damage":10,"enemies":"Masked Bandits","floor":24,"turns":3},{"damage":5,"enemies":"Cultist and Chosen","floor":25,"turns":4},{"damage":11,"enemies":"Snake Plant","floor":30,"turns":3},{"damage":46,"enemies":"Slavers","floor":31,"turns":4},{"damage":73,"enemies":"Collector","floor":33,"turns":7}],"seed_played":"2183100803002528979","potions_obtained":[{"floor":1,"key":"Explosive Potion"},{"floor":3,"key":"Regen Potion"},{"floor":13,"key":"Weak Potion"},{"floor":16,"key":"Fruit Juice"},{"floor":20,"key":"Poison Potion"},{"floor":21,"key":"FearPotion"},{"floor":23,"key":"Weak Potion"},{"floor":30,"key":"Regen Potion"},{"floor":31,"key":"Block Potion"}],"is_trial":false,"path_per_floor":["M","M","M","$","M","R","M","M","T","?","R","M","E","$","R","B",null,"M","?","M","M","M","E","?","M","T","R","$","$","M","E","R","B"],"character_chosen":"DEFECT","items_purchased":["Storm","Centennial Puzzle","Lockon","Boot"],"campfire_rested":5,"item_purchase_floors":[4,14,28,28],"current_hp_per_floor":[53,41,41,41,26,48,37,28,28,28,50,52,15,15,37,44,75,80,80,80,76,70,34,24,33,33,57,57,57,67,47,71,0],"gold":75,"neow_bonus":"RANDOM_COLORLESS_2","is_prod":false,"is_daily":false,"chose_seed":false,"campfire_upgraded":0,"win_rate":0,"timestamp":1562389564,"path_taken":["M","?","M","$","M","R","M","M","T","?","R","M","E","?","R","BOSS","M","?","M","M","?","E","?","M","T","R","?","$","M","E","R","BOSS"],"build_version":"2019-07-05","purchased_purges":1,"victory":false,"max_hp_per_floor":[75,75,75,75,75,75,75,75,75,75,75,75,75,75,75,75,75,80,80,80,80,80,80,80,80,80,80,80,80,80,80,80,80],"card_choices":[{"not_picked":["Rebound","Hologram"],"picked":"Barrage","floor":1},{"not_picked":["Rainbow","Coolheaded"],"picked":"Sweeping Beam","floor":2},{"not_picked":["Rebound","Turbo"],"picked":"Ball Lightning","floor":3},{"not_picked":["Darkness","Auto Shields"],"picked":"Loop","floor":5},{"not_picked":["Turbo","Stack"],"picked":"Self Repair","floor":7},{"not_picked":["Ball Lightning","Beam Cell"],"picked":"Streamline","floor":8},{"not_picked":["Steam Power","Compile Driver"],"picked":"Recycle","floor":12},{"not_picked":["Recycle","Glacier"],"picked":"White Noise","floor":13},{"not_picked":["Rainbow","Reboot"],"picked":"Amplify","floor":16},{"not_picked":["Rebound","Cold Snap"],"picked":"Self Repair","floor":18},{"not_picked":["Chill+1","Cold Snap"],"picked":"Conserve Battery","floor":20},{"not_picked":["Conserve Battery","Steam"],"picked":"Redo","floor":21},{"not_picked":["Hologram","Turbo","Steam"],"picked":"SKIP","floor":22},{"not_picked":["Scrape+1","White Noise"],"picked":"Go for the Eyes","floor":23},{"not_picked":["Streamline","Barrage"],"picked":"Gash","floor":24},{"not_picked":["Streamline+1","Go for the Eyes"],"picked":"Melter","floor":25},{"not_picked":["Storm","Coolheaded"],"picked":"Beam Cell","floor":30},{"not_picked":["Streamline","Reboot"],"picked":"Tempest+1","floor":31}],"player_experience":124010,"relics_obtained":[{"floor":9,"key":"Mummified Hand"},{"floor":13,"key":"Oddly Smooth Stone"},{"floor":23,"key":"Thread and Needle"},{"floor":24,"key":"Red Mask"},{"floor":31,"key":"Pen Nib"}],"event_choices":[{"damage_healed":0,"gold_gain":0,"player_choice":"Upgraded","damage_taken":0,"max_hp_gain":0,"max_hp_loss":0,"event_name":"Upgrade Shrine","floor":10,"gold_loss":0,"cards_upgraded":["Streamline"]},{"damage_healed":0,"gold_gain":0,"player_choice":"Upgraded","damage_taken":0,"max_hp_gain":0,"max_hp_loss":0,"event_name":"Upgrade Shrine","floor":19,"gold_loss":0,"cards_upgraded":["White Noise"]},{"damage_healed":0,"gold_gain":0,"player_choice":"Fought Bandits","damage_taken":0,"max_hp_gain":0,"max_hp_loss":0,"event_name":"Masked Bandits","floor":24,"gold_loss":0}],"is_beta":false,"boss_relics":[{"not_picked":["Ectoplasm","Empty Cage"],"picked":"Runic Pyramid"}],"items_purged_floors":[4],"is_endless":false,"potions_floor_spawned":[1,3,13,16,20,21,23,30,31],"killed_by":"Collector","ascension_level":0}