{"gold_per_floor":[116,130,130,130,148,148,148,148,148,161,186,203,128,148,148,249,249,260,277,290,389,389,389,349,366,366,59,77,27,46,63,63,166,166,182,194,17,17,31,31,51,51,123,173,191,191,214,225,225,225],"floor_reached":51,"playtime":3732,"items_purged":["Strike_R"],"score":703,"play_id":"7caaa1e9-18d8-404c-abfb-716aa97aae0d","local_time":"20181228152659","is_ascension_mode":false,"campfire_choices":[{"data":"Bash","floor":6.0,"key":"SMITH"},{"data":"Defend_R","floor":8.0,"key":"SMITH"},{"data":"Body Slam","floor":15.0,"key":"SMITH"},{"data":"Feed","floor":23.0,"key":"SMITH"},{"floor":32,"key":"REST"},{"data":"Clothesline","floor":40,"key":"SMITH"},{"data":"Iron Wave","floor":42,"key":"SMITH"},{"floor":49,"key":"REST"}],"neow_cost":"NONE","seed_source_timestamp":0,"circlet_count":0,"master_deck":["Strike_R","Strike_R","Strike_R","Defend_R","Defend_R","Defend_R","Defend_R+1","Bash+1","Entrench+1","Pommel Strike","Intimidate","Body Slam+1","Barricade","Shrug It Off","Sentinel","Feed+1","Iron Wave+1","Clothesline+1","Shrug It Off+1","Battle Trance","Metallicize+1","Ghostly Armor+1","Iron Wave+1"],"special_seed":0,"relics":["Burning Blood","Gremlin Horn","Mango","White Beast Statue","Bag of Marbles","Torii","Runic Cube","Tiny Chest","Toxic Egg 2","Omamori","Red Skull"],"potions_floor_usage":[28,28,30,30,31,33,36,36,39,45,48,50,50,50],"damage_taken":[{"damage":6.0,"enemies":"Jaw Worm","floor":1.0,"turns":4.0},{"damage":2.0,"enemies":"2 Louse","floor":2.0,"turns":4.0},{"damage":0.0,"enemies":"Cultist","floor":5.0,"turns":4.0},{"damage":10.0,"enemies":"Looter","floor":10.0,"turns":3.0},{"damage":36.0,"enemies":"Lagavulin","floor":11.0,"turns":7.0},{"damage":6.0,"enemies":"Blue Slaver","floor":12.0,"turns":5.0},{"damage":10.0,"enemies":"Large Slime","floor":14.0,"turns":11.0},{"damage":16.0,"enemies":"Hexaghost","floor":16.0,"turns":11.0},{"damage":40.0,"enemies":"Spheric Guardian","floor":18.0,"turns":19.0},{"damage":21.0,"enemies":"Shell Parasite","floor":19.0,"turns":9.0},{"damage":39.0,"enemies":"3 Cultists","floor":20.0,"turns":7.0},{"damage":0.0,"enemies":"Cultist and Chosen","floor":25.0,"turns":6.0},{"damage":33,"enemies":"Sentry and Sphere","floor":28,"turns":12},{"damage":10,"enemies":"Shelled Parasite and Fungi","floor":30,"turns":14},{"damage":4,"enemies":"Snake Plant","floor":31,"turns":9},{"damage":1,"enemies":"Champ","floor":33,"turns":19},{"damage":1,"enemies":"3 Shapes","floor":35,"turns":7},{"damage":50,"enemies":"3 Darklings","floor":36,"turns":15},{"damage":19,"enemies":"Jaw Worm Horde","floor":39,"turns":8},{"damage":18,"enemies":"4 Shapes","floor":41,"turns":14},{"damage":39,"enemies":"Sphere and 2 Shapes","floor":45,"turns":15},{"damage":19,"enemies":"Spire Growth","floor":48,"turns":7},{"damage":11,"enemies":"Time Eater","floor":50,"turns":14}],"seed_played":"3328034730029395288","potions_obtained":[{"floor":1.0,"key":"SmokeBomb"},{"floor":5.0,"key":"SteroidPotion"},{"floor":12.0,"key":"Block Potion"},{"floor":16.0,"key":"Explosive Potion"},{"floor":18.0,"key":"EssenceOfSteel"},{"floor":19.0,"key":"LiquidBronze"},{"floor":20.0,"key":"EssenceOfSteel"},{"floor":24.0,"key":"GamblersBrew"},{"floor":24.0,"key":"EssenceOfSteel"},{"floor":25.0,"key":"Dexterity Potion"},{"floor":28,"key":"GamblersBrew"},{"floor":30,"key":"SpeedPotion"},{"floor":31,"key":"SkillPotion"},{"floor":33,"key":"Explosive Potion"},{"floor":35,"key":"Fire Potion"},{"floor":36,"key":"AttackPotion"},{"floor":39,"key":"FearPotion"},{"floor":41,"key":"SpeedPotion"},{"floor":45,"key":"Explosive Potion"},{"floor":48,"key":"Dexterity Potion"}],"is_trial":false,"path_per_floor":["M","M","?","?","M","R","?","R","T","M","E","M","$","M","R","B",null,"M","M","M","?","?","R","?","M","T","$","$","M","M","R","B",null,"M","M","$","?","M","R","M","R","T","T","M","?","T","M","R","B",null],"character_chosen":"IRONCLAD","items_purchased":["Torii","PowerPotion","Tiny Chest","Strength Potion"],"campfire_rested":2,"item_purchase_floors":[27,29,37,37],"current_hp_per_floor":[88,88,81,81,87,87,87,87,87,83,67,67,67,63,63,53,102,71,56,26,26,26,26,26,36,36,36,13,13,9,11,45,54,120,124,84,84,84,75,75,67,67,67,67,38,38,38,25,67,62],"gold":225,"neow_bonus":"TEN_PERCENT_HP_BONUS","is_prod":false,"is_daily":false,"chose_seed":false,"campfire_upgraded":6,"win_rate":0,"timestamp":1546028819,"path_taken":["M","M","?","?","M","R","?","R","T","?","E","M","$","M","R","BOSS","M","M","M","?","?","R","?","M","T","$","?","?","?","M","R","BOSS","M","M","$","?","?","R","M","R","T","?","M","?","?","M","R","BOSS"],"build_version":"2018-12-25","purchased_purges":1,"victory":true,"max_hp_per_floor":[88,88,88,88,88,88,88,88,88,88,102,102,102,102,102,102,102,105,105,108,108,108,108,108,112,112,112,116,116,116,116,116,120,120,124,128,128,128,132,132,136,136,136,136,140,140,140,140,140,140],"card_choices":[{"not_picked":["Inflame","Pommel Strike"],"picked":"Entrench","floor":1.0},{"not_picked":["Anger","Pummel"],"picked":"Pommel Strike","floor":2.0},{"not_picked":["Seeing Red","Warcry"],"picked":"Intimidate","floor":5.0},{"not_picked":["Armaments","Flex"],"picked":"Body Slam","floor":10.0},{"not_picked":["Clothesline","Armaments"],"picked":"Barricade","floor":11.0},{"not_picked":["Pommel Strike","Blood for Blood"],"picked":"Shrug It Off","floor":12.0},{"not_picked":["Clash","Evolve"],"picked":"Sentinel","floor":14.0},{"not_picked":["Demon Form","Reaper"],"picked":"Feed","floor":16.0},{"not_picked":["Cleave+1","Flex"],"picked":"Iron Wave","floor":18.0},{"not_picked":["Whirlwind","Wild Strike","Pummel"],"picked":"SKIP","floor":19.0},{"not_picked":["Havoc","Heavy Blade","Feel No Pain"],"picked":"SKIP","floor":20.0},{"not_picked":["Bloodletting","Burning Pact"],"picked":"Clothesline","floor":25.0},{"not_picked":["Sever Soul","Second Wind","Pummel+1"],"picked":"SKIP","floor":28},{"not_picked":["Iron Wave","True Grit"],"picked":"Shrug It Off+1","floor":30},{"not_picked":["Rupture+1","Sever Soul"],"picked":"Battle Trance","floor":31},{"not_picked":["Limit Break","Brutality"],"picked":"Double Tap","floor":33},{"not_picked":["Havoc","Warcry"],"picked":"Metallicize","floor":35},{"not_picked":["Warcry+1","Sentinel","Feel No Pain"],"picked":"SKIP","floor":36},{"not_picked":["Headbutt","Warcry+1"],"picked":"Ghostly Armor+1","floor":39},{"not_picked":["Havoc","Feel No Pain","Flex"],"picked":"SKIP","floor":41},{"not_picked":["Second Wind+1","Heavy Blade"],"picked":"Iron Wave+1","floor":45},{"not_picked":["Clothesline","Combust","Limit Break+1"],"picked":"SKIP","floor":48},{"not_picked":["Clothesline","Combust","Limit Break+1"],"picked":"SKIP","floor":48}],"player_experience":687200,"relics_obtained":[{"floor":9.0,"key":"Gremlin Horn"},{"floor":11.0,"key":"Mango"},{"floor":26.0,"key":"Bag of Marbles"},{"floor":43,"key":"Toxic Egg 2"},{"floor":44,"key":"Omamori"},{"floor":47,"key":"Red Skull"}],"event_choices":[{"cards_removed":["Strike_R"],"damage_healed":0.0,"max_hp_gain":0.0,"max_hp_loss":0.0,"gold_gain":0.0,"event_name":"Golden Wing","player_choice":"Card Removal","floor":3.0,"gold_loss":0.0,"damage_taken":7.0},{"damage_healed":0.0,"max_hp_gain":0.0,"max_hp_loss":0.0,"gold_gain":0.0,"event_name":"The Cleric","player_choice":"Leave","floor":4.0,"gold_loss":0.0,"damage_taken":0.0},{"damage_healed":0.0,"max_hp_gain":0.0,"max_hp_loss":0.0,"gold_gain":0.0,"event_name":"Upgrade Shrine","player_choice":"Upgraded","floor":7.0,"gold_loss":0.0,"damage_taken":0.0,"cards_upgraded":["Entrench"]},{"damage_healed":0.0,"max_hp_gain":0.0,"max_hp_loss":0.0,"gold_gain":99.0,"event_name":"Nest","player_choice":"Stole From Cult","floor":21.0,"gold_loss":0.0,"damage_taken":0.0},{"damage_healed":0.0,"max_hp_gain":0.0,"max_hp_loss":0.0,"gold_gain":0.0,"event_name":"Cursed Tome","player_choice":"Ignored","floor":22.0,"gold_loss":0.0,"damage_taken":0.0},{"damage_healed":0.0,"max_hp_gain":0.0,"max_hp_loss":0.0,"gold_gain":0.0,"event_name":"The Woman in Blue","player_choice":"Bought 3 Potions","floor":24.0,"gold_loss":0.0,"damage_taken":0.0},{"damage_healed":0,"gold_gain":0,"player_choice":"Forge","damage_taken":0,"max_hp_gain":0,"max_hp_loss":0,"event_name":"Accursed Blacksmith","floor":38,"gold_loss":0,"cards_upgraded":["Metallicize"]},{"cards_removed":["Double Tap"],"damage_healed":0,"gold_gain":0,"player_choice":"Removed Skill","damage_taken":0,"max_hp_gain":0,"max_hp_loss":0,"event_name":"Falling","floor":46,"gold_loss":0}],"is_beta":true,"boss_relics":[{"not_picked":["Velvet Choker","Fusion Hammer"],"picked":"White Beast Statue"},{"not_picked":["Cursed Key","Busted Crown"],"picked":"Runic Cube"}],"items_purged_floors":[13],"is_endless":false,"potions_floor_spawned":[1,5,12,16,18,19,20,25,28,30,31,33,35,36,39,41,45,48],"ascension_level":0}