{"gold_per_floor":[109,127,127,138,149,178,178,87,87,52,52,72,87,120,120,225,225,236,5,5,17,35,35,51,51,76,176,196,196,227,52,52,52],"floor_reached":33,"playtime":2070,"items_purged":[],"score":310,"play_id":"ac7749b1-5db9-4600-a4f5-d7fe0b4113ab","local_time":"20190609105656","is_ascension_mode":true,"campfire_choices":[{"floor":7.0,"key":"REST"},{"floor":15.0,"key":"RECALL"},{"floor":23.0,"key":"REST"},{"floor":29.0,"key":"REST"},{"floor":32.0,"key":"REST"}],"neow_cost":"CURSE","seed_source_timestamp":0,"circlet_count":0,"master_deck":["Survivor","Neutralize","Regret","Sucker Punch","Distraction","All Out Attack","Backstab","Corpse Explosion","Blind","Poisoned Stab","Blade Dance","Blur","Bullet Time","Flying Knee","Quick Slash","Underhanded Strike","Flechettes","Flying Knee","Dagger Spray","Flying Knee","Riddle With Holes","Masterful Stab","Distraction","Outmaneuver","Bouncing Flask","PiercingWail","Bane+1","Endless Agony","Deadly Poison+1","Bullet Time","PiercingWail","Footwork+1"],"special_seed":0,"relics":["Ring of the Snake","StoneCalendar","WingedGreaves","Bag of Preparation","Bag of Marbles","Pandora\u0027s Box","Toolbox","Snake Skull","Tough Bandages","Frozen Egg 2","Red Mask"],"potions_floor_usage":[33],"damage_taken":[{"damage":7.0,"enemies":"Cultist","floor":1.0,"turns":5.0},{"damage":9.0,"enemies":"2 Louse","floor":2.0,"turns":3.0},{"damage":3.0,"enemies":"Small Slimes","floor":4.0,"turns":4.0},{"damage":6.0,"enemies":"Blue Slaver","floor":5.0,"turns":6.0},{"damage":24.0,"enemies":"Lagavulin","floor":6.0,"turns":9.0},{"damage":3.0,"enemies":"Looter","floor":12.0,"turns":3.0},{"damage":0.0,"enemies":"3 Louse","floor":13.0,"turns":1.0},{"damage":2.0,"enemies":"Gremlin Nob","floor":14.0,"turns":2.0},{"damage":15.0,"enemies":"Slime Boss","floor":16.0,"turns":7.0},{"damage":5.0,"enemies":"Shell Parasite","floor":18.0,"turns":2.0},{"damage":19.0,"enemies":"2 Thieves","floor":21.0,"turns":2.0},{"damage":11.0,"enemies":"Centurion and Healer","floor":22.0,"turns":3.0},{"damage":0.0,"enemies":"Snecko","floor":24.0,"turns":2.0},{"damage":15.0,"enemies":"Colosseum Slavers","floor":27.0,"turns":3.0},{"damage":0.0,"enemies":"Colosseum Nobs","floor":27.0,"turns":2.0},{"damage":26.0,"enemies":"Chosen and Byrds","floor":28.0,"turns":5.0},{"damage":12.0,"enemies":"Masked Bandits","floor":30.0,"turns":3.0},{"damage":59,"enemies":"Collector","floor":33,"turns":6}],"seed_played":"-5602684965962417154","potions_obtained":[{"floor":6.0,"key":"FearPotion"},{"floor":11.0,"key":"GhostInAJar"},{"floor":11.0,"key":"EntropicBrew"},{"floor":11.0,"key":"Explosive Potion"},{"floor":13.0,"key":"FearPotion"},{"floor":24.0,"key":"Dexterity Potion"},{"floor":28.0,"key":"PowerPotion"}],"is_trial":false,"path_per_floor":["M","M","T","M","M","E","R","$","T","?","?","M","M","E","R","B",null,"M","$","?","M","M","R","M","?","T","?","M","R","?","$","R","B"],"character_chosen":"THE_SILENT","items_purchased":["Blind","Toolbox","Bouncing Flask","Energy Potion","AttackPotion","Footwork+1"],"campfire_rested":4,"item_purchase_floors":[8,19,19,31,31,31],"current_hp_per_floor":[63,54,54,51,45,21,42,42,42,59,59,56,56,54,54,39,70,65,65,65,46,35,56,56,56,56,46,20,41,29,29,50,0],"gold":52,"neow_bonus":"ONE_RARE_RELIC","is_prod":false,"is_daily":false,"chose_seed":false,"campfire_upgraded":0,"win_rate":0,"timestamp":1560092216,"path_taken":["M","M","?","M","M","E","R","$","T","?","?","?","M","E","R","BOSS","M","$","?","M","M","R","M","?","T","?","M","R","?","$","R","BOSS"],"build_version":"2019-01-23","purchased_purges":0,"victory":false,"max_hp_per_floor":[70,70,70,70,70,70,70,70,70,70,70,70,70,70,70,70,70,70,70,70,70,70,70,70,70,70,70,70,70,70,70,70,70],"card_choices":[{"not_picked":["Cloak And Dagger","Underhanded Strike"],"picked":"Sucker Punch","floor":1.0},{"not_picked":["Dodge and Roll","Heel Hook"],"picked":"Distraction","floor":2.0},{"not_picked":["Reflex","Concentrate"],"picked":"All Out Attack","floor":4.0},{"not_picked":["Eviscerate","All Out Attack"],"picked":"Backstab","floor":5.0},{"not_picked":["Dodge and Roll","Underhanded Strike"],"picked":"Corpse Explosion","floor":6.0},{"not_picked":["Slice","Flying Knee"],"picked":"Poisoned Stab","floor":12.0},{"not_picked":["Sucker Punch","Deflect"],"picked":"Blade Dance","floor":13.0},{"not_picked":["Tactician","Predator"],"picked":"Blur","floor":14.0},{"not_picked":["Envenom","Unload"],"picked":"Bullet Time","floor":16.0},{"not_picked":["Caltrops","Cloak And Dagger"],"picked":"Outmaneuver","floor":18.0},{"not_picked":["Flying Knee+1","Slice"],"picked":"Bane+1","floor":21.0},{"not_picked":["Prepared+1","Dodge and Roll+1"],"picked":"Endless Agony","floor":22.0},{"not_picked":["Tactician","Calculated Gamble"],"picked":"Deadly Poison+1","floor":24.0},{"not_picked":["Backflip+1","Flying Knee"],"picked":"Bullet Time","floor":27.0},{"not_picked":["Flying Knee","Flechettes"],"picked":"PiercingWail","floor":28.0}],"player_experience":441609,"relics_obtained":[{"floor":3.0,"key":"WingedGreaves"},{"floor":6.0,"key":"Bag of Preparation"},{"floor":14.0,"key":"Bag of Marbles"},{"floor":26.0,"key":"Snake Skull"},{"floor":27.0,"key":"Tough Bandages"},{"floor":27.0,"key":"Frozen Egg 2"},{"floor":30.0,"key":"Red Mask"}],"event_choices":[{"damage_healed":17.0,"max_hp_gain":0.0,"max_hp_loss":0.0,"gold_gain":0.0,"event_name":"The Cleric","player_choice":"Healed","floor":10.0,"gold_loss":35.0,"damage_taken":0.0},{"damage_healed":0.0,"max_hp_gain":0.0,"max_hp_loss":0.0,"gold_gain":0.0,"event_name":"Lab","player_choice":"Got Potions","floor":11.0,"gold_loss":0.0,"damage_taken":0.0},{"damage_healed":0.0,"max_hp_gain":0.0,"max_hp_loss":0.0,"gold_gain":0.0,"event_name":"The Library","player_choice":"Read","floor":20.0,"gold_loss":0.0,"damage_taken":0.0,"cards_obtained":["PiercingWail"]},{"damage_healed":0.0,"max_hp_gain":0.0,"max_hp_loss":0.0,"gold_gain":0.0,"event_name":"The Mausoleum","player_choice":"Ignored","floor":25.0,"gold_loss":0.0,"damage_taken":0.0},{"damage_healed":0.0,"max_hp_gain":0.0,"max_hp_loss":0.0,"gold_gain":0.0,"event_name":"Colosseum","player_choice":"Fight","floor":27.0,"gold_loss":0.0,"damage_taken":0.0},{"damage_healed":0.0,"max_hp_gain":0.0,"max_hp_loss":0.0,"gold_gain":0.0,"event_name":"Colosseum","player_choice":"Fought Nobs","floor":27.0,"gold_loss":0.0,"damage_taken":0.0},{"damage_healed":0.0,"max_hp_gain":0.0,"max_hp_loss":0.0,"gold_gain":0.0,"event_name":"Masked Bandits","player_choice":"Fought Bandits","floor":30.0,"gold_loss":0.0,"damage_taken":0.0}],"is_beta":false,"boss_relics":[{"not_picked":["WristBlade","Orrery"],"picked":"Pandora\u0027s Box"}],"items_purged_floors":[],"is_endless":false,"potions_floor_spawned":[6,12,13,18,24,28],"killed_by":"Collector","ascension_level":2}