{"gold_per_floor":[116,133,133,151,171,171,204,204,249,249,266,276,295,315,315,413,413,423,23,34,44,44,73,73,88,88,88,88,107,107],"floor_reached":30,"playtime":1848,"items_purged":[],"score":294,"play_id":"24b887ba-221c-40ab-b701-a66309e67a78","local_time":"20190507195547","is_ascension_mode":true,"campfire_choices":[{"data":"Combust","floor":6.0,"key":"SMITH"},{"floor":8.0,"key":"RECALL"},{"data":"Shrug It Off","floor":10.0,"key":"SMITH"},{"data":"Double Tap","floor":15.0,"key":"SMITH"},{"floor":28,"key":"REST"}],"neow_cost":"PERCENT_DAMAGE","seed_source_timestamp":0,"circlet_count":0,"master_deck":["Strike_R","Strike_R","Strike_R","Strike_R","Strike_R","Defend_R","Defend_R","Defend_R","Defend_R","Bash","True Grit","Combust+1","Thunderclap","Shrug It Off+1","Havoc","Flex","Inflame","Iron Wave","Double Tap+1","Impervious","Armaments","Apotheosis","Infernal Blade","Twin Strike","Fire Breathing","Sword Boomerang+1","Anger"],"special_seed":0,"relics":["Black Blood","Bottled Tornado","MealTicket","Boot","Shuriken"],"potions_floor_usage":[20,21,25,30],"damage_taken":[{"damage":5.0,"enemies":"Jaw Worm","floor":1.0,"turns":4.0},{"damage":0.0,"enemies":"Cultist","floor":2.0,"turns":4.0},{"damage":3.0,"enemies":"2 Louse","floor":4.0,"turns":3.0},{"damage":7.0,"enemies":"Blue Slaver","floor":5.0,"turns":5.0},{"damage":43.0,"enemies":"Gremlin Nob","floor":7.0,"turns":6.0},{"damage":3.0,"enemies":"3 Louse","floor":11.0,"turns":2.0},{"damage":11.0,"enemies":"2 Fungi Beasts","floor":12.0,"turns":3.0},{"damage":15.0,"enemies":"Gremlin Gang","floor":13.0,"turns":3.0},{"damage":0.0,"enemies":"Large Slime","floor":14.0,"turns":5.0},{"damage":43.0,"enemies":"Slime Boss","floor":16.0,"turns":10.0},{"damage":34.0,"enemies":"2 Thieves","floor":18.0,"turns":5.0},{"damage":27,"enemies":"Chosen","floor":20,"turns":5},{"damage":38,"enemies":"Centurion and Healer","floor":21,"turns":7},{"damage":45,"enemies":"Gremlin Leader","floor":23,"turns":5},{"damage":31,"enemies":"Chosen and Byrds","floor":25,"turns":6},{"damage":9,"enemies":"Snecko","floor":29,"turns":5},{"damage":47,"enemies":"Slavers","floor":30,"turns":3}],"seed_played":"6039277373171286521","potions_obtained":[{"floor":4.0,"key":"Weak Potion"},{"floor":5.0,"key":"Ancient Potion"},{"floor":11.0,"key":"Strength Potion"},{"floor":12.0,"key":"SteroidPotion"},{"floor":13.0,"key":"Regen Potion"},{"floor":18.0,"key":"SkillPotion"},{"floor":20,"key":"Energy Potion"},{"floor":23,"key":"Regen Potion"},{"floor":29,"key":"Strength Potion"}],"is_trial":false,"path_per_floor":["M","M","?","M","M","R","E","R","T","R","M","M","M","M","R","B",null,"M","$","M","M","?","E","?","M","T","?","R","M","E"],"character_chosen":"IRONCLAD","items_purchased":["Apotheosis","MealTicket"],"campfire_rested":1,"item_purchase_floors":[19,19],"current_hp_per_floor":[73,79,79,82,81,81,44,44,44,44,47,42,33,53,53,16,96,72,72,55,27,59,24,24,18,18,18,46,47,0],"gold":107,"neow_bonus":"TWENTY_PERCENT_HP_BONUS","is_prod":false,"is_daily":false,"chose_seed":false,"campfire_upgraded":3,"win_rate":0,"timestamp":1557273347,"path_taken":["M","M","?","M","M","R","E","R","T","R","M","M","M","?","R","BOSS","M","$","M","M","?","E","?","M","T","?","R","M","E"],"build_version":"2019-01-23","purchased_purges":0,"victory":false,"max_hp_per_floor":[96,96,96,96,96,96,96,96,96,96,96,96,96,96,96,96,96,96,96,96,96,96,96,96,96,96,96,96,96,96],"card_choices":[{"not_picked":["Pommel Strike","Clothesline"],"picked":"True Grit","floor":1.0},{"not_picked":["Shockwave","Body Slam"],"picked":"Combust","floor":2.0},{"not_picked":["Clash","Pummel"],"picked":"Thunderclap","floor":4.0},{"not_picked":["Combust","Seeing Red"],"picked":"Shrug It Off","floor":5.0},{"not_picked":["Cleave","Warcry"],"picked":"Havoc","floor":7.0},{"not_picked":["True Grit","Seeing Red"],"picked":"Flex","floor":11.0},{"not_picked":["Intimidate","Headbutt"],"picked":"Inflame","floor":12.0},{"not_picked":["Havoc","Pommel Strike"],"picked":"Iron Wave","floor":13.0},{"not_picked":["Warcry","Heavy Blade"],"picked":"Double Tap","floor":14.0},{"not_picked":["Feed","Barricade"],"picked":"Impervious","floor":16.0},{"not_picked":["Clash","Wild Strike"],"picked":"Armaments","floor":18.0},{"not_picked":["Twin Strike","Dropkick"],"picked":"Infernal Blade","floor":20},{"not_picked":["Headbutt+1","Thunderclap"],"picked":"Twin Strike","floor":21},{"not_picked":["Warcry","Havoc"],"picked":"Fire Breathing","floor":23},{"not_picked":["Uppercut","Exhume"],"picked":"Sword Boomerang+1","floor":25},{"not_picked":["Twin Strike","Clothesline"],"picked":"Anger","floor":29}],"player_experience":321078,"relics_obtained":[{"floor":7.0,"key":"Bottled Tornado"},{"floor":23,"key":"Boot"},{"floor":26,"key":"Shuriken"}],"event_choices":[{"damage_healed":0.0,"max_hp_gain":0.0,"max_hp_loss":0.0,"gold_gain":0.0,"event_name":"Purifier","player_choice":"Ignored","floor":3.0,"gold_loss":0.0,"damage_taken":0.0},{"damage_healed":32,"gold_gain":0,"player_choice":"Heal","damage_taken":0,"max_hp_gain":0,"max_hp_loss":0,"event_name":"The Library","floor":22,"gold_loss":0},{"damage_healed":0,"gold_gain":0,"player_choice":"Ignored","damage_taken":0,"max_hp_gain":0,"max_hp_loss":0,"event_name":"Beggar","floor":24,"gold_loss":0},{"damage_healed":0,"gold_gain":0,"player_choice":"Ignored","damage_taken":0,"max_hp_gain":0,"max_hp_loss":0,"event_name":"Ghosts","floor":27,"gold_loss":0}],"is_beta":false,"boss_relics":[{"not_picked":["Fusion Hammer","Ectoplasm"],"picked":"Black Blood"}],"items_purged_floors":[],"is_endless":false,"potions_floor_spawned":[4,5,11,12,13,18,20,23,29],"killed_by":"Slavers","ascension_level":1}