{"gold_per_floor":[119,119,119,119,132,165,178,202,273,40,71,89,89,107,107,231,231,220,220,48,63,82,82,115,115,115,149,149,109,150,163,163,292,292,313,313,327,38,59,59,90,90,90,133,133,152,152,76,76,76,76,76,76,116,116],"floor_reached":55,"playtime":4663,"items_purged":[],"score":883,"play_id":"996096a5-c88b-4f0d-b2c3-cb13fb16305b","local_time":"20190527165803","is_ascension_mode":true,"campfire_choices":[{"floor":15,"key":"REST"},{"floor":23,"key":"RECALL"},{"data":"Accuracy","floor":25,"key":"SMITH"},{"data":"Apotheosis","floor":28,"key":"SMITH"},{"floor":32,"key":"REST"},{"floor":40,"key":"REST"},{"data":"Adrenaline","floor":42,"key":"SMITH"},{"data":"Leg Sweep","floor":49,"key":"SMITH"},{"data":"Skewer","floor":52,"key":"SMITH"}],"neow_cost":"NONE","seed_source_timestamp":321299150812942,"circlet_count":0,"master_deck":["Survivor","Neutralize","Wraith Form v2","Sucker Punch","Dash","Footwork","Corpse Explosion","Venomology","Acrobatics","Distraction","Deflect","Infinite Blades+1","PiercingWail","Blade Dance","Crippling Poison","Poisoned Stab","Infinite Blades","Accuracy+1","Slice","Flying Knee","Dash","Venomology","Outmaneuver+1","Caltrops","Apotheosis+1","Cloak And Dagger+1","Backstab","Blade Dance","Cloak And Dagger+1","Leg Sweep+1","Adrenaline+1","Deflect+1","Riddle With Holes+1","Outmaneuver+1","Backflip+1","Deflect+1","Skewer+1"],"relics":["Pandora\u0027s Box","Golden Idol","Ice Cream","Ancient Tea Set","Art of War","Eternal Feather","WingedGreaves","Bag of Marbles","Pear","Smiling Mask","Black Star","StoneCalendar","Frozen Egg 2","Mummified Hand","Ornamental Fan","Happy Flower","Bird Faced Urn","Strawberry","Centennial Puzzle"],"potions_floor_usage":[6,6,6,8,11,11,14,16,18,21,21,22,22,24,27,31,31,31,33,33,33,33,37,37,39,39,39,39,41,41,41,50,50,54,54,54,55,55,55,55],"damage_taken":[{"damage":0,"enemies":"Jaw Worm","floor":1,"turns":4},{"damage":1,"enemies":"Small Slimes","floor":5,"turns":4},{"damage":28,"enemies":"Gremlin Nob","floor":6,"turns":6},{"damage":0,"enemies":"2 Louse","floor":7,"turns":3},{"damage":11,"enemies":"Lots of Slimes","floor":8,"turns":2},{"damage":24,"enemies":"3 Sentries","floor":11,"turns":4},{"damage":6,"enemies":"3 Louse","floor":12,"turns":3},{"damage":3,"enemies":"Exordium Thugs","floor":14,"turns":3},{"damage":7,"enemies":"Slime Boss","floor":16,"turns":9},{"damage":13,"enemies":"2 Thieves","floor":18,"turns":4},{"damage":6,"enemies":"Shell Parasite","floor":21,"turns":5},{"damage":13,"enemies":"Snake Plant","floor":22,"turns":5},{"damage":31,"enemies":"Slavers","floor":24,"turns":3},{"damage":11,"enemies":"Book of Stabbing","floor":27,"turns":5},{"damage":17,"enemies":"Slavers","floor":30,"turns":3},{"damage":12,"enemies":"Centurion and Healer","floor":31,"turns":5},{"damage":7,"enemies":"Collector","floor":33,"turns":8},{"damage":22,"enemies":"3 Darklings","floor":35,"turns":7},{"damage":11,"enemies":"Orb Walker","floor":37,"turns":3},{"damage":36,"enemies":"Spire Growth","floor":39,"turns":6},{"damage":1,"enemies":"Giant Head","floor":41,"turns":7},{"damage":0,"enemies":"Nemesis","floor":44,"turns":5},{"damage":5,"enemies":"4 Shapes","floor":46,"turns":5},{"damage":41,"enemies":"Donu and Deca","floor":50,"turns":7},{"damage":5,"enemies":"Shield and Spear","floor":54,"turns":6},{"damage":111,"enemies":"The Heart","floor":55,"turns":8}],"seed_played":"8775743610278219381","potions_obtained":[{"floor":6,"key":"SkillPotion"},{"floor":7,"key":"Strength Potion"},{"floor":12,"key":"AttackPotion"},{"floor":16,"key":"FearPotion"},{"floor":21,"key":"Dexterity Potion"},{"floor":31,"key":"Weak Potion"},{"floor":35,"key":"Poison Potion"},{"floor":39,"key":"LiquidBronze"},{"floor":47,"key":"FairyPotion"},{"floor":47,"key":"Energy Potion"},{"floor":47,"key":"Strength Potion"},{"floor":54,"key":"Swift Potion"}],"is_trial":false,"path_per_floor":["M","?","?","?","M","E","M","M","T","$","E","M","$","M","R","B",null,"M","?","$","M","M","R","E","R","T","E","R","?","E","M","R","B",null,"M","?","M","$","M","R","E","R","T","E","$","M","?","$","R","B",null,"R","$","E","B"],"character_chosen":"THE_SILENT","items_purchased":["Ancient Tea Set","Accuracy","Apotheosis","StoneCalendar","Skewer"],"campfire_rested":3,"item_purchase_floors":[10,10,20,38,48],"current_hp_per_floor":[70,70,70,70,69,52,52,41,41,41,17,11,11,8,29,22,70,57,57,57,51,47,62,31,46,46,45,60,60,43,31,73,66,80,58,58,47,47,11,53,52,70,70,70,70,73,73,73,80,45,80,80,80,87,0],"gold":116,"neow_bonus":"BOSS_RELIC","is_prod":false,"is_daily":false,"chose_seed":false,"campfire_upgraded":5,"win_rate":0,"timestamp":1558990683,"path_taken":["M","?","?","?","M","E","M","M","T","$","E","M","$","M","R","BOSS","M","?","$","M","M","R","E","R","T","E","R","?","E","?","R","BOSS","M","?","M","$","M","R","E","R","T","E","?","M","?","$","R","BOSS","R","$","E","BOSS"],"build_version":"2019-01-23","purchased_purges":0,"victory":false,"max_hp_per_floor":[70,70,70,70,70,70,70,70,70,70,70,70,70,70,70,70,70,70,70,70,70,70,70,70,70,70,80,80,80,80,80,80,80,80,80,80,80,80,80,80,80,80,80,80,80,80,80,80,80,80,80,80,80,87,87],"card_choices":[{"not_picked":["Underhanded Strike","Acrobatics"],"picked":"PiercingWail","floor":1},{"not_picked":["Flechettes","Outmaneuver"],"picked":"Blade Dance","floor":5},{"not_picked":["Dodge and Roll","Quick Slash"],"picked":"Crippling Poison","floor":6},{"not_picked":["Footwork","Bouncing Flask"],"picked":"Poisoned Stab","floor":7},{"not_picked":["Quick Slash","Reflex"],"picked":"Infinite Blades","floor":8},{"not_picked":["Predator","Skewer"],"picked":"Slice","floor":11},{"not_picked":["Outmaneuver","Poisoned Stab"],"picked":"Flying Knee","floor":12},{"not_picked":["Cloak And Dagger","Prepared"],"picked":"Dash","floor":14},{"not_picked":["Doppelganger","Tools of the Trade"],"picked":"Venomology","floor":16},{"not_picked":["Dagger Throw","Concentrate"],"picked":"Outmaneuver+1","floor":18},{"not_picked":["Riddle With Holes","Backflip+1"],"picked":"Cloak And Dagger+1","floor":21},{"not_picked":["Dagger Throw","Calculated Gamble","Flying Knee"],"picked":"SKIP","floor":22},{"not_picked":["Slice","Deflect+1"],"picked":"Backstab","floor":24},{"not_picked":["All Out Attack","Dagger Throw"],"picked":"Blade Dance","floor":27},{"not_picked":["Eviscerate+1","Malaise"],"picked":"Cloak And Dagger+1","floor":30},{"not_picked":["Bane","Blur"],"picked":"Leg Sweep","floor":31},{"not_picked":["Unload","Tools of the Trade"],"picked":"Adrenaline","floor":33},{"not_picked":["Prepared","Setup"],"picked":"Deflect+1","floor":35},{"not_picked":["Bane+1","Flying Knee"],"picked":"Riddle With Holes+1","floor":37},{"not_picked":["Calculated Gamble","Finisher","Footwork+1"],"picked":"SKIP","floor":39},{"not_picked":["Sucker Punch+1","Eviscerate"],"picked":"Outmaneuver+1","floor":41},{"not_picked":["Deadly Poison","Flying Knee"],"picked":"Backflip+1","floor":44},{"not_picked":["Bouncing Flask+1","Flying Knee"],"picked":"Deflect+1","floor":46},{"not_picked":["Sucker Punch","Grand Finale","Expertise+1"],"picked":"SKIP","floor":54}],"player_experience":387534,"relics_obtained":[{"floor":6,"key":"Ice Cream"},{"floor":11,"key":"Art of War"},{"floor":24,"key":"WingedGreaves"},{"floor":26,"key":"Bag of Marbles"},{"floor":27,"key":"Pear"},{"floor":30,"key":"Smiling Mask"},{"floor":41,"key":"Frozen Egg 2"},{"floor":41,"key":"Mummified Hand"},{"floor":43,"key":"Ornamental Fan"},{"floor":44,"key":"Happy Flower"},{"floor":44,"key":"Bird Faced Urn"},{"floor":54,"key":"Strawberry"},{"floor":54,"key":"Centennial Puzzle"}],"event_choices":[{"damage_healed":0,"gold_gain":0,"player_choice":"Take Wound","damage_taken":0,"relics_obtained":["Golden Idol"],"max_hp_gain":0,"max_hp_loss":0,"event_name":"Golden Idol","floor":2,"gold_loss":0,"cards_obtained":["Injury"]},{"cards_removed":["Injury"],"damage_healed":0,"gold_gain":0,"player_choice":"Forget","damage_taken":0,"max_hp_gain":0,"max_hp_loss":0,"event_name":"Living Wall","floor":3,"gold_loss":0},{"damage_healed":0,"gold_gain":0,"player_choice":"Leave","damage_taken":0,"max_hp_gain":0,"max_hp_loss":0,"event_name":"The Cleric","floor":4,"gold_loss":0},{"damage_healed":0,"gold_gain":0,"player_choice":"Read","damage_taken":0,"max_hp_gain":0,"max_hp_loss":0,"event_name":"The Library","floor":19,"gold_loss":0,"cards_obtained":["Caltrops"]},{"damage_healed":0,"gold_gain":0,"player_choice":"Upgrade","damage_taken":0,"max_hp_gain":0,"max_hp_loss":0,"event_name":"Designer","floor":29,"gold_loss":40,"cards_upgraded":["Infinite Blades"]},{"damage_healed":0,"gold_gain":0,"player_choice":"Ignored","damage_taken":0,"max_hp_gain":0,"max_hp_loss":0,"event_name":"SecretPortal","floor":36,"gold_loss":0},{"damage_healed":0,"gold_gain":0,"player_choice":"Got Potions","damage_taken":0,"max_hp_gain":0,"max_hp_loss":0,"event_name":"Lab","floor":47,"gold_loss":0}],"is_beta":false,"boss_relics":[{"not_picked":["Empty Cage","Busted Crown"],"picked":"Eternal Feather"},{"not_picked":["Runic Pyramid","Snecko Eye"],"picked":"Black Star"}],"items_purged_floors":[],"is_endless":false,"potions_floor_spawned":[6,7,12,16,21,31,35,39,54],"killed_by":"The Heart","ascension_level":1}