{"gold_per_floor":[109,109,109,132,182,182,197,221,246,246,264,280,295,309,309,404,404,419,444,389,410,1,1,26,26,26,26,49,64,24,24],"floor_reached":31,"playtime":1235,"items_purged":["Injury"],"score":454,"play_id":"ab20447b-0d28-4706-ac6f-5683ee658f08","local_time":"20190212232143","is_ascension_mode":true,"campfire_choices":[{"floor":6.0,"key":"REST"},{"data":"Sunder","floor":10.0,"key":"SMITH"},{"data":"Scrape","floor":15,"key":"SMITH"},{"floor":23,"key":"REST"},{"floor":25,"key":"REST"},{"data":"Coolheaded","floor":27,"key":"SMITH"}],"neow_cost":"PERCENT_DAMAGE","seed_source_timestamp":1243490836916523,"circlet_count":0,"master_deck":["AscendersBane","Strike_B+1","Strike_B","Strike_B","Strike_B","Defend_B","Defend_B","Defend_B","Defend_B","Zap","Dualcast","Rip and Tear+1","Cold Snap","Thunder Strike","Sunder+1","Chill","Go for the Eyes","Scrape+1","Go for the Eyes","Reboot","Blizzard+1","Gash","Coolheaded+1","Leap","Genetic Algorithm","Conserve Battery","All For One+1"],"special_seed":0,"relics":["Cracked Core","Nunchaku","Golden Idol","Bronze Scales","Inserter","Bag of Marbles","TheAbacus","Molten Egg 2"],"potions_floor_usage":[11,16,21,21,31,31],"damage_taken":[{"damage":2.0,"enemies":"Jaw Worm","floor":1.0,"turns":3.0},{"damage":2.0,"enemies":"2 Louse","floor":4.0,"turns":3.0},{"damage":0.0,"enemies":"Cultist","floor":7.0,"turns":2.0},{"damage":7.0,"enemies":"Exordium Wildlife","floor":8.0,"turns":3.0},{"damage":0,"enemies":"Exordium Thugs","floor":11,"turns":1},{"damage":5,"enemies":"Blue Slaver","floor":12,"turns":4},{"damage":0,"enemies":"Lots of Slimes","floor":13,"turns":3},{"damage":11,"enemies":"Exordium Thugs","floor":14,"turns":2},{"damage":14,"enemies":"The Guardian","floor":16,"turns":13},{"damage":1,"enemies":"3 Byrds","floor":18,"turns":2},{"damage":21,"enemies":"Shell Parasite","floor":19,"turns":4},{"damage":25,"enemies":"Shelled Parasite and Fungi","floor":21,"turns":6},{"damage":5,"enemies":"Chosen and Byrds","floor":24,"turns":5},{"damage":9,"enemies":"Centurion and Healer","floor":28,"turns":5},{"damage":34,"enemies":"Shelled Parasite and Fungi","floor":29,"turns":8},{"damage":6,"enemies":"Snake Plant","floor":31,"turns":2}],"seed_played":"-2405672010040424371","potions_obtained":[{"floor":4.0,"key":"SpeedPotion"},{"floor":7.0,"key":"FearPotion"},{"floor":14,"key":"SpeedPotion"},{"floor":18,"key":"EssenceOfSteel"},{"floor":19,"key":"Poison Potion"},{"floor":24,"key":"SteroidPotion"},{"floor":30,"key":"EssenceOfSteel"},{"floor":30,"key":"Swift Potion"}],"is_trial":false,"path_per_floor":["M","?","?","M","?","R","M","M","T","R","M","M","M","M","R","B",null,"M","M","?","M","$","R","M","R","T","R","M","M","?","M"],"character_chosen":"DEFECT","items_purchased":["TheAbacus","Coolheaded","Leap"],"campfire_rested":3,"item_purchase_floors":[22,22,22],"current_hp_per_floor":[44,44,23,21,21,42,42,35,35,35,35,30,30,19,19,5,55,54,33,33,8,8,29,24,45,45,45,36,2,2,0],"gold":24,"neow_bonus":"ONE_RARE_RELIC","is_prod":false,"is_daily":false,"chose_seed":false,"campfire_upgraded":3,"win_rate":0,"timestamp":1550031703,"path_taken":["M","?","?","M","?","R","M","M","T","R","M","?","M","M","R","BOSS","M","M","?","M","?","R","M","R","T","R","M","M","?","M"],"build_version":"2019-02-06","purchased_purges":1,"victory":false,"max_hp_per_floor":[71,71,71,71,71,71,71,71,71,71,71,71,71,71,71,71,71,71,71,71,71,71,71,71,71,71,71,71,71,71,71],"card_choices":[{"not_picked":["Compile Driver","Leap"],"picked":"Rip and Tear","floor":1.0},{"not_picked":["BootSequence","Conserve Battery"],"picked":"Cold Snap","floor":4.0},{"not_picked":["Go for the Eyes","Compile Driver"],"picked":"Thunder Strike","floor":7.0},{"not_picked":["Redo","Compile Driver"],"picked":"Sunder","floor":8.0},{"not_picked":["Steam","Storm"],"picked":"Chill","floor":11},{"not_picked":["Streamline","Meteor Strike"],"picked":"Go for the Eyes","floor":12},{"not_picked":["Leap","Consume"],"picked":"Scrape","floor":13},{"not_picked":["Rebound","Fusion"],"picked":"Go for the Eyes","floor":14},{"not_picked":["Buffer","Rainbow"],"picked":"Reboot","floor":16},{"not_picked":["Rebound","Redo","Lockon"],"picked":"SKIP","floor":18},{"not_picked":["Heatsinks","Leap"],"picked":"Blizzard+1","floor":19},{"not_picked":["Fusion","Streamline"],"picked":"Gash","floor":21},{"not_picked":["Doom and Gloom","Stack"],"picked":"Genetic Algorithm","floor":24},{"not_picked":["Hello World","Barrage+1"],"picked":"Conserve Battery","floor":28},{"not_picked":["Steam","Rebound+1"],"picked":"All For One+1","floor":29}],"player_experience":945174,"relics_obtained":[{"floor":9.0,"key":"Bronze Scales"},{"floor":26,"key":"Molten Egg 2"}],"event_choices":[{"damage_healed":0.0,"max_hp_gain":0.0,"max_hp_loss":0.0,"gold_gain":0.0,"event_name":"Golden Idol","player_choice":"Take Wound","floor":2.0,"gold_loss":0.0,"damage_taken":0.0,"relics_obtained":["Golden Idol"],"cards_obtained":["Injury"]},{"damage_healed":0.0,"max_hp_gain":0.0,"max_hp_loss":0.0,"gold_gain":0.0,"event_name":"Shining Light","player_choice":"Entered Light","floor":3.0,"gold_loss":0.0,"damage_taken":21.0,"cards_upgraded":["Rip and Tear","Strike_B"]},{"damage_healed":0.0,"max_hp_gain":0.0,"max_hp_loss":0.0,"gold_gain":50.0,"event_name":"Golden Shrine","player_choice":"Pray","floor":5.0,"gold_loss":0.0,"damage_taken":0.0},{"damage_healed":0,"gold_gain":0,"player_choice":"Paid Gold","damage_taken":0,"relics_obtained":["Bag of Marbles"],"max_hp_gain":0,"max_hp_loss":0,"event_name":"WeMeetAgain","floor":20,"gold_loss":55},{"damage_healed":0,"gold_gain":0,"player_choice":"Bought 3 Potions","damage_taken":0,"max_hp_gain":0,"max_hp_loss":0,"event_name":"The Woman in Blue","floor":30,"gold_loss":0}],"is_beta":true,"boss_relics":[{"not_picked":["Lizard Tail","Runic Pyramid"],"picked":"Inserter"}],"items_purged_floors":[22],"is_endless":false,"potions_floor_spawned":[4,7,8,14,18,19,24],"killed_by":"Snake Plant","ascension_level":19}