{"gold_per_floor":[114,289,289,289,306,335,335,350,350,378,397,397],"floor_reached":12,"playtime":441,"items_purged":[],"score":130,"play_id":"254a53c3-a0d5-4969-996b-c85abb988fe5","local_time":"20190703163645","is_ascension_mode":true,"campfire_choices":[{"floor":7.0,"key":"RECALL"}],"neow_cost":"NONE","seed_source_timestamp":0,"circlet_count":0,"master_deck":["Strike_B","Strike_B","Strike_B","Strike_B","Defend_B","Defend_B","Defend_B","Defend_B","Zap","Dualcast","Cold Snap","Self Repair","Lockon","Melter","Ball Lightning","Genetic Algorithm"],"special_seed":0,"relics":["Cracked Core","NeowsBlessing","Cables","Bottled Flame"],"potions_floor_usage":[],"damage_taken":[{"damage":0.0,"enemies":"Cultist","floor":1.0,"turns":1.0},{"damage":0.0,"enemies":"Jaw Worm","floor":5.0,"turns":1.0},{"damage":0.0,"enemies":"3 Sentries","floor":6.0,"turns":1.0},{"damage":10.0,"enemies":"2 Louse","floor":8.0,"turns":3.0},{"damage":34.0,"enemies":"Lagavulin","floor":10.0,"turns":6.0},{"damage":21,"enemies":"Exordium Wildlife","floor":11,"turns":4},{"damage":37,"enemies":"The Mushroom Lair","floor":12,"turns":3}],"seed_played":"4291928839927542945","potions_obtained":[{"floor":6.0,"key":"Ancient Potion"},{"floor":11,"key":"Strength Potion"}],"is_trial":false,"path_per_floor":["M","?","?","?","M","E","R","M","T","E","M","?"],"character_chosen":"DEFECT","items_purchased":[],"campfire_rested":0,"item_purchase_floors":[],"current_hp_per_floor":[75,75,75,80,80,80,80,77,77,50,36,0],"gold":397,"neow_bonus":"THREE_ENEMY_KILL","is_prod":false,"is_daily":false,"chose_seed":false,"campfire_upgraded":0,"win_rate":0,"timestamp":1562186205,"path_taken":["M","?","?","?","?","E","R","M","T","E","?","?"],"build_version":"2019-07-01","purchased_purges":0,"victory":false,"max_hp_per_floor":[75,75,75,80,80,80,80,80,80,80,80,80],"card_choices":[{"not_picked":["Compile Driver","Redo"],"picked":"Cold Snap","floor":1.0},{"not_picked":["Turbo","Scrape"],"picked":"Self Repair","floor":5.0},{"not_picked":["Recycle","Seek"],"picked":"Lockon","floor":6.0},{"not_picked":["Ball Lightning","Sweeping Beam"],"picked":"Melter","floor":8.0},{"not_picked":["Beam Cell","Steam"],"picked":"Ball Lightning","floor":10},{"not_picked":["Turbo","Chaos"],"picked":"Genetic Algorithm","floor":11}],"player_experience":524669,"relics_obtained":[{"floor":6.0,"key":"Cables"},{"floor":10,"key":"Bottled Flame"}],"event_choices":[{"damage_healed":0.0,"max_hp_gain":0.0,"max_hp_loss":0.0,"gold_gain":175.0,"event_name":"Liars Game","player_choice":"AGREE","floor":2.0,"gold_loss":0.0,"damage_taken":0.0,"cards_obtained":["Doubt"]},{"cards_removed":["Doubt"],"damage_healed":0.0,"max_hp_gain":0.0,"max_hp_loss":0.0,"gold_gain":0.0,"event_name":"Living Wall","player_choice":"Forget","floor":3.0,"gold_loss":0.0,"damage_taken":0.0},{"damage_healed":0.0,"max_hp_gain":5.0,"max_hp_loss":0.0,"gold_gain":0.0,"event_name":"Big Fish","player_choice":"Donut","floor":4.0,"gold_loss":0.0,"damage_taken":0.0},{"damage_healed":0,"gold_gain":0,"player_choice":"Fought Mushrooms","damage_taken":0,"max_hp_gain":0,"max_hp_loss":0,"event_name":"Mushrooms","floor":12,"gold_loss":0}],"is_beta":false,"boss_relics":[],"items_purged_floors":[],"is_endless":false,"potions_floor_spawned":[6,11],"killed_by":"The Mushroom Lair","ascension_level":3}