{"gold_per_floor":[17,17,192,192,38,38,67,80,103,134,134,114,74,85,85,183,183,200,220,233,233,233,233,266,266,315,327,339,368,413,444,456,569,581,606,618,630,652,684,726,738,750,815,80,80,93,104,121,121,121],"floor_reached":51,"playtime":3175,"items_purged":["Doubt"],"score":723,"play_id":"0d1b1c17-bcc6-4904-b789-eb591b9d9982","local_time":"20190622001510","is_ascension_mode":false,"campfire_choices":[{"data":"Defragment","floor":6,"key":"SMITH"},{"floor":15,"key":"REST"},{"data":"Buffer","floor":23,"key":"SMITH"},{"data":"Zap","floor":25,"key":"SMITH"},{"floor":32,"key":"REST"},{"data":"Madness","floor":41,"key":"SMITH"},{"data":"Sunder","floor":42,"key":"SMITH"},{"data":"Capacitor","floor":45,"key":"SMITH"},{"floor":49,"key":"REST"}],"neow_cost":"NO_GOLD","seed_source_timestamp":126866795196560,"circlet_count":0,"master_deck":["Strike_B+1","Strike_B+1","Strike_B+1","Strike_B+1","Defend_B+1","Defend_B+1","Defend_B+1","Defend_B+1","Zap+1","Dualcast+1","Storm","Defragment+1","Conserve Battery+1","Buffer+1","Storm","Ball Lightning+1","Self Repair","Ball Lightning+1","Sunder+1","Ball Lightning","Self Repair","Leap","Electrodynamics","Madness+1","PanicButton","Capacitor+1","Darkness","Capacitor+1","Barrage","Leap","Defragment+1","Redo+1"],"relics":["Cracked Core","Incense Burner","Potion Belt","WingedGreaves","Nuclear Battery","Pantograph","MawBank","Anchor","War Paint","Busted Crown","Dream Catcher","Bronze Scales","Orichalcum","Whetstone","Sling"],"potions_floor_usage":[7,7,18,18,20,29,33,33,33,40,50,50,50,50],"damage_taken":[{"damage":11,"enemies":"Jaw Worm","floor":1,"turns":3},{"damage":20,"enemies":"Gremlin Nob","floor":7,"turns":4},{"damage":7,"enemies":"2 Louse","floor":8,"turns":3},{"damage":5,"enemies":"Lagavulin","floor":10,"turns":6},{"damage":0,"enemies":"Cultist","floor":14,"turns":3},{"damage":19,"enemies":"The Guardian","floor":16,"turns":11},{"damage":0,"enemies":"Spheric Guardian","floor":18,"turns":3},{"damage":1,"enemies":"Chosen","floor":19,"turns":5},{"damage":16,"enemies":"3 Cultists","floor":20,"turns":5},{"damage":50,"enemies":"Gremlin Leader","floor":24,"turns":6},{"damage":16,"enemies":"Snake Plant","floor":29,"turns":4},{"damage":19,"enemies":"Slavers","floor":30,"turns":4},{"damage":6,"enemies":"Centurion and Healer","floor":31,"turns":6},{"damage":58,"enemies":"Automaton","floor":33,"turns":11},{"damage":0,"enemies":"Orb Walker","floor":35,"turns":3},{"damage":13,"enemies":"3 Darklings","floor":38,"turns":4},{"damage":0,"enemies":"Writhing Mass","floor":39,"turns":5},{"damage":41,"enemies":"Reptomancer","floor":40,"turns":7},{"damage":24,"enemies":"Spire Growth","floor":46,"turns":5},{"damage":2,"enemies":"Sphere and 2 Shapes","floor":47,"turns":3},{"damage":14,"enemies":"4 Shapes","floor":48,"turns":4},{"damage":24,"enemies":"Time Eater","floor":50,"turns":8}],"seed_played":"6936651067057354425","potions_obtained":[{"floor":1,"key":"EntropicBrew"},{"floor":7,"key":"GamblersBrew"},{"floor":12,"key":"FearPotion"},{"floor":16,"key":"AttackPotion"},{"floor":18,"key":"AttackPotion"},{"floor":24,"key":"Regen Potion"},{"floor":30,"key":"AttackPotion"},{"floor":31,"key":"Ancient Potion"},{"floor":38,"key":"SteroidPotion"},{"floor":39,"key":"FocusPotion"},{"floor":47,"key":"Block Potion"},{"floor":48,"key":"Strength Potion"}],"is_trial":false,"path_per_floor":["M","$","?","?","$","R","E","M","T","E","$","?","$","M","R","B",null,"M","M","M","?","?","R","E","R","T","$","?","M","E","M","R","B",null,"M","?","?","M","M","E","R","R","T","$","R","M","M","M","R","B",null],"character_chosen":"DEFECT","items_purchased":["Defragment","Storm","Orichalcum","Whetstone","Sling","Capacitor","Barrage","Leap","EssenceOfSteel"],"campfire_rested":3,"item_purchase_floors":[5,13,44,44,44,44,44,44,44],"current_hp_per_floor":[78,78,78,60,60,60,40,33,33,28,28,28,28,28,54,35,89,89,89,80,80,80,80,37,37,37,37,37,33,21,29,55,29,89,89,78,78,72,86,59,59,59,59,59,59,42,47,33,59,60],"gold":121,"neow_bonus":"TWENTY_PERCENT_HP_BONUS","is_prod":false,"is_daily":false,"chose_seed":false,"campfire_upgraded":6,"win_rate":0.0,"timestamp":1561180510,"path_taken":["M","$","?","?","$","R","E","?","T","E","?","?","$","M","R","BOSS","M","M","?","?","?","R","E","R","T","$","?","?","E","M","R","BOSS","M","?","?","M","?","E","R","R","T","$","R","M","M","M","R","BOSS"],"build_version":"2019-01-23","purchased_purges":1,"victory":true,"max_hp_per_floor":[89,89,89,89,89,89,89,89,89,89,89,89,89,89,89,89,89,89,89,89,89,89,89,89,89,89,89,89,89,89,89,89,89,89,89,89,89,89,89,89,89,89,89,89,89,89,89,89,89,89],"card_choices":[{"not_picked":["Steam","Hologram"],"picked":"Storm","floor":1},{"not_picked":["Heatsinks","Beam Cell","Sunder"],"picked":"SKIP","floor":7},{"not_picked":["Go for the Eyes","Stack"],"picked":"Conserve Battery","floor":8},{"not_picked":["Reboot","Stack"],"picked":"Buffer","floor":10},{"not_picked":["Hello World","Hologram"],"picked":"Ball Lightning","floor":14},{"not_picked":["Gash+1","Hologram+1"],"picked":"Self Repair","floor":18},{"not_picked":["Stack+1","Coolheaded","Skim"],"picked":"SKIP","floor":19},{"not_picked":["Streamline","Meteor Strike"],"picked":"Ball Lightning","floor":20},{"not_picked":["FTL","Chill"],"picked":"Sunder","floor":24},{"not_picked":["Stack","Scrape+1"],"picked":"Ball Lightning","floor":29},{"not_picked":["Coolheaded+1","Turbo"],"picked":"Self Repair","floor":30},{"not_picked":["Stack","Gash"],"picked":"Leap","floor":31},{"not_picked":["Meteor Strike","All For One"],"picked":"Electrodynamics","floor":33},{"not_picked":["Scrape"],"picked":"SKIP","floor":35},{"not_picked":[],"picked":"Capacitor+1","floor":38},{"not_picked":[],"picked":"Darkness","floor":39},{"not_picked":["Cold Snap+1"],"picked":"SKIP","floor":40},{"not_picked":[],"picked":"Defragment+1","floor":46},{"not_picked":[],"picked":"Redo+1","floor":47},{"not_picked":["Rebound"],"picked":"SKIP","floor":48}],"player_experience":74539,"relics_obtained":[{"floor":7,"key":"Incense Burner"},{"floor":9,"key":"Potion Belt"},{"floor":10,"key":"WingedGreaves"},{"floor":24,"key":"Pantograph"},{"floor":26,"key":"MawBank"},{"floor":30,"key":"War Paint"},{"floor":40,"key":"Dream Catcher"},{"floor":43,"key":"Bronze Scales"}],"event_choices":[{"damage_healed":0,"gold_gain":175,"player_choice":"AGREE","damage_taken":0,"max_hp_gain":0,"max_hp_loss":0,"event_name":"Liars Game","floor":3,"gold_loss":0,"cards_obtained":["Doubt"]},{"damage_healed":0,"gold_gain":0,"player_choice":"Entered Light","damage_taken":18,"max_hp_gain":0,"max_hp_loss":0,"event_name":"Shining Light","floor":4,"gold_loss":0,"cards_upgraded":["Strike_B","Defend_B"]},{"damage_healed":0,"gold_gain":0,"player_choice":"Bought 1 Potion","damage_taken":0,"max_hp_gain":0,"max_hp_loss":0,"event_name":"The Woman in Blue","floor":12,"gold_loss":0},{"damage_healed":0,"gold_gain":0,"player_choice":"Simplicity","damage_taken":0,"max_hp_gain":0,"max_hp_loss":0,"event_name":"Back to Basics","floor":21,"gold_loss":0,"cards_upgraded":["Strike_B","Strike_B","Strike_B","Defend_B","Defend_B","Defend_B"]},{"damage_healed":0,"gold_gain":0,"player_choice":"Ignored","damage_taken":0,"max_hp_gain":0,"max_hp_loss":0,"event_name":"Beggar","floor":22,"gold_loss":0},{"damage_healed":0,"gold_gain":0,"player_choice":"Gave Potion","damage_taken":0,"relics_obtained":["Anchor"],"max_hp_gain":0,"max_hp_loss":0,"event_name":"WeMeetAgain","floor":28,"gold_loss":0},{"damage_healed":0,"gold_gain":0,"player_choice":"Embrace Madness","damage_taken":11,"max_hp_gain":0,"max_hp_loss":0,"event_name":"Winding Halls","floor":36,"gold_loss":0,"cards_obtained":["Madness","Madness"]},{"damage_healed":0,"gold_gain":0,"cards_transformed":["Madness"],"player_choice":"Transformed","damage_taken":0,"max_hp_gain":0,"max_hp_loss":0,"event_name":"Transmorgrifier","floor":37,"gold_loss":0,"cards_obtained":["PanicButton"]}],"is_beta":false,"boss_relics":[{"not_picked":["Lizard Tail","Runic Pyramid"],"picked":"Nuclear Battery"},{"not_picked":["Sozu","Black Star"],"picked":"Busted Crown"}],"items_purged_floors":[5],"is_endless":false,"potions_floor_spawned":[1,7,16,18,24,30,31,38,39,47,48],"ascension_level":0}