{"gold_per_floor":[116,129,143,157,232,232,267,267,291,316,335,349,374,374,374,374],"floor_reached":16,"playtime":1342,"items_purged":[],"score":134,"play_id":"0b23c806-1b61-4f28-8633-d1f3bbfed144","local_time":"20190715102544","is_ascension_mode":true,"campfire_choices":[{"floor":6.0,"key":"REST"},{"floor":8.0,"key":"REST"},{"floor":15.0,"key":"REST"}],"neow_cost":"NONE","seed_source_timestamp":0,"circlet_count":0,"master_deck":["Strike_R","Strike_R","Strike_R","Strike_R","Strike_R","Defend_R","Defend_R","Defend_R","Defend_R","Bash","Berserk","Shrug It Off","Entrench","Rampage","Cleave","Armaments","Battle Trance","Anger"],"special_seed":0,"relics":["Burning Blood","PreservedInsect","Blood Vial","Oddly Smooth Stone","Smiling Mask"],"potions_floor_usage":[16],"damage_taken":[{"damage":11.0,"enemies":"Small Slimes","floor":1.0,"turns":5.0},{"damage":6.0,"enemies":"Cultist","floor":2.0,"turns":4.0},{"damage":20.0,"enemies":"Jaw Worm","floor":3.0,"turns":5.0},{"damage":16.0,"enemies":"3 Louse","floor":4.0,"turns":6.0},{"damage":49.0,"enemies":"3 Sentries","floor":7.0,"turns":11.0},{"damage":23.0,"enemies":"Gremlin Nob","floor":10.0,"turns":4.0},{"damage":1.0,"enemies":"Red Slaver","floor":11.0,"turns":5.0},{"damage":0.0,"enemies":"Looter","floor":12.0,"turns":4.0},{"damage":19.0,"enemies":"3 Sentries","floor":13.0,"turns":7.0},{"damage":63,"enemies":"Slime Boss","floor":16,"turns":12}],"seed_played":"8620418647703936107","potions_obtained":[{"floor":2.0,"key":"SpeedPotion"},{"floor":4.0,"key":"PowerPotion"},{"floor":7.0,"key":"Swift Potion"}],"is_trial":false,"path_per_floor":["M","M","M","M","?","R","E","R","T","E","M","M","E","?","R","B"],"character_chosen":"IRONCLAD","items_purchased":[],"campfire_rested":3,"item_purchase_floors":[],"current_hp_per_floor":[75,75,61,51,43,67,24,48,48,33,40,48,37,37,61,0],"gold":374,"neow_bonus":"ONE_RANDOM_RARE_CARD","is_prod":false,"is_daily":false,"chose_seed":false,"campfire_upgraded":0,"win_rate":0,"timestamp":1563204344,"path_taken":["M","M","M","M","?","R","E","R","T","E","M","?","E","?","R","BOSS"],"build_version":"2019-07-05","purchased_purges":0,"victory":false,"max_hp_per_floor":[80,80,80,80,80,80,80,80,80,80,80,80,80,80,80,80],"card_choices":[{"not_picked":["Perfected Strike","Entrench"],"picked":"Shrug It Off","floor":1.0},{"not_picked":["Clash","Corruption","Thunderclap"],"picked":"SKIP","floor":2.0},{"not_picked":["Flex","Carnage"],"picked":"Entrench","floor":3.0},{"not_picked":["Sentinel","Cleave"],"picked":"Rampage","floor":4.0},{"not_picked":["Reaper","Twin Strike"],"picked":"Cleave","floor":7.0},{"not_picked":["Power Through","Thunderclap"],"picked":"Armaments","floor":10.0},{"not_picked":["Dual Wield","Shrug It Off"],"picked":"Battle Trance","floor":11.0},{"not_picked":["Seeing Red","Pummel","Carnage"],"picked":"SKIP","floor":12.0},{"not_picked":["Exhume","Havoc"],"picked":"Anger","floor":13.0}],"player_experience":167882,"relics_obtained":[{"floor":7.0,"key":"PreservedInsect"},{"floor":9.0,"key":"Blood Vial"},{"floor":10.0,"key":"Oddly Smooth Stone"},{"floor":13.0,"key":"Smiling Mask"}],"event_choices":[{"damage_healed":0.0,"max_hp_gain":0.0,"max_hp_loss":0.0,"gold_gain":75.0,"event_name":"FaceTrader","player_choice":"Touch","floor":5.0,"gold_loss":0.0,"damage_taken":8.0},{"damage_healed":0.0,"max_hp_gain":0.0,"max_hp_loss":0.0,"gold_gain":0.0,"event_name":"Shining Light","player_choice":"Ignored","floor":14.0,"gold_loss":0.0,"damage_taken":0.0}],"is_beta":false,"boss_relics":[],"items_purged_floors":[],"is_endless":false,"potions_floor_spawned":[2,4,7],"killed_by":"Slime Boss","ascension_level":2}