{"gold_per_floor":[119,136,148,159,159,234,268,268,293,309,309,18,18,61,61,181,181,196,321,321,335,36,36,55,73,73,73,73,73,73,92,92,223,223,248,248,266,68,68,68,83,83],"floor_reached":42,"playtime":3004,"items_purged":[],"score":474,"play_id":"44424bcd-f7aa-4044-8505-8450bbbcb917","local_time":"20190530192439","is_ascension_mode":true,"campfire_choices":[{"floor":8.0,"key":"RECALL"},{"floor":15.0,"key":"REST"},{"floor":23.0,"key":"REST"},{"floor":30.0,"key":"REST"},{"data":"Whirlwind","floor":32.0,"key":"SMITH"},{"data":"Discovery","floor":40.0,"key":"SMITH"}],"neow_cost":"NONE","seed_source_timestamp":0,"circlet_count":0,"master_deck":["Bash","Anger+1","Cleave","Dropkick","Flex","Armaments","Heavy Blade","Injury","Perfected Strike","Sword Boomerang","Reaper","Sword Boomerang","Heavy Blade","Carnage","Anger","Headbutt","Barricade","Impervious","Feed","Armaments+1","Clothesline","Whirlwind+1","Feed","True Grit+1","Twin Strike+1","Flex","Pommel Strike+1","Reaper","Anger+1","Rampage","Discovery+1","Fire Breathing+1"],"special_seed":0,"relics":["Black Blood","Red Skull","Juzu Bracelet","Potion Belt","Bag of Marbles","Dream Catcher","Golden Idol","Regal Pillow","Pandora\u0027s Box","Magic Flower","Pear","Nilry\u0027s Codex","Toolbox","Darkstone Periapt","Anchor"],"potions_floor_usage":[41],"damage_taken":[{"damage":14.0,"enemies":"Small Slimes","floor":1.0,"turns":4.0},{"damage":1.0,"enemies":"Cultist","floor":2.0,"turns":3.0},{"damage":8.0,"enemies":"2 Louse","floor":3.0,"turns":2.0},{"damage":0.0,"enemies":"2 Fungi Beasts","floor":4.0,"turns":2.0},{"damage":41.0,"enemies":"Lagavulin","floor":7.0,"turns":8.0},{"damage":8.0,"enemies":"3 Louse","floor":10.0,"turns":2.0},{"damage":14.0,"enemies":"Gremlin Nob","floor":14.0,"turns":3.0},{"damage":76.0,"enemies":"Hexaghost","floor":16.0,"turns":9.0},{"damage":11.0,"enemies":"Spheric Guardian","floor":18.0,"turns":4.0},{"damage":17.0,"enemies":"Colosseum Slavers","floor":19.0,"turns":4.0},{"damage":57.0,"enemies":"Colosseum Nobs","floor":19.0,"turns":5.0},{"damage":28.0,"enemies":"Shell Parasite","floor":21.0,"turns":4.0},{"damage":36.0,"enemies":"Shelled Parasite and Fungi","floor":24.0,"turns":7.0},{"damage":30.0,"enemies":"Sentry and Sphere","floor":25.0,"turns":4.0},{"damage":4.0,"enemies":"Centurion and Healer","floor":29.0,"turns":3.0},{"damage":14.0,"enemies":"Chosen and Byrds","floor":31.0,"turns":6.0},{"damage":93.0,"enemies":"Champ","floor":33.0,"turns":13.0},{"damage":42.0,"enemies":"Orb Walker","floor":35.0,"turns":4.0},{"damage":39.0,"enemies":"3 Shapes","floor":37.0,"turns":4.0},{"damage":74,"enemies":"Jaw Worm Horde","floor":41,"turns":6},{"damage":75,"enemies":"Maw","floor":42,"turns":7}],"seed_played":"6996613894377978074","potions_obtained":[{"floor":1.0,"key":"Fire Potion"},{"floor":2.0,"key":"Regen Potion"},{"floor":3.0,"key":"Poison Potion"},{"floor":7.0,"key":"Poison Potion"},{"floor":16.0,"key":"LiquidBronze"},{"floor":19.0,"key":"GamblersBrew"},{"floor":21.0,"key":"Dexterity Potion"},{"floor":24.0,"key":"SkillPotion"},{"floor":31.0,"key":"SteroidPotion"},{"floor":33.0,"key":"Block Potion"}],"is_trial":false,"path_per_floor":["M","M","M","M","?","?","E","R","T","M","?","$","?","E","R","B",null,"M","?","?","M","$","R","M","M","T","?","T","M","R","M","R","B",null,"M","?","M","$","?","R","M","M"],"character_chosen":"IRONCLAD","items_purchased":["Bag of Marbles","Dream Catcher","Toolbox","EntropicBrew","Anchor","Fire Potion"],"campfire_rested":3,"item_purchase_floors":[12,12,22,22,38,38],"current_hp_per_floor":[80,85,83,88,88,80,59,59,59,57,57,57,57,49,88,18,88,83,49,33,25,25,70,43,22,22,22,22,63,101,96,96,17,101,85,85,86,86,86,86,50,0],"gold":83,"neow_bonus":"TEN_PERCENT_HP_BONUS","is_prod":false,"is_daily":false,"chose_seed":false,"campfire_upgraded":2,"win_rate":0,"timestamp":1559258679,"path_taken":["M","M","M","M","?","?","E","R","T","M","?","?","?","E","R","BOSS","M","?","?","M","$","R","M","M","T","?","?","M","R","M","R","BOSS","M","?","M","?","?","R","M","M"],"build_version":"2019-01-23","purchased_purges":0,"victory":false,"max_hp_per_floor":[88,88,88,88,88,88,88,88,88,88,88,88,88,88,88,88,88,88,101,101,101,101,101,101,101,101,101,101,101,101,101,101,101,101,101,101,104,104,104,104,107,107],"card_choices":[{"not_picked":["Havoc","Flex"],"picked":"Anger","floor":1.0},{"not_picked":["Sever Soul","Havoc"],"picked":"Cleave","floor":2.0},{"not_picked":["Warcry","Iron Wave"],"picked":"Dropkick","floor":3.0},{"not_picked":["Perfected Strike","Fiend Fire"],"picked":"Flex","floor":4.0},{"not_picked":["Warcry","Shrug It Off"],"picked":"Armaments","floor":7.0},{"not_picked":["Whirlwind","Feel No Pain"],"picked":"Heavy Blade","floor":10.0},{"not_picked":["Headbutt","Power Through"],"picked":"Perfected Strike","floor":14.0},{"not_picked":["Clothesline","Body Slam"],"picked":"Sword Boomerang","floor":15.0},{"not_picked":["Brutality","Fiend Fire"],"picked":"Reaper","floor":16.0},{"not_picked":["Headbutt","True Grit"],"picked":"Armaments+1","floor":18.0},{"not_picked":["Reckless Charge+1","Searing Blow"],"picked":"Clothesline","floor":19.0},{"not_picked":["Wild Strike","Body Slam"],"picked":"Whirlwind","floor":21.0},{"not_picked":["Havoc","Clash"],"picked":"Feed","floor":23.0},{"not_picked":["Corruption+1","Pommel Strike"],"picked":"True Grit+1","floor":24.0},{"not_picked":["Warcry","Intimidate"],"picked":"Twin Strike+1","floor":25.0},{"not_picked":["Rampage","Sever Soul"],"picked":"Flex","floor":30.0},{"not_picked":["Fire Breathing+1","Uppercut"],"picked":"Pommel Strike+1","floor":31.0},{"not_picked":["Offering","Dark Embrace"],"picked":"Reaper","floor":33.0},{"not_picked":["Sword Boomerang","Clothesline"],"picked":"Anger+1","floor":35.0},{"not_picked":["Blood for Blood+1","Rampage","Twin Strike"],"picked":"SKIP","floor":37.0},{"not_picked":["Blood for Blood+1","Twin Strike"],"picked":"Rampage","floor":37.0},{"not_picked":["Mayhem","Purity"],"picked":"Discovery","floor":39.0},{"not_picked":["Headbutt","Metallicize"],"picked":"Fire Breathing+1","floor":41}],"player_experience":400860,"relics_obtained":[{"floor":7.0,"key":"Red Skull"},{"floor":9.0,"key":"Juzu Bracelet"},{"floor":14.0,"key":"Regal Pillow"},{"floor":19.0,"key":"Magic Flower"},{"floor":19.0,"key":"Pear"},{"floor":20.0,"key":"Nilry\u0027s Codex"},{"floor":28.0,"key":"Darkstone Periapt"}],"event_choices":[{"damage_healed":0.0,"max_hp_gain":0.0,"max_hp_loss":0.0,"gold_gain":0.0,"event_name":"Living Wall","player_choice":"Grow","floor":5.0,"gold_loss":0.0,"damage_taken":0.0,"cards_upgraded":["Anger"]},{"damage_healed":0.0,"max_hp_gain":0.0,"max_hp_loss":0.0,"gold_gain":75.0,"event_name":"FaceTrader","player_choice":"Touch","floor":6.0,"gold_loss":0.0,"damage_taken":8.0},{"damage_healed":0.0,"max_hp_gain":0.0,"max_hp_loss":0.0,"gold_gain":0.0,"event_name":"WeMeetAgain","player_choice":"Gave Potion","floor":11.0,"gold_loss":0.0,"damage_taken":0.0,"relics_obtained":["Potion Belt"]},{"damage_healed":0.0,"max_hp_gain":0.0,"max_hp_loss":0.0,"gold_gain":0.0,"event_name":"Golden Idol","player_choice":"Take Wound","floor":13.0,"gold_loss":0.0,"damage_taken":0.0,"relics_obtained":["Golden Idol"],"cards_obtained":["Injury"]},{"damage_healed":0.0,"max_hp_gain":0.0,"max_hp_loss":0.0,"gold_gain":0.0,"event_name":"Colosseum","player_choice":"Fight","floor":19.0,"gold_loss":0.0,"damage_taken":0.0},{"damage_healed":0.0,"max_hp_gain":0.0,"max_hp_loss":0.0,"gold_gain":0.0,"event_name":"Colosseum","player_choice":"Fought Nobs","floor":19.0,"gold_loss":0.0,"damage_taken":0.0},{"damage_healed":0.0,"max_hp_gain":0.0,"max_hp_loss":0.0,"gold_gain":0.0,"event_name":"Cursed Tome","player_choice":"Obtained Book","floor":20.0,"gold_loss":0.0,"damage_taken":16.0},{"damage_healed":0.0,"max_hp_gain":0.0,"max_hp_loss":0.0,"gold_gain":0.0,"event_name":"The Mausoleum","player_choice":"Ignored","floor":27.0,"gold_loss":0.0,"damage_taken":0.0},{"cards_removed":["Dark Embrace"],"damage_healed":0.0,"max_hp_gain":0.0,"max_hp_loss":0.0,"gold_gain":0.0,"event_name":"Falling","player_choice":"Removed Power","floor":36.0,"gold_loss":0.0,"damage_taken":0.0},{"damage_healed":0.0,"max_hp_gain":0.0,"max_hp_loss":0.0,"gold_gain":0.0,"event_name":"SensoryStone","player_choice":"Memory 1","floor":39.0,"gold_loss":0.0,"damage_taken":0.0}],"is_beta":false,"boss_relics":[{"not_picked":["Orrery","Cursed Key"],"picked":"Pandora\u0027s Box"},{"not_picked":["Velvet Choker","Runic Dome"],"picked":"Black Blood"}],"items_purged_floors":[],"is_endless":false,"potions_floor_spawned":[1,2,3,7,16,19,21,24,31,33],"killed_by":"Maw","ascension_level":2}