{"gold_per_floor":[111,126,139,139,164,164,177,252,252,252,42,42,57,207,207,298,298,319,76,126,140,140,140],"floor_reached":23,"playtime":719,"items_purged":["Doubt"],"score":438,"play_id":"86508f51-6010-4d17-9b3d-252e6ca97296","local_time":"20190212210730","is_ascension_mode":true,"campfire_choices":[{"floor":6.0,"key":"REST"},{"floor":10.0,"key":"REST"},{"data":"Defragment","floor":15.0,"key":"SMITH"}],"neow_cost":"PERCENT_DAMAGE","seed_source_timestamp":1235997765425594,"circlet_count":0,"master_deck":["AscendersBane","Strike_B","Strike_B","Strike_B","Strike_B","Defend_B","Defend_B","Defend_B","Defend_B","Zap","Dualcast","Trip","Discovery","Compile Driver","Coolheaded","Go for the Eyes","Core Surge","Defragment+1","White Noise","Conserve Battery","Doom and Gloom","Electrodynamics","Static Discharge","Genetic Algorithm","Necronomicurse"],"special_seed":0,"relics":["Cracked Core","Golden Idol","Bronze Scales","Spirit Poop","Runic Pyramid","Juzu Bracelet","Necronomicon"],"potions_floor_usage":[16,18],"damage_taken":[{"damage":9.0,"enemies":"Jaw Worm","floor":1.0,"turns":4.0},{"damage":15.0,"enemies":"Small Slimes","floor":2.0,"turns":3.0},{"damage":1.0,"enemies":"Cultist","floor":3.0,"turns":4.0},{"damage":13.0,"enemies":"3 Louse","floor":5.0,"turns":4.0},{"damage":1.0,"enemies":"Looter","floor":7.0,"turns":2.0},{"damage":3.0,"enemies":"Exordium Thugs","floor":13.0,"turns":4.0},{"damage":0,"enemies":"Slime Boss","floor":16,"turns":8},{"damage":25,"enemies":"Shell Parasite","floor":18,"turns":4},{"damage":12,"enemies":"Chosen","floor":21,"turns":4},{"damage":4,"enemies":"Snake Plant","floor":23,"turns":2}],"seed_played":"4755862902353307705","potions_obtained":[{"floor":1.0,"key":"Block Potion"},{"floor":3.0,"key":"Poison Potion"},{"floor":16,"key":"Weak Potion"}],"is_trial":false,"path_per_floor":["M","M","M","?","M","R","M","?","T","R","$","?","M","?","R","B",null,"M","$","?","M","?","M"],"character_chosen":"DEFECT","items_purchased":["Defragment","White Noise","Conserve Battery","Juzu Bracelet"],"campfire_rested":2,"item_purchase_floors":[11,11,11,19],"current_hp_per_floor":[37,22,21,21,8,29,28,17,17,38,38,38,35,35,35,35,62,37,37,37,25,4,0],"gold":140,"neow_bonus":"RANDOM_COLORLESS_2","is_prod":false,"is_daily":false,"chose_seed":false,"campfire_upgraded":1,"win_rate":0,"timestamp":1550023650,"path_taken":["M","M","M","?","M","R","M","?","T","R","?","?","?","?","R","BOSS","M","$","?","M","?","M"],"build_version":"2019-02-06","purchased_purges":1,"victory":false,"max_hp_per_floor":[71,71,71,71,71,71,71,71,71,71,71,71,71,71,71,71,71,71,71,71,71,71,71],"card_choices":[{"not_picked":["Fusion","Hologram"],"picked":"Compile Driver","floor":1.0},{"not_picked":["Steam","Streamline","Gash"],"picked":"SKIP","floor":2.0},{"not_picked":["Ball Lightning","Stack"],"picked":"Coolheaded","floor":3.0},{"not_picked":["Redo","Doom and Gloom"],"picked":"Go for the Eyes","floor":5.0},{"not_picked":["Go for the Eyes","Melter"],"picked":"Core Surge","floor":7.0},{"not_picked":["Leap","Rebound"],"picked":"Doom and Gloom","floor":13.0},{"not_picked":["Seek","All For One"],"picked":"Electrodynamics","floor":16},{"not_picked":["Darkness","Fusion"],"picked":"Static Discharge","floor":18},{"not_picked":["Chaos","Rebound"],"picked":"Genetic Algorithm","floor":21}],"player_experience":940840,"relics_obtained":[{"floor":9.0,"key":"Bronze Scales"},{"floor":22,"key":"Necronomicon"}],"event_choices":[{"damage_healed":0.0,"max_hp_gain":0.0,"max_hp_loss":0.0,"gold_gain":0.0,"event_name":"Golden Idol","player_choice":"Take Wound","floor":4.0,"gold_loss":0.0,"damage_taken":0.0,"relics_obtained":["Golden Idol"],"cards_obtained":["Injury"]},{"damage_healed":0.0,"max_hp_gain":0.0,"max_hp_loss":0.0,"gold_gain":75.0,"event_name":"World of Goop","player_choice":"Gather Gold","floor":8.0,"gold_loss":0.0,"damage_taken":11.0},{"cards_removed":["Injury"],"damage_healed":0.0,"max_hp_gain":0.0,"max_hp_loss":0.0,"gold_gain":0.0,"event_name":"Bonfire Elementals","player_choice":"Offered Curse","floor":12.0,"gold_loss":0.0,"damage_taken":0.0,"relics_obtained":["Spirit Poop"]},{"damage_healed":0.0,"max_hp_gain":0.0,"max_hp_loss":0.0,"gold_gain":150.0,"event_name":"Liars Game","player_choice":"AGREE","floor":14.0,"gold_loss":0.0,"damage_taken":0.0,"cards_obtained":["Doubt"]},{"damage_healed":0,"gold_gain":50,"player_choice":"Stole From Cult","damage_taken":0,"max_hp_gain":0,"max_hp_loss":0,"event_name":"Nest","floor":20,"gold_loss":0},{"damage_healed":0,"gold_gain":0,"player_choice":"Obtained Book","damage_taken":21,"max_hp_gain":0,"max_hp_loss":0,"event_name":"Cursed Tome","floor":22,"gold_loss":0}],"is_beta":true,"boss_relics":[{"not_picked":["Ectoplasm","Lizard Tail"],"picked":"Runic Pyramid"}],"items_purged_floors":[19],"is_endless":false,"potions_floor_spawned":[1,3,16],"killed_by":"Snake Plant","ascension_level":18}