{"gold_per_floor":[109,129,148,148,166,193,193,193,216,242,266,278,316,125,125,226,226,244,262,262,262,262,262,276,304,360,5,15,49,49,80,80,80],"floor_reached":33,"playtime":3759,"items_purged":["Strike_G"],"score":355,"play_id":"70668655-c79d-44dd-98b1-2db80704353d","local_time":"20190720163409","is_ascension_mode":true,"campfire_choices":[{"floor":8,"key":"REST"},{"floor":15,"key":"REST"},{"floor":23,"key":"REST"},{"floor":32,"key":"REST"}],"neow_cost":"NONE","seed_source_timestamp":425907067184294,"circlet_count":0,"master_deck":["Strike_G","Strike_G","Strike_G","Defend_G","Defend_G","Defend_G","Defend_G","Defend_G","Survivor","Neutralize","Cloak And Dagger","Caltrops+1","Dagger Throw","Neutralize","Bullet Time","Adrenaline","Infinite Blades","Finisher","Backflip","Malaise","Quick Slash+1","Tactician","Well Laid Plans","Leg Sweep","Blade Dance","Backflip+1"],"relics":["Ring of the Snake","Snake Skull","Vajra","MawBank","Kunai","Lizard Tail","Enchiridion","Omamori","Tiny Chest","Lee\u0027s Waffle","Potion Belt","The Courier"],"potions_floor_usage":[6,10,13,16,25,25,29,33,33],"damage_taken":[{"damage":0,"enemies":"2 Louse","floor":1,"turns":2},{"damage":0,"enemies":"Small Slimes","floor":2,"turns":4},{"damage":0,"enemies":"Cultist","floor":3,"turns":5},{"damage":2,"enemies":"2 Fungi Beasts","floor":5,"turns":4},{"damage":39,"enemies":"3 Sentries","floor":6,"turns":14},{"damage":12,"enemies":"Gremlin Nob","floor":10,"turns":4},{"damage":2,"enemies":"Blue Slaver","floor":11,"turns":4},{"damage":27,"enemies":"3 Sentries","floor":13,"turns":7},{"damage":10,"enemies":"Hexaghost","floor":16,"turns":10},{"damage":12,"enemies":"Spheric Guardian","floor":18,"turns":4},{"damage":0,"enemies":"3 Byrds","floor":19,"turns":4},{"damage":19,"enemies":"Sentry and Sphere","floor":24,"turns":5},{"damage":3,"enemies":"Book of Stabbing","floor":25,"turns":6},{"damage":17,"enemies":"Centurion and Healer","floor":28,"turns":9},{"damage":33,"enemies":"Slavers","floor":29,"turns":8},{"damage":15,"enemies":"Gremlin Leader","floor":31,"turns":5},{"damage":89,"enemies":"Champ","floor":33,"turns":24}],"seed_played":"5939786958845342622","potions_obtained":[{"floor":1,"key":"Strength Potion"},{"floor":3,"key":"Dexterity Potion"},{"floor":5,"key":"PowerPotion"},{"floor":6,"key":"SpeedPotion"},{"floor":13,"key":"SmokeBomb"},{"floor":16,"key":"AttackPotion"},{"floor":19,"key":"Swift Potion"},{"floor":24,"key":"SteroidPotion"},{"floor":28,"key":"Energy Potion"},{"floor":31,"key":"EssenceOfSteel"}],"is_trial":false,"path_per_floor":["M","M","M","?","M","E","?","R","T","E","M","?","E","$","R","B",null,"M","M","?","?","?","R","M","E","T","$","M","E","$","E","R","B"],"character_chosen":"THE_SILENT","items_purchased":["Infinite Blades","Finisher","Backflip","Lee\u0027s Waffle","Leg Sweep"],"campfire_rested":4,"item_purchase_floors":[14,14,14,27,27],"current_hp_per_floor":[70,70,70,70,68,29,29,50,50,38,36,59,32,32,53,43,70,58,58,42,29,29,51,32,29,29,82,65,32,32,17,41,0],"gold":80,"neow_bonus":"THREE_CARDS","is_prod":false,"is_daily":false,"chose_seed":false,"campfire_upgraded":0,"win_rate":0,"timestamp":1563658449,"path_taken":["M","M","M","?","M","E","?","R","T","E","?","?","E","$","R","BOSS","M","M","?","?","?","R","?","E","T","?","M","E","$","E","R","BOSS"],"build_version":"2019-07-17","purchased_purges":1,"victory":false,"max_hp_per_floor":[70,70,70,70,70,70,70,70,70,70,70,70,70,70,70,70,70,70,70,70,75,75,75,75,75,75,82,82,82,82,82,82,82],"card_choices":[{"not_picked":["Tactician","PiercingWail"],"picked":"Cloak And Dagger","floor":0},{"not_picked":["Bane","Slice"],"picked":"Caltrops","floor":1},{"not_picked":["Reflex","Slice","Outmaneuver"],"picked":"SKIP","floor":2},{"not_picked":["Night Terror","Deadly Poison","Endless Agony"],"picked":"SKIP","floor":3},{"not_picked":["Cloak And Dagger","Dodge and Roll","Deadly Poison"],"picked":"SKIP","floor":5},{"not_picked":["Deflect","Blur"],"picked":"Dagger Throw","floor":6},{"not_picked":["Deflect","Finisher","Catalyst"],"picked":"SKIP","floor":10},{"not_picked":["Slice","Dagger Spray","Escape Plan"],"picked":"SKIP","floor":11},{"not_picked":["Well Laid Plans","Masterful Stab"],"picked":"Adrenaline","floor":13},{"not_picked":["Night Terror","Doppelganger"],"picked":"Malaise","floor":16},{"not_picked":["Prepared","Endless Agony","Riddle With Holes"],"picked":"SKIP","floor":18},{"not_picked":["Underhanded Strike","PiercingWail+1"],"picked":"Quick Slash+1","floor":19},{"not_picked":["Deadly Poison+1","Predator+1"],"picked":"Tactician","floor":24},{"not_picked":["Footwork+1","Underhanded Strike"],"picked":"Well Laid Plans","floor":25},{"not_picked":["Sucker Punch","Choke","Slice"],"picked":"SKIP","floor":28},{"not_picked":["Riddle With Holes","Blur"],"picked":"Blade Dance","floor":29},{"not_picked":["Poisoned Stab","Skewer+1"],"picked":"Backflip+1","floor":31}],"player_experience":204458,"relics_obtained":[{"floor":6,"key":"Snake Skull"},{"floor":9,"key":"Vajra"},{"floor":10,"key":"MawBank"},{"floor":13,"key":"Kunai"},{"floor":20,"key":"Enchiridion"},{"floor":25,"key":"Omamori"},{"floor":26,"key":"Tiny Chest"},{"floor":29,"key":"Potion Belt"},{"floor":31,"key":"The Courier"}],"event_choices":[{"damage_healed":0,"gold_gain":0,"player_choice":"Grow","damage_taken":0,"max_hp_gain":0,"max_hp_loss":0,"event_name":"Living Wall","floor":4,"gold_loss":0,"cards_upgraded":["Caltrops"]},{"damage_healed":0,"gold_gain":0,"player_choice":"2 cards matched","damage_taken":0,"max_hp_gain":0,"max_hp_loss":0,"event_name":"Match and Keep!","floor":7,"gold_loss":0,"cards_obtained":["Neutralize","Bullet Time"]},{"damage_healed":23,"gold_gain":0,"player_choice":"Banana","damage_taken":0,"max_hp_gain":0,"max_hp_loss":0,"event_name":"Big Fish","floor":12,"gold_loss":0},{"damage_healed":0,"gold_gain":0,"player_choice":"Obtained Book","damage_taken":16,"max_hp_gain":0,"max_hp_loss":0,"event_name":"Cursed Tome","floor":20,"gold_loss":0},{"damage_healed":0,"gold_gain":0,"player_choice":"Shed Blood","damage_taken":18,"max_hp_gain":5,"max_hp_loss":0,"event_name":"Forgotten Altar","floor":21,"gold_loss":0},{"cards_removed":["Strike_G"],"damage_healed":0,"gold_gain":0,"player_choice":"Purged","damage_taken":0,"max_hp_gain":0,"max_hp_loss":0,"event_name":"Purifier","floor":22,"gold_loss":0}],"is_beta":false,"boss_relics":[{"not_picked":["Astrolabe","Velvet Choker"],"picked":"Lizard Tail"}],"items_purged_floors":[27],"is_endless":false,"potions_floor_spawned":[1,3,5,6,13,16,19,24,28,31],"killed_by":"Champ","ascension_level":2}