{"gold_per_floor":[113,113,113,128,154,154,182,196,222,256,276,307,321,496,496,593,593,612,612,537,223,223,256,24,57,128,128,144,144,173,192,192,297,297,312,364,377,377,99,99,115,127,127,156,0,46,76,122,134,146],"floor_reached":51,"playtime":3459,"items_purged":["Strike_R","Strike_R"],"score":977,"play_id":"8108581d-a551-43df-8ae8-fee5c080c3bb","local_time":"20190707124747","is_ascension_mode":true,"campfire_choices":[{"data":"Uppercut","floor":6.0,"key":"SMITH"},{"data":"Metallicize","floor":15,"key":"SMITH"},{"data":"Inflame","floor":27,"key":"SMITH"},{"data":"Immolate","floor":32,"key":"SMITH"},{"data":"Inflame","floor":40,"key":"SMITH"},{"data":"Clothesline","floor":49,"key":"SMITH"}],"neow_cost":"NONE","seed_source_timestamp":0,"circlet_count":0,"master_deck":["Strike_R","Strike_R+1","Defend_R","Defend_R","Defend_R","Bash","Blind+1","Clothesline+1","Uppercut+1","Inflame+1","Flex+1","Immolate+1","Inflame+1","Metallicize+1","Exhume+1","Disarm+1","Madness+1","Intimidate+1","Thunderclap","Twin Strike+1","Iron Wave+1","Whirlwind+1","Iron Wave+1","Feed+1","Twin Strike+1","Twin Strike+1","Thunderclap+1","Armaments+1","Panacea+1","Rampage+1","Disarm+1","Carnage+1","Seeing Red+1","Burning Pact+1"],"special_seed":0,"relics":["Burning Blood","Toxic Egg 2","Strawberry","FossilizedHelix","Bag of Preparation","Orichalcum","Omamori","Sozu","MutagenicStrength","Bronze Scales","Boot","Potion Belt","HandDrill","Nunchaku","Molten Egg 2","Anchor","Blue Candle","Black Star","Pocketwatch","Frozen Egg 2","Pear","MawBank","Red Mask","Paper Frog","Thread and Needle","Centennial Puzzle","Vajra"],"potions_floor_usage":[50,50,50],"damage_taken":[{"damage":3.0,"enemies":"Small Slimes","floor":1.0,"turns":4.0},{"damage":0.0,"enemies":"2 Louse","floor":4.0,"turns":2.0},{"damage":25.0,"enemies":"Gremlin Nob","floor":7.0,"turns":5.0},{"damage":0,"enemies":"Jaw Worm","floor":8,"turns":2},{"damage":20,"enemies":"3 Sentries","floor":10,"turns":7},{"damage":0,"enemies":"Blue Slaver","floor":11,"turns":4},{"damage":7,"enemies":"Lagavulin","floor":12,"turns":5},{"damage":0,"enemies":"Large Slime","floor":13,"turns":4},{"damage":21,"enemies":"The Guardian","floor":16,"turns":9},{"damage":0,"enemies":"Spheric Guardian","floor":18,"turns":3},{"damage":26,"enemies":"Gremlin Leader","floor":23,"turns":5},{"damage":0,"enemies":"Book of Stabbing","floor":25,"turns":5},{"damage":0,"enemies":"2 Thieves","floor":28,"turns":3},{"damage":19,"enemies":"Slavers","floor":30,"turns":3},{"damage":0,"enemies":"Centurion and Healer","floor":31,"turns":4},{"damage":44,"enemies":"Champ","floor":33,"turns":9},{"damage":5,"enemies":"3 Shapes","floor":35,"turns":2},{"damage":16,"enemies":"2 Orb Walkers","floor":36,"turns":4},{"damage":0,"enemies":"Orb Walker","floor":37,"turns":2},{"damage":0,"enemies":"Writhing Mass","floor":41,"turns":2},{"damage":0,"enemies":"3 Darklings","floor":42,"turns":3},{"damage":0,"enemies":"Nemesis","floor":44,"turns":5},{"damage":21,"enemies":"Reptomancer","floor":46,"turns":4},{"damage":0,"enemies":"Transient","floor":47,"turns":5},{"damage":7,"enemies":"Giant Head","floor":48,"turns":7},{"damage":14,"enemies":"Donu and Deca","floor":50,"turns":6}],"seed_played":"-314432610679792929","potions_obtained":[{"floor":1.0,"key":"FairyPotion"},{"floor":7.0,"key":"Dexterity Potion"},{"floor":8,"key":"Strength Potion"},{"floor":13,"key":"Weak Potion"}],"is_trial":false,"path_per_floor":["M","?","?","M","T","R","E","M","T","E","M","E","M","?","R","B",null,"M","?","?","$","?","E","$","E","T","R","M","?","E","M","R","B",null,"M","?","M","?","$","R","M","M","T","E","?","E","M","E","R","B",null],"character_chosen":"IRONCLAD","items_purchased":["Bronze Scales","Madness+1","HandDrill","Thunderclap","Armaments+1","Panacea+1","Rampage+1"],"campfire_rested":0,"item_purchase_floors":[21,21,24,24,39,39,39],"current_hp_per_floor":[80,55,39,45,52,52,33,39,39,25,31,30,36,36,36,21,87,87,87,87,87,87,67,67,73,73,73,79,79,66,72,72,34,87,87,77,83,83,83,83,91,95,95,105,105,90,96,95,95,87],"gold":158,"neow_bonus":"RANDOM_COLORLESS","is_prod":false,"is_daily":false,"chose_seed":false,"campfire_upgraded":6,"win_rate":0,"timestamp":1562518067,"path_taken":["M","?","?","M","?","R","E","?","T","E","M","E","M","?","R","BOSS","M","?","?","$","?","E","?","E","T","R","M","?","E","M","R","BOSS","M","?","M","?","$","R","M","M","T","E","?","E","M","E","R","BOSS"],"build_version":"2019-07-05","purchased_purges":2,"victory":true,"max_hp_per_floor":[80,80,80,80,87,87,87,87,87,87,87,87,87,87,87,87,87,87,87,87,87,87,87,87,87,87,87,87,87,87,87,87,87,87,87,87,87,87,87,87,91,95,95,105,105,105,105,105,105,105],"card_choices":[{"not_picked":["Sever Soul","Shrug It Off"],"picked":"Clothesline","floor":1.0},{"not_picked":["Second Wind+1","Warcry+1"],"picked":"Uppercut","floor":4.0},{"not_picked":["Intimidate+1","Juggernaut"],"picked":"Inflame","floor":7.0},{"not_picked":["Perfected Strike","Body Slam"],"picked":"Flex+1","floor":8},{"not_picked":["Anger","Shrug It Off+1"],"picked":"Immolate","floor":10},{"not_picked":["Sword Boomerang","Entrench+1"],"picked":"Inflame","floor":11},{"not_picked":["Inflame","Blood for Blood"],"picked":"Metallicize","floor":12},{"not_picked":["Clothesline","Wild Strike","Twin Strike"],"picked":"SKIP","floor":13},{"not_picked":["Brutality","Juggernaut"],"picked":"Exhume+1","floor":16},{"not_picked":["Headbutt+1","Thunderclap+1"],"picked":"Disarm+1","floor":18},{"not_picked":["Iron Wave","Uppercut"],"picked":"Intimidate+1","floor":23},{"not_picked":["Anger","Flex+1"],"picked":"Twin Strike+1","floor":25},{"not_picked":["Clash+1","Shrug It Off+1"],"picked":"Iron Wave+1","floor":28},{"not_picked":["Havoc+1","Sentinel+1"],"picked":"Whirlwind+1","floor":30},{"not_picked":["Perfected Strike+1","Warcry+1"],"picked":"Iron Wave+1","floor":31},{"not_picked":["Exhume+1","Demon Form"],"picked":"Feed+1","floor":33},{"not_picked":["Thunderclap+1","Perfected Strike+1"],"picked":"Twin Strike+1","floor":35},{"not_picked":["Havoc+1","Entrench+1"],"picked":"Twin Strike+1","floor":36},{"not_picked":["Flex+1","Ghostly Armor+1"],"picked":"Thunderclap+1","floor":37},{"not_picked":["Havoc+1","Perfected Strike+1","Clash+1"],"picked":"SKIP","floor":41},{"not_picked":["Blood for Blood+1","Headbutt+1"],"picked":"Disarm+1","floor":42},{"not_picked":["Bloodletting+1","Havoc+1"],"picked":"Carnage+1","floor":44},{"not_picked":["Searing Blow+1","Rupture+1","Thunderclap+1"],"picked":"SKIP","floor":46},{"not_picked":["Clash+1","Shrug It Off+1"],"picked":"Seeing Red+1","floor":47},{"not_picked":["True Grit+1","Twin Strike+1"],"picked":"Burning Pact+1","floor":48}],"player_experience":581688,"relics_obtained":[{"floor":5.0,"key":"Strawberry"},{"floor":7.0,"key":"FossilizedHelix"},{"floor":9,"key":"Bag of Preparation"},{"floor":10,"key":"Orichalcum"},{"floor":12,"key":"Omamori"},{"floor":23,"key":"Potion Belt"},{"floor":25,"key":"Nunchaku"},{"floor":26,"key":"Molten Egg 2"},{"floor":30,"key":"Blue Candle"},{"floor":36,"key":"Pocketwatch"},{"floor":43,"key":"Frozen Egg 2"},{"floor":44,"key":"Pear"},{"floor":44,"key":"MawBank"},{"floor":46,"key":"Paper Frog"},{"floor":46,"key":"Thread and Needle"},{"floor":48,"key":"Centennial Puzzle"},{"floor":48,"key":"Vajra"}],"event_choices":[{"damage_healed":0.0,"max_hp_gain":0.0,"max_hp_loss":0.0,"gold_gain":0.0,"event_name":"Scrap Ooze","player_choice":"Success","floor":2.0,"gold_loss":0.0,"damage_taken":25.0,"relics_obtained":["Toxic Egg 2"]},{"damage_healed":0.0,"max_hp_gain":0.0,"max_hp_loss":0.0,"gold_gain":0.0,"event_name":"Shining Light","player_choice":"Entered Light","floor":3.0,"gold_loss":0.0,"damage_taken":16.0,"cards_upgraded":["Blind","Strike_R"]},{"damage_healed":0,"gold_gain":175,"player_choice":"AGREE","damage_taken":0,"max_hp_gain":0,"max_hp_loss":0,"event_name":"Liars Game","floor":14,"gold_loss":0,"cards_obtained":["Doubt"]},{"damage_healed":0,"gold_gain":0,"player_choice":"Inject Mutagens","damage_taken":0,"relics_obtained":["MutagenicStrength"],"max_hp_gain":0,"max_hp_loss":0,"event_name":"Drug Dealer","floor":19,"gold_loss":0},{"cards_removed":["Strike_R"],"damage_healed":0,"gold_gain":0,"player_choice":"Gave Gold","damage_taken":0,"max_hp_gain":0,"max_hp_loss":0,"event_name":"Beggar","floor":20,"gold_loss":75},{"damage_healed":0,"gold_gain":0,"player_choice":"Opened","damage_taken":0,"relics_obtained":["Boot"],"max_hp_gain":0,"max_hp_loss":0,"event_name":"The Mausoleum","floor":22,"gold_loss":0},{"damage_healed":0,"gold_gain":0,"player_choice":"Stole Relic","damage_taken":0,"relics_obtained":["Anchor"],"max_hp_gain":0,"max_hp_loss":0,"event_name":"Addict","floor":29,"gold_loss":0,"cards_obtained":["Shame"]},{"damage_healed":0,"gold_gain":0,"player_choice":"Fight","damage_taken":0,"max_hp_gain":0,"max_hp_loss":0,"event_name":"Mysterious Sphere","floor":36,"gold_loss":0},{"cards_removed":["Defend_R"],"damage_healed":0,"gold_gain":0,"player_choice":"Removed Skill","damage_taken":0,"max_hp_gain":0,"max_hp_loss":0,"event_name":"Falling","floor":38,"gold_loss":0},{"damage_healed":0,"gold_gain":0,"player_choice":"Paid","damage_taken":0,"relics_obtained":["Red Mask"],"max_hp_gain":0,"max_hp_loss":0,"event_name":"Tomb of Lord Red Mask","floor":45,"gold_loss":168}],"is_beta":false,"boss_relics":[{"not_picked":["Orrery","Snecko Eye"],"picked":"Sozu"},{"not_picked":["White Beast Statue","Philosopher\u0027s Stone"],"picked":"Black Star"}],"items_purged_floors":[21,39],"is_endless":false,"potions_floor_spawned":[1,7,8,13,16,25,28,30,41,46,47,48],"ascension_level":1}