{"gold_per_floor":[113,113,132,151,165,196,209,209,260,288,307,41,54,73,73,168,168,93,108,108,123,44,44,57,68,121,121,139,150,150],"floor_reached":30,"playtime":3666,"items_purged":[],"score":248,"play_id":"e41429ad-0072-4661-b928-3d626390f033","local_time":"20190123212547","is_ascension_mode":false,"campfire_choices":[{"floor":8.0,"key":"REST"},{"floor":15.0,"key":"REST"},{"floor":23.0,"key":"REST"},{"floor":27.0,"key":"REST"}],"neow_cost":"NONE","seed_source_timestamp":0,"circlet_count":0,"master_deck":["Defend_G","Defend_G","Defend_G","Defend_G","Defend_G","Strike_G","Strike_G","Strike_G","Strike_G","Strike_G","Survivor","Neutralize","Bouncing Flask","Dash","Distraction","Flying Knee","Deflect","Bane","Outmaneuver+1","After Image","Poisoned Stab","Noxious Fumes","Reflex+1","Leg Sweep+1","Die Die Die","Prepared+1","Dagger Spray","Noxious Fumes","Catalyst+1","Tactician+1","Quick Slash+1","All Out Attack+1","Backflip+1"],"special_seed":0,"relics":["Ring of the Snake","Omamori","Boot","Toxic Egg 2","Blood Vial","White Beast Statue","Snake Skull","Bag of Marbles"],"potions_floor_usage":[28,29,30,30],"damage_taken":[{"damage":0.0,"enemies":"Small Slimes","floor":1.0,"turns":3.0},{"damage":0.0,"enemies":"Cultist","floor":3.0,"turns":3.0},{"damage":0.0,"enemies":"2 Louse","floor":4.0,"turns":4.0},{"damage":18.0,"enemies":"Gremlin Gang","floor":5.0,"turns":8.0},{"damage":23.0,"enemies":"Gremlin Nob","floor":6.0,"turns":6.0},{"damage":3.0,"enemies":"Red Slaver","floor":7.0,"turns":4.0},{"damage":14.0,"enemies":"Lagavulin","floor":10.0,"turns":6.0},{"damage":6.0,"enemies":"3 Louse","floor":11.0,"turns":4.0},{"damage":1.0,"enemies":"Blue Slaver","floor":13.0,"turns":4.0},{"damage":0.0,"enemies":"Large Slime","floor":14.0,"turns":5.0},{"damage":1.0,"enemies":"Slime Boss","floor":16.0,"turns":12.0},{"damage":12.0,"enemies":"2 Thieves","floor":18.0,"turns":5.0},{"damage":14.0,"enemies":"Chosen","floor":19.0,"turns":7.0},{"damage":28.0,"enemies":"Sentry and Sphere","floor":21.0,"turns":8.0},{"damage":21.0,"enemies":"Snecko","floor":24.0,"turns":6.0},{"damage":7.0,"enemies":"Centurion and Healer","floor":25.0,"turns":5.0},{"damage":21,"enemies":"Sentry and Sphere","floor":28,"turns":5},{"damage":27,"enemies":"3 Cultists","floor":29,"turns":6},{"damage":8,"enemies":"Snake Plant","floor":30,"turns":2}],"seed_played":"3432560165668946480","potions_obtained":[{"floor":4.0,"key":"Poison Potion"},{"floor":6.0,"key":"SkillPotion"},{"floor":7.0,"key":"Weak Potion"},{"floor":14.0,"key":"Fire Potion"},{"floor":18.0,"key":"AttackPotion"},{"floor":19.0,"key":"Weak Potion"},{"floor":21.0,"key":"Ancient Potion"},{"floor":24.0,"key":"FearPotion"},{"floor":25.0,"key":"Block Potion"},{"floor":28,"key":"Fruit Juice"},{"floor":29,"key":"PowerPotion"}],"is_trial":false,"path_per_floor":["M","?","M","M","M","E","M","R","T","E","M","$","M","M","R","B",null,"M","M","?","M","$","R","M","M","T","R","M","M","M"],"character_chosen":"THE_SILENT","items_purchased":["Blood Vial","Poisoned Stab","Noxious Fumes","Catalyst+1"],"campfire_rested":4,"item_purchase_floors":[12,12,12,22],"current_hp_per_floor":[70,70,75,75,57,34,31,53,53,39,33,33,34,36,58,59,75,63,51,51,25,25,47,28,23,23,45,26,6,0],"gold":150,"neow_bonus":"THREE_SMALL_POTIONS","is_prod":false,"is_daily":false,"chose_seed":false,"campfire_upgraded":0,"win_rate":0.0,"timestamp":1548296747,"path_taken":["M","?","M","M","M","E","?","R","T","E","M","?","M","M","R","BOSS","M","M","?","M","$","R","M","?","T","R","M","M","M"],"build_version":"2019-01-23","purchased_purges":0,"victory":false,"max_hp_per_floor":[70,70,75,75,75,75,75,75,75,75,75,75,75,75,75,75,75,75,75,75,75,75,75,75,75,75,75,75,80,80],"card_choices":[{"not_picked":["Skewer","Poisoned Stab"],"picked":"Bouncing Flask","floor":1.0},{"not_picked":["Well Laid Plans","Infinite Blades"],"picked":"Dash","floor":3.0},{"not_picked":["Bouncing Flask","Blur"],"picked":"Distraction","floor":4.0},{"not_picked":["Tactician","Underhanded Strike"],"picked":"Flying Knee","floor":5.0},{"not_picked":["Infinite Blades","Prepared"],"picked":"Deflect","floor":6.0},{"not_picked":["Quick Slash","Backflip"],"picked":"Bane","floor":7.0},{"not_picked":["Blur","Dodge and Roll"],"picked":"Outmaneuver","floor":10.0},{"not_picked":["Prepared+1","Flying Knee"],"picked":"After Image","floor":11.0},{"not_picked":["Acrobatics+1","Blade Dance+1"],"picked":"Reflex+1","floor":13.0},{"not_picked":["Sucker Punch","Cloak And Dagger+1"],"picked":"Leg Sweep+1","floor":14.0},{"not_picked":["A Thousand Cuts","Venomology+1"],"picked":"Die Die Die","floor":16.0},{"not_picked":["Leg Sweep+1","Reflex+1"],"picked":"Prepared+1","floor":18.0},{"not_picked":["Riddle With Holes","Blade Dance+1"],"picked":"Dagger Spray","floor":19.0},{"not_picked":["Skewer","Poisoned Stab"],"picked":"Noxious Fumes","floor":21.0},{"not_picked":["Escape Plan+1","Riddle With Holes"],"picked":"Tactician+1","floor":24.0},{"not_picked":["Expertise+1","Underhanded Strike"],"picked":"Quick Slash+1","floor":25.0},{"not_picked":["Blade Dance+1","Endless Agony"],"picked":"All Out Attack+1","floor":28},{"not_picked":["All Out Attack","Flechettes"],"picked":"Backflip+1","floor":29}],"player_experience":159336,"relics_obtained":[{"floor":6.0,"key":"Omamori"},{"floor":9.0,"key":"Boot"},{"floor":10.0,"key":"Toxic Egg 2"},{"floor":26.0,"key":"Bag of Marbles"}],"event_choices":[{"event_name":"The Woman in Blue","player_choice":"Bought 0 Potions","floor":2.0,"damage_taken":0.0},{"event_name":"The Mausoleum","player_choice":"Yes","floor":20.0,"damage_taken":0.0}],"is_beta":false,"boss_relics":[{"not_picked":["Snecko Eye","WristBlade"],"picked":"White Beast Statue"}],"items_purged_floors":[],"is_endless":false,"potions_floor_spawned":[1,4,6,7,11,14,18,19,21,24,25,28,29],"killed_by":"Snake Plant","ascension_level":0}