{"gold_per_floor":[117,117,128,143,220,220,253,253,253,285,285,301,301,332,332,455,455,476,476,391,67,67,67],"floor_reached":23,"playtime":736,"items_purged":["Injury"],"score":328,"play_id":"4d25a570-4ece-4617-a926-00a0f54cd0aa","local_time":"20190707221331","is_ascension_mode":true,"campfire_choices":[{"data":"Perfected Strike","floor":6,"key":"SMITH"},{"data":"Uppercut","floor":8,"key":"SMITH"},{"floor":15,"key":"DIG"}],"neow_cost":"NONE","seed_source_timestamp":1040059114674800,"circlet_count":0,"master_deck":["AscendersBane","Strike_R","Strike_R","Strike_R","Strike_R","Strike_R","Defend_R","Defend_R","Defend_R","Defend_R","Anger","Carnage","Perfected Strike+1","Uppercut+1","Warcry","Disarm","Flex","Feel No Pain","Immolate+1","Pommel Strike+1","Anger+1","Twin Strike+1"],"relics":["Burning Blood","NeowsBlessing","Bird Faced Urn","Shovel","Kunai","Bloody Idol","Molten Egg 2","Mercury Hourglass","Mark of Pain","Ancient Tea Set","Red Skull"],"potions_floor_usage":[7,7,10,14,18],"damage_taken":[{"damage":0,"enemies":"2 Louse","floor":1,"turns":1},{"damage":0,"enemies":"Cultist","floor":3,"turns":1},{"damage":0,"enemies":"Small Slimes","floor":4,"turns":2},{"damage":24,"enemies":"Gremlin Nob","floor":7,"turns":5},{"damage":35,"enemies":"3 Sentries","floor":10,"turns":6},{"damage":7,"enemies":"3 Louse","floor":12,"turns":3},{"damage":23,"enemies":"Gremlin Nob","floor":14,"turns":4},{"damage":13,"enemies":"Hexaghost","floor":16,"turns":11},{"damage":22,"enemies":"Shell Parasite","floor":18,"turns":3},{"damage":54,"enemies":"Book of Stabbing","floor":23,"turns":4}],"seed_played":"-3831724119605158010","potions_obtained":[{"floor":2,"key":"LiquidBronze"},{"floor":2,"key":"Block Potion"},{"floor":7,"key":"LiquidBronze"},{"floor":10,"key":"PowerPotion"},{"floor":16,"key":"Poison Potion"}],"is_trial":false,"path_per_floor":["M","?","M","M","?","R","E","R","T","E","?","M","?","E","R","B",null,"M","?","?","$","?","E"],"character_chosen":"IRONCLAD","items_purchased":["Red Skull","Anger+1","Twin Strike+1"],"campfire_rested":0,"item_purchase_floors":[21,21,21],"current_hp_per_floor":[78,78,80,80,80,80,62,62,62,33,33,32,32,17,17,12,63,49,49,49,49,49,0],"gold":67,"neow_bonus":"THREE_ENEMY_KILL","is_prod":false,"is_daily":false,"chose_seed":false,"campfire_upgraded":2,"win_rate":0,"timestamp":1562552011,"path_taken":["M","?","?","M","?","R","E","R","T","E","?","M","?","E","R","BOSS","M","?","?","$","?","E"],"build_version":"2019-07-05","purchased_purges":1,"victory":false,"max_hp_per_floor":[80,80,80,80,80,80,80,80,80,80,80,80,80,80,80,80,80,80,80,80,80,80,80],"card_choices":[{"not_picked":["Sever Soul","Armaments"],"picked":"Anger","floor":1},{"not_picked":["Corruption","Pommel Strike"],"picked":"Carnage","floor":3},{"not_picked":["Iron Wave","Sentinel"],"picked":"Perfected Strike","floor":4},{"not_picked":["Twin Strike","Perfected Strike"],"picked":"Uppercut","floor":7},{"not_picked":["Clothesline","Dual Wield"],"picked":"Warcry","floor":10},{"not_picked":["Carnage","Armaments"],"picked":"Disarm","floor":12},{"not_picked":["Hemokinesis","Body Slam"],"picked":"Feel No Pain","floor":14},{"not_picked":["Dark Embrace","Double Tap"],"picked":"Immolate+1","floor":16},{"not_picked":["Dual Wield","Dropkick+1"],"picked":"Pommel Strike+1","floor":18}],"player_experience":587354,"relics_obtained":[{"floor":7,"key":"Bird Faced Urn"},{"floor":9,"key":"Shovel"},{"floor":10,"key":"Kunai"},{"floor":14,"key":"Molten Egg 2"},{"floor":15,"key":"Mercury Hourglass"}],"event_choices":[{"damage_healed":0,"gold_gain":0,"player_choice":"Got Potions","damage_taken":0,"max_hp_gain":0,"max_hp_loss":0,"event_name":"Lab","floor":2,"gold_loss":0},{"damage_healed":0,"gold_gain":77,"player_choice":"Gained Gold","damage_taken":0,"max_hp_gain":0,"max_hp_loss":0,"event_name":"Golden Wing","floor":5,"gold_loss":0},{"damage_healed":0,"gold_gain":0,"player_choice":"Take Wound","damage_taken":0,"relics_obtained":["Golden Idol"],"max_hp_gain":0,"max_hp_loss":0,"event_name":"Golden Idol","floor":11,"gold_loss":0,"cards_obtained":["Injury"]},{"damage_healed":0,"gold_gain":0,"cards_transformed":["Bash"],"player_choice":"Transformed","damage_taken":0,"max_hp_gain":0,"max_hp_loss":0,"event_name":"Transmorgrifier","floor":13,"gold_loss":0,"cards_obtained":["Flex"]},{"damage_healed":0,"gold_gain":0,"player_choice":"Ignored","damage_taken":0,"max_hp_gain":0,"max_hp_loss":0,"event_name":"Ghosts","floor":19,"gold_loss":0},{"damage_healed":0,"gold_gain":0,"player_choice":"Obtained Relic","damage_taken":0,"relics_obtained":["Ancient Tea Set"],"max_hp_gain":0,"max_hp_loss":0,"event_name":"Addict","floor":20,"gold_loss":85},{"damage_healed":0,"gold_gain":0,"player_choice":"Gave Idol","damage_taken":0,"relics_obtained":["Bloody Idol"],"max_hp_gain":0,"max_hp_loss":0,"event_name":"Forgotten Altar","floor":22,"relics_lost":["Golden Idol"],"gold_loss":0}],"is_beta":false,"boss_relics":[{"not_picked":["Philosopher\u0027s Stone","Velvet Choker"],"picked":"Mark of Pain"}],"items_purged_floors":[21],"is_endless":false,"potions_floor_spawned":[7,10,16],"killed_by":"Book of Stabbing","ascension_level":12}