{"gold_per_floor":[115,135,210,45,58,58,58,87,87,101,101,120,148,158,158,255,255,269,285,99,112,129,129,163,176,244,257,0,0,0,0,0,102,102,114,0,18,118,118,147,147,147],"floor_reached":42,"playtime":3928,"items_purged":[],"score":581,"play_id":"dd3e411c-2c88-4352-bedf-3cabeafcddcd","local_time":"20190604212711","is_ascension_mode":true,"campfire_choices":[{"floor":6.0,"key":"RECALL"},{"floor":11.0,"key":"REST"},{"floor":15.0,"key":"REST"},{"floor":23.0,"key":"REST"},{"floor":29.0,"key":"REST"},{"floor":32.0,"key":"REST"},{"floor":41,"key":"REST"}],"neow_cost":"NONE","seed_source_timestamp":0,"circlet_count":0,"master_deck":["Survivor","Neutralize","PiercingWail","PiercingWail","Cloak And Dagger","Accuracy","Backstab","Terror","Accuracy","Blur","Finisher","Outmaneuver","Noxious Fumes","Bullet Time","Cloak And Dagger","Dagger Spray+1","Infinite Blades","Infinite Blades","Corpse Explosion","Deflect+1","Catalyst","Noxious Fumes","After Image","Tactician","Setup","Envenom","Tools of the Trade","Catalyst","Crippling Poison","Wraith Form v2","Catalyst","Catalyst","After Image","Blade Dance+1","Finisher","Dagger Spray+1","Deflect+1"],"special_seed":0,"relics":["Ring of the Snake","Whetstone","Pear","Bag of Marbles","Ornamental Fan","WristBlade","Juzu Bracelet","Pantograph","Darkstone Periapt","Enchiridion","Pandora\u0027s Box","Red Mask","Pocketwatch","Toxic Egg 2"],"potions_floor_usage":[37,40],"damage_taken":[{"damage":2.0,"enemies":"Jaw Worm","floor":1.0,"turns":5.0},{"damage":1.0,"enemies":"Small Slimes","floor":2.0,"turns":5.0},{"damage":0.0,"enemies":"2 Louse","floor":5.0,"turns":3.0},{"damage":13.0,"enemies":"3 Sentries","floor":8.0,"turns":17.0},{"damage":5.0,"enemies":"Blue Slaver","floor":10.0,"turns":4.0},{"damage":2.0,"enemies":"Large Slime","floor":12.0,"turns":6.0},{"damage":15.0,"enemies":"Gremlin Nob","floor":13.0,"turns":4.0},{"damage":5.0,"enemies":"Exordium Wildlife","floor":14.0,"turns":6.0},{"damage":72.0,"enemies":"Slime Boss","floor":16.0,"turns":15.0},{"damage":3.0,"enemies":"Chosen","floor":18.0,"turns":2.0},{"damage":23.0,"enemies":"Shell Parasite","floor":19.0,"turns":7.0},{"damage":0.0,"enemies":"Snake Plant","floor":21.0,"turns":3.0},{"damage":25.0,"enemies":"Sentry and Sphere","floor":22.0,"turns":5.0},{"damage":12.0,"enemies":"Gremlin Leader","floor":24.0,"turns":6.0},{"damage":9.0,"enemies":"Snecko","floor":25.0,"turns":5.0},{"damage":6.0,"enemies":"3 Cultists","floor":27.0,"turns":4.0},{"damage":71,"enemies":"Collector","floor":33,"turns":11},{"damage":21,"enemies":"3 Darklings","floor":35,"turns":2},{"damage":0,"enemies":"Orb Walker","floor":37,"turns":3},{"damage":27,"enemies":"Mind Bloom Boss Battle","floor":38,"turns":8},{"damage":10,"enemies":"Giant Head","floor":40,"turns":5},{"damage":81,"enemies":"Reptomancer","floor":42,"turns":5}],"seed_played":"-4649586720733791773","potions_obtained":[{"floor":2.0,"key":"SpeedPotion"},{"floor":8.0,"key":"Regen Potion"},{"floor":13.0,"key":"FearPotion"},{"floor":14.0,"key":"Energy Potion"},{"floor":16.0,"key":"Strength Potion"},{"floor":24.0,"key":"Energy Potion"},{"floor":33,"key":"Regen Potion"},{"floor":37,"key":"Poison Potion"}],"is_trial":false,"path_per_floor":["M","M","?","$","M","R","?","E","T","M","R","M","E","M","R","B",null,"M","M","$","M","M","R","E","M","T","M","?","R","?","?","R","B",null,"M","?","M","?","$","E","R","E"],"character_chosen":"THE_SILENT","items_purchased":["Cloak And Dagger","Accuracy","Backstab","Infinite Blades","Juzu Bracelet"],"campfire_rested":6,"item_purchase_floors":[4,4,4,20,20],"current_hp_per_floor":[68,67,56,56,56,56,66,53,53,48,72,70,67,62,80,8,80,77,54,54,54,29,53,41,32,32,26,26,50,50,34,58,9,80,59,59,64,53,53,43,67,0],"gold":147,"neow_bonus":"RANDOM_COMMON_RELIC","is_prod":false,"is_daily":false,"chose_seed":false,"campfire_upgraded":0,"win_rate":0,"timestamp":1559698031,"path_taken":["M","M","?","$","M","R","?","E","T","M","R","M","E","M","R","BOSS","M","M","$","M","M","R","E","M","T","M","?","R","?","?","R","BOSS","M","?","M","?","?","E","R","E"],"build_version":"2019-01-23","purchased_purges":0,"victory":false,"max_hp_per_floor":[70,70,70,70,70,70,80,80,80,80,80,80,80,80,80,80,80,80,80,80,80,80,80,80,80,80,80,80,80,80,80,80,80,80,80,80,80,80,80,80,80,80],"card_choices":[{"not_picked":["Cloak And Dagger","Well Laid Plans"],"picked":"PiercingWail","floor":1.0},{"not_picked":["Quick Slash","Concentrate"],"picked":"PiercingWail","floor":2.0},{"not_picked":["Underhanded Strike","Bane"],"picked":"Terror","floor":5.0},{"not_picked":["Acrobatics","Setup"],"picked":"Accuracy","floor":8.0},{"not_picked":["Well Laid Plans","Dodge and Roll"],"picked":"Blur","floor":10.0},{"not_picked":["Flechettes","Tactician"],"picked":"Finisher","floor":12.0},{"not_picked":["Bane","Dagger Throw"],"picked":"Outmaneuver","floor":13.0},{"not_picked":["Wraith Form v2","Finisher"],"picked":"Noxious Fumes","floor":14.0},{"not_picked":["Grand Finale","After Image"],"picked":"Bullet Time","floor":16.0},{"not_picked":["Predator+1","PiercingWail"],"picked":"Cloak And Dagger","floor":18.0},{"not_picked":["Outmaneuver","Flechettes"],"picked":"Dagger Spray+1","floor":19.0},{"not_picked":["Underhanded Strike","Caltrops+1"],"picked":"Infinite Blades","floor":21.0},{"not_picked":["Poisoned Stab+1","Deadly Poison"],"picked":"Corpse Explosion","floor":22.0},{"not_picked":["Outmaneuver","Heel Hook"],"picked":"Deflect+1","floor":24.0},{"not_picked":["Deflect","Poisoned Stab+1"],"picked":"Catalyst","floor":25.0},{"not_picked":["Skewer+1","Acrobatics"],"picked":"Noxious Fumes","floor":27.0},{"not_picked":["Glass Knife","Wraith Form v2"],"picked":"After Image","floor":33},{"not_picked":["Prepared","Underhanded Strike"],"picked":"Blade Dance+1","floor":35},{"not_picked":["Sucker Punch","Dagger Throw+1"],"picked":"Finisher","floor":37},{"not_picked":["Quick Slash","Concentrate"],"picked":"Dagger Spray+1","floor":38},{"not_picked":["Blur","Flying Knee+1"],"picked":"Deflect+1","floor":40}],"player_experience":425159,"relics_obtained":[{"floor":8.0,"key":"Bag of Marbles"},{"floor":13.0,"key":"Ornamental Fan"},{"floor":24.0,"key":"Pantograph"},{"floor":26.0,"key":"Darkstone Periapt"},{"floor":31.0,"key":"Enchiridion"},{"floor":38,"key":"Pocketwatch"},{"floor":40,"key":"Toxic Egg 2"}],"event_choices":[{"damage_healed":0.0,"max_hp_gain":0.0,"max_hp_loss":0.0,"gold_gain":75.0,"event_name":"World of Goop","player_choice":"Gather Gold","floor":3.0,"gold_loss":0.0,"damage_taken":11.0},{"damage_healed":0.0,"max_hp_gain":0.0,"max_hp_loss":0.0,"gold_gain":0.0,"event_name":"Dead Adventurer","player_choice":"Searched \u00272\u0027 times","floor":7.0,"gold_loss":0.0,"damage_taken":0.0,"relics_obtained":["Pear"]},{"damage_healed":0.0,"max_hp_gain":0.0,"max_hp_loss":0.0,"gold_gain":0.0,"event_name":"Masked Bandits","player_choice":"Paid Fearfully","floor":28.0,"gold_loss":257.0,"damage_taken":0.0},{"damage_healed":0.0,"max_hp_gain":0.0,"max_hp_loss":0.0,"gold_gain":0.0,"event_name":"Ghosts","player_choice":"Ignored","floor":30.0,"gold_loss":0.0,"damage_taken":0.0},{"damage_healed":0.0,"max_hp_gain":0.0,"max_hp_loss":0.0,"gold_gain":0.0,"event_name":"Cursed Tome","player_choice":"Obtained Book","floor":31.0,"gold_loss":0.0,"damage_taken":16.0},{"damage_healed":0,"gold_gain":0,"player_choice":"Paid","damage_taken":0,"relics_obtained":["Red Mask"],"max_hp_gain":0,"max_hp_loss":0,"event_name":"Tomb of Lord Red Mask","floor":36,"gold_loss":114},{"damage_healed":0,"gold_gain":0,"player_choice":"Fight","damage_taken":0,"max_hp_gain":0,"max_hp_loss":0,"event_name":"MindBloom","floor":38,"gold_loss":0}],"is_beta":false,"boss_relics":[{"not_picked":["Ectoplasm","Empty Cage"],"picked":"WristBlade"},{"not_picked":["Astrolabe","Velvet Choker"],"picked":"Pandora\u0027s Box"}],"items_purged_floors":[],"is_endless":false,"potions_floor_spawned":[2,8,13,14,16,18,21,24,33,37],"killed_by":"Reptomancer","ascension_level":2}