{"gold_per_floor":[360,360,11,29,29,29,64,14,14,49,49,49,49,88,88,88],"floor_reached":16,"playtime":328,"items_purged":[],"score":188,"play_id":"b6dbd596-0fe3-4654-af19-80c4edef4ad3","local_time":"20190716231143","is_ascension_mode":true,"campfire_choices":[{"floor":6,"key":"REST"},{"data":"Cleave","floor":12,"key":"SMITH"},{"data":"Uppercut","floor":15,"key":"SMITH"}],"neow_cost":"PERCENT_DAMAGE","seed_source_timestamp":1821561923973000,"circlet_count":0,"master_deck":["AscendersBane","Strike_R","Strike_R","Strike_R","Strike_R","Defend_R","Defend_R","Defend_R","Defend_R","Bash","Thunderclap","Cleave+1","Uppercut+1","True Grit","Injury","Shrug It Off"],"relics":["Burning Blood","Regal Pillow","PreservedInsect","ClockworkSouvenir","Matryoshka","Juzu Bracelet","Shuriken","Anchor","Golden Idol","Lantern"],"potions_floor_usage":[7,10,16],"damage_taken":[{"damage":2,"enemies":"Jaw Worm","floor":1,"turns":3},{"damage":11,"enemies":"2 Louse","floor":4,"turns":3},{"damage":16,"enemies":"Gremlin Nob","floor":7,"turns":3},{"damage":17,"enemies":"3 Sentries","floor":10,"turns":3},{"damage":16,"enemies":"Gremlin Nob","floor":14,"turns":3},{"damage":34,"enemies":"Slime Boss","floor":16,"turns":5}],"seed_played":"-4452765609959571174","potions_obtained":[{"floor":4,"key":"AttackPotion"},{"floor":10,"key":"Swift Potion"}],"is_trial":false,"path_per_floor":["M","?","$","M","?","R","E","$","T","E","?","R","?","E","R","B"],"character_chosen":"IRONCLAD","items_purchased":["PreservedInsect","ClockworkSouvenir","SteroidPotion"],"campfire_rested":1,"item_purchase_floors":[3,3,8],"current_hp_per_floor":[55,37,37,32,32,71,61,61,61,50,50,50,43,33,33,0],"gold":88,"neow_bonus":"TWO_FIFTY_GOLD","is_prod":false,"is_daily":false,"chose_seed":false,"campfire_upgraded":2,"win_rate":0,"timestamp":1563333103,"path_taken":["M","?","$","M","?","R","E","?","T","E","?","R","?","E","R","BOSS"],"build_version":"2019-07-05","purchased_purges":0,"victory":false,"max_hp_per_floor":[80,80,80,80,80,80,80,80,80,80,80,80,80,80,80,80],"card_choices":[{"not_picked":["Entrench","Twin Strike"],"picked":"Thunderclap","floor":1},{"not_picked":["Hemokinesis","Wild Strike"],"picked":"Cleave","floor":4},{"not_picked":["Clothesline","Perfected Strike"],"picked":"Uppercut","floor":7},{"not_picked":["Burning Pact","Wild Strike"],"picked":"True Grit","floor":10},{"not_picked":["Rage","Sentinel"],"picked":"Shrug It Off","floor":14}],"player_experience":655944,"relics_obtained":[{"floor":7,"key":"Matryoshka"},{"floor":9,"key":"Juzu Bracelet"},{"floor":9,"key":"Shuriken"},{"floor":10,"key":"Anchor"},{"floor":14,"key":"Lantern"}],"event_choices":[{"damage_healed":0,"gold_gain":0,"player_choice":"Success","damage_taken":18,"relics_obtained":["Regal Pillow"],"max_hp_gain":0,"max_hp_loss":0,"event_name":"Scrap Ooze","floor":2,"gold_loss":0},{"damage_healed":0,"gold_gain":0,"player_choice":"Ignored","damage_taken":0,"max_hp_gain":0,"max_hp_loss":0,"event_name":"Liars Game","floor":5,"gold_loss":0},{"damage_healed":0,"gold_gain":0,"player_choice":"Take Wound","damage_taken":0,"relics_obtained":["Golden Idol"],"max_hp_gain":0,"max_hp_loss":0,"event_name":"Golden Idol","floor":11,"gold_loss":0,"cards_obtained":["Injury"]},{"cards_removed":["Strike_R"],"damage_healed":0,"gold_gain":0,"player_choice":"Card Removal","damage_taken":7,"max_hp_gain":0,"max_hp_loss":0,"event_name":"Golden Wing","floor":13,"gold_loss":0}],"is_beta":false,"boss_relics":[],"items_purged_floors":[],"is_endless":false,"potions_floor_spawned":[4,10],"killed_by":"Slime Boss","ascension_level":13}