{"gold_per_floor":[111,111,63,63,78,122,158,158,158,10,29,62,93,114,114,114],"floor_reached":16,"playtime":1208,"items_purged":["Regret"],"score":118,"play_id":"3feba209-0169-47ec-8f37-8e1a976aac22","local_time":"20190621124043","is_ascension_mode":false,"campfire_choices":[{"floor":8,"key":"REST"},{"floor":15,"key":"REST"}],"neow_cost":"NONE","seed_source_timestamp":87191055250278,"circlet_count":0,"master_deck":["Defend_G","Defend_G","Defend_G","Defend_G","Defend_G","Strike_G","Strike_G","Strike_G","Strike_G","Strike_G","Survivor","Neutralize","Deadly Poison","Dagger Spray","Crippling Poison","Cloak And Dagger","Bouncing Flask","Cloak And Dagger","Deadly Poison","Blur","Accuracy","Poisoned Stab"],"relics":["Fusion Hammer","Mummified Hand","Golden Idol","WingedGreaves","Strawberry","Dodecahedron","Odd Mushroom","Dream Catcher"],"potions_floor_usage":[13,13,16],"damage_taken":[{"damage":0,"enemies":"2 Louse","floor":1,"turns":3},{"damage":3,"enemies":"Jaw Worm","floor":5,"turns":3},{"damage":16,"enemies":"3 Sentries","floor":6,"turns":9},{"damage":30,"enemies":"Gremlin Nob","floor":7,"turns":5},{"damage":0,"enemies":"Small Slimes","floor":11,"turns":2},{"damage":10,"enemies":"The Mushroom Lair","floor":12,"turns":3},{"damage":5,"enemies":"Lagavulin","floor":13,"turns":5},{"damage":5,"enemies":"Looter","floor":14,"turns":3},{"damage":37,"enemies":"Slime Boss","floor":16,"turns":10}],"seed_played":"-6360792625274023682","potions_obtained":[{"floor":7,"key":"Energy Potion"},{"floor":11,"key":"GamblersBrew"},{"floor":12,"key":"SkillPotion"},{"floor":13,"key":"Explosive Potion"}],"is_trial":false,"path_per_floor":["M","?","$","?","M","E","E","R","T","$","M","?","E","M","R","B"],"character_chosen":"THE_SILENT","items_purchased":["Dagger Spray","Bouncing Flask"],"campfire_rested":2,"item_purchase_floors":[3,10],"current_hp_per_floor":[70,70,70,53,50,34,11,34,34,34,34,24,19,14,37,0],"gold":114,"neow_bonus":"BOSS_RELIC","is_prod":false,"is_daily":false,"chose_seed":false,"campfire_upgraded":0,"win_rate":0,"timestamp":1561138843,"path_taken":["M","?","$","?","M","E","E","R","T","$","M","?","E","M","R","BOSS"],"build_version":"2019-01-23","purchased_purges":1,"victory":false,"max_hp_per_floor":[70,70,70,70,70,70,77,77,77,77,77,77,77,77,77,77],"card_choices":[{"not_picked":["Prepared","Underhanded Strike"],"picked":"Deadly Poison","floor":1},{"not_picked":["Well Laid Plans","PiercingWail"],"picked":"Crippling Poison","floor":5},{"not_picked":["Slice","Heel Hook"],"picked":"Cloak And Dagger","floor":6},{"not_picked":["Quick Slash","Underhanded Strike","Riddle With Holes"],"picked":"SKIP","floor":7},{"not_picked":["Underhanded Strike","Deflect"],"picked":"Cloak And Dagger","floor":11},{"not_picked":["Heel Hook","Flying Knee"],"picked":"Deadly Poison","floor":12},{"not_picked":["Catalyst","Flying Knee"],"picked":"Blur","floor":13},{"not_picked":["Sucker Punch","Quick Slash"],"picked":"Accuracy","floor":14},{"not_picked":["Endless Agony","Glass Knife"],"picked":"Poisoned Stab","floor":15}],"player_experience":69671,"relics_obtained":[{"floor":6,"key":"WingedGreaves"},{"floor":7,"key":"Strawberry"},{"floor":9,"key":"Dodecahedron"},{"floor":12,"key":"Odd Mushroom"},{"floor":13,"key":"Dream Catcher"}],"event_choices":[{"damage_healed":0,"gold_gain":0,"player_choice":"Box","damage_taken":0,"relics_obtained":["Mummified Hand"],"max_hp_gain":0,"max_hp_loss":0,"event_name":"Big Fish","floor":2,"gold_loss":0,"cards_obtained":["Regret"]},{"damage_healed":0,"gold_gain":0,"player_choice":"Take Damage","damage_taken":17,"relics_obtained":["Golden Idol"],"max_hp_gain":0,"max_hp_loss":0,"event_name":"Golden Idol","floor":4,"gold_loss":0},{"damage_healed":0,"gold_gain":0,"player_choice":"Fought Mushrooms","damage_taken":0,"max_hp_gain":0,"max_hp_loss":0,"event_name":"Mushrooms","floor":12,"gold_loss":0}],"is_beta":false,"boss_relics":[],"items_purged_floors":[10],"is_endless":false,"potions_floor_spawned":[7,11,12,13],"killed_by":"Slime Boss","ascension_level":0}