{"gold_per_floor":[112,123,137,137,137,168,168,184,209,209,52,95,126,153,165,302,314,341,377,30,30,30,30,30],"floor_reached":24,"playtime":1297,"items_purged":["Normality"],"score":206,"play_id":"edea88f8-53fa-4743-89ac-5fd47402b7b1","local_time":"20190621232129","is_ascension_mode":false,"campfire_choices":[{"floor":7,"key":"REST"},{"floor":15,"key":"REST"},{"floor":23,"key":"REST"}],"neow_cost":"NONE","seed_source_timestamp":0,"circlet_count":0,"master_deck":["Strike_B","Strike_B","Strike_B","Strike_B","Defend_B","Defend_B","Defend_B","Defend_B","Zap","Dualcast","Redo","Darkness","Static Discharge","Leap","Storm","Creative AI","Decay","Writhe","Sunder+1","Cold Snap+1","Defragment"],"special_seed":0,"relics":["Cracked Core","Bloody Idol","Potion Belt","Art of War","Bronze Scales","MawBank","Calling Bell","Anchor","Molten Egg 2","Girya","ClockworkSouvenir"],"potions_floor_usage":[16,16,24,24],"damage_taken":[{"damage":6,"enemies":"Cultist","floor":1,"turns":3},{"damage":8,"enemies":"Small Slimes","floor":2,"turns":3},{"damage":0,"enemies":"2 Louse","floor":3,"turns":1},{"damage":28,"enemies":"Gremlin Nob","floor":6,"turns":4},{"damage":8,"enemies":"2 Fungi Beasts","floor":8,"turns":3},{"damage":22,"enemies":"Lagavulin","floor":12,"turns":5},{"damage":19,"enemies":"Gremlin Gang","floor":13,"turns":3},{"damage":6,"enemies":"Exordium Wildlife","floor":14,"turns":4},{"damage":41,"enemies":"Slime Boss","floor":16,"turns":6},{"damage":33,"enemies":"2 Thieves","floor":18,"turns":5},{"damage":18,"enemies":"3 Byrds","floor":19,"turns":3},{"damage":59,"enemies":"Book of Stabbing","floor":24,"turns":5}],"seed_played":"-2887669685373646140","potions_obtained":[{"floor":1,"key":"Energy Potion"},{"floor":6,"key":"Fire Potion"},{"floor":8,"key":"Poison Potion"},{"floor":13,"key":"Explosive Potion"},{"floor":14,"key":"FearPotion"}],"is_trial":false,"path_per_floor":["M","M","M","?","?","E","R","M","T","?","$","E","M","M","R","B",null,"M","M","$","?","$","R","E"],"character_chosen":"DEFECT","items_purchased":["Bronze Scales","Defragment","ClockworkSouvenir"],"campfire_rested":3,"item_purchase_floors":[11,20,20],"current_hp_per_floor":[69,61,61,61,43,15,37,29,29,85,85,63,44,38,63,22,85,52,34,34,34,34,59,0],"gold":30,"neow_bonus":"ONE_RANDOM_RARE_CARD","is_prod":false,"is_daily":false,"chose_seed":false,"campfire_upgraded":0,"win_rate":0.0,"timestamp":1561177289,"path_taken":["M","?","M","?","?","E","R","M","T","?","$","E","?","M","R","BOSS","M","M","$","?","$","R","E"],"build_version":"2019-01-23","purchased_purges":1,"victory":false,"max_hp_per_floor":[75,75,75,75,75,75,75,75,75,85,85,85,85,85,85,85,85,85,85,85,85,85,85,85],"card_choices":[{"not_picked":["Sunder","Sweeping Beam"],"picked":"Redo","floor":1},{"not_picked":["Leap","Gash"],"picked":"Darkness","floor":2},{"not_picked":["Streamline","White Noise","Stack"],"picked":"SKIP","floor":3},{"not_picked":["Genetic Algorithm","Redo"],"picked":"Static Discharge","floor":6},{"not_picked":["Hologram","Chaos"],"picked":"Leap","floor":8},{"not_picked":["Aggregate","Conserve Battery","Scrape"],"picked":"SKIP","floor":12},{"not_picked":["Aggregate","All For One","Doom and Gloom"],"picked":"SKIP","floor":13},{"not_picked":["Stack","Tempest"],"picked":"Storm","floor":14},{"not_picked":["Biased Cognition","Rainbow"],"picked":"Creative AI","floor":16},{"not_picked":["Cold Snap+1","Auto Shields"],"picked":"Sunder+1","floor":18},{"not_picked":["Blizzard+1","Gash+1"],"picked":"Cold Snap+1","floor":19}],"player_experience":73242,"relics_obtained":[{"floor":6,"key":"Potion Belt"},{"floor":9,"key":"Art of War"},{"floor":12,"key":"MawBank"},{"floor":17,"key":"Anchor"},{"floor":17,"key":"Molten Egg 2"},{"floor":17,"key":"Girya"}],"event_choices":[{"damage_healed":0,"gold_gain":0,"player_choice":"Ignored","damage_taken":0,"max_hp_gain":0,"max_hp_loss":0,"event_name":"Golden Wing","floor":4,"gold_loss":0},{"damage_healed":0,"gold_gain":0,"player_choice":"Take Damage","damage_taken":18,"relics_obtained":["Golden Idol"],"max_hp_gain":0,"max_hp_loss":0,"event_name":"Golden Idol","floor":5,"gold_loss":0},{"cards_removed":["Machine Learning"],"damage_healed":46,"gold_gain":0,"player_choice":"Offered Rare","damage_taken":0,"max_hp_gain":10,"max_hp_loss":0,"event_name":"Bonfire Elementals","floor":10,"gold_loss":0},{"damage_healed":0,"gold_gain":0,"player_choice":"Gave Idol","damage_taken":0,"relics_obtained":["Bloody Idol"],"max_hp_gain":0,"max_hp_loss":0,"event_name":"Forgotten Altar","floor":21,"relics_lost":["Golden Idol"],"gold_loss":0}],"is_beta":false,"boss_relics":[{"not_picked":["Coffee Dripper","Velvet Choker"],"picked":"Calling Bell"}],"items_purged_floors":[20],"is_endless":false,"potions_floor_spawned":[1,6,8,13,14],"killed_by":"Book of Stabbing","ascension_level":0}