{"gold_per_floor":[111,128,144,154,167,167,177,205,231,243,255,267,279,351,363,474,486,438],"floor_reached":18,"playtime":1458,"items_purged":[],"score":180,"play_id":"6dc6b480-2cf6-45e8-8405-1fae7843dbb8","local_time":"20190702210730","is_ascension_mode":true,"campfire_choices":[{"data":"Sunder","floor":6,"key":"SMITH"},{"data":"Auto Shields","floor":10,"key":"SMITH"},{"data":"Rip and Tear","floor":13,"key":"SMITH"},{"floor":15,"key":"REST"}],"neow_cost":"NONE","seed_source_timestamp":848551540549600,"circlet_count":0,"master_deck":["Strike_B","Strike_B","Strike_B","Strike_B","Defend_B","Defend_B","Defend_B","Defend_B","Zap","Dualcast","Rip and Tear+1","Beam Cell","Conserve Battery","Steam Power","Hologram","Auto Shields+1","Cold Snap","Sunder+1","Cold Snap","Coolheaded","Leap","Tempest","Rebound","Hyperbeam"],"relics":["Orrery","Girya","MawBank","SsserpentHead","Fusion Hammer"],"potions_floor_usage":[8,16],"damage_taken":[{"damage":2,"enemies":"2 Louse","floor":1,"turns":2},{"damage":0,"enemies":"Small Slimes","floor":2,"turns":3},{"damage":0,"enemies":"Cultist","floor":3,"turns":2},{"damage":1,"enemies":"Blue Slaver","floor":4,"turns":4},{"damage":8,"enemies":"3 Louse","floor":5,"turns":3},{"damage":18,"enemies":"Lots of Slimes","floor":7,"turns":6},{"damage":10,"enemies":"Lagavulin","floor":8,"turns":7},{"damage":10,"enemies":"Looter","floor":14,"turns":3},{"damage":26,"enemies":"The Guardian","floor":16,"turns":12},{"damage":24,"enemies":"2 Thieves","floor":18,"turns":3}],"seed_played":"4020901558022552739","potions_obtained":[{"floor":2,"key":"Ancient Potion"},{"floor":5,"key":"PowerPotion"},{"floor":14,"key":"Fire Potion"}],"is_trial":false,"path_per_floor":["M","M","M","M","M","R","M","E","T","R","?","?","R","M","R","B",null,"M"],"character_chosen":"DEFECT","items_purchased":[],"campfire_rested":1,"item_purchase_floors":[],"current_hp_per_floor":[73,73,73,72,64,64,46,36,36,36,36,36,36,26,48,22,75,51],"gold":438,"neow_bonus":"BOSS_RELIC","is_prod":false,"is_daily":false,"chose_seed":false,"campfire_upgraded":3,"win_rate":0,"timestamp":1562116050,"path_taken":["M","M","M","M","M","R","M","E","T","R","?","?","R","?","R","BOSS","M"],"build_version":"2019-07-01","purchased_purges":0,"victory":false,"max_hp_per_floor":[75,75,75,75,75,75,75,75,75,75,75,75,75,75,75,75,75,75],"card_choices":[{"not_picked":["Redo","Rebound"],"picked":"Rip and Tear","floor":0},{"not_picked":["Leap","Ball Lightning"],"picked":"Beam Cell","floor":0},{"not_picked":["Barrage","FTL"],"picked":"Conserve Battery","floor":0},{"not_picked":["Barrage","Hologram"],"picked":"Steam Power","floor":0},{"not_picked":["Gash","Reinforced Body"],"picked":"Hologram","floor":0},{"not_picked":["Gash","Hologram"],"picked":"Auto Shields","floor":1},{"not_picked":["Consume","Rebound"],"picked":"Cold Snap","floor":2},{"not_picked":["Storm","Creative AI"],"picked":"Sunder","floor":3},{"not_picked":["Gash","Sweeping Beam"],"picked":"Cold Snap","floor":4},{"not_picked":["Stack","Barrage"],"picked":"Coolheaded","floor":5},{"not_picked":["Steam Power","Sweeping Beam"],"picked":"Leap","floor":7},{"not_picked":["Beam Cell","Reprogram"],"picked":"Tempest","floor":8},{"not_picked":["Compile Driver","Reinforced Body"],"picked":"Rebound","floor":14},{"not_picked":["All For One","Meteor Strike"],"picked":"Hyperbeam","floor":16}],"player_experience":560873,"relics_obtained":[{"floor":8,"key":"Girya"},{"floor":9,"key":"MawBank"}],"event_choices":[{"damage_healed":0,"gold_gain":0,"player_choice":"Ignored","damage_taken":0,"max_hp_gain":0,"max_hp_loss":0,"event_name":"Liars Game","floor":11,"gold_loss":0},{"damage_healed":0,"gold_gain":0,"player_choice":"Trade","damage_taken":0,"relics_obtained":["SsserpentHead"],"max_hp_gain":0,"max_hp_loss":0,"event_name":"FaceTrader","floor":12,"gold_loss":0}],"is_beta":false,"boss_relics":[{"not_picked":["Pandora\u0027s Box","Runic Dome"],"picked":"Fusion Hammer"}],"items_purged_floors":[],"is_endless":false,"potions_floor_spawned":[2,5,14],"killed_by":"2 Thieves","ascension_level":2}