{"gold_per_floor":[10,29,46,64,80,80,100,117,117,117,117,117,128,144,144,245,245,256,272,30,43,43,43,43],"floor_reached":24,"playtime":1994,"items_purged":[],"score":213,"play_id":"b590db77-21ff-4f89-b460-663c35502c46","local_time":"20190707000818","is_ascension_mode":true,"campfire_choices":[{"data":"Sunder","floor":6,"key":"SMITH"},{"data":"Loop","floor":12,"key":"SMITH"},{"data":"White Noise","floor":15,"key":"SMITH"},{"data":"Zap","floor":23,"key":"SMITH"}],"neow_cost":"NO_GOLD","seed_source_timestamp":1204464074909500,"circlet_count":0,"master_deck":["Strike_B","Defend_B","Defend_B","Defend_B","Defend_B","Zap+1","Dualcast","Capacitor","Reboot","Steam","Loop+1","Conserve Battery","Sunder+1","Conserve Battery","Turbo","White Noise+1","Echo Form+1","Defragment+1","Leap","Steam","White Noise+1"],"relics":["Cracked Core","Mummified Hand","Frozen Egg 2","Orrery","Pantograph"],"potions_floor_usage":[3,16,18,18,21,24],"damage_taken":[{"damage":7,"enemies":"Small Slimes","floor":1,"turns":3},{"damage":2,"enemies":"Jaw Worm","floor":2,"turns":3},{"damage":1,"enemies":"Cultist","floor":3,"turns":5},{"damage":1,"enemies":"Red Slaver","floor":4,"turns":4},{"damage":17,"enemies":"Exordium Wildlife","floor":5,"turns":5},{"damage":0,"enemies":"Exordium Thugs","floor":7,"turns":4},{"damage":2,"enemies":"3 Louse","floor":8,"turns":3},{"damage":0,"enemies":"Exordium Wildlife","floor":13,"turns":2},{"damage":0,"enemies":"Exordium Thugs","floor":14,"turns":3},{"damage":11,"enemies":"The Guardian","floor":16,"turns":7},{"damage":10,"enemies":"3 Byrds","floor":18,"turns":4},{"damage":19,"enemies":"Spheric Guardian","floor":19,"turns":6},{"damage":4,"enemies":"Snecko","floor":21,"turns":5},{"damage":42,"enemies":"Gremlin Leader","floor":24,"turns":5}],"seed_played":"-7780555299267109133","potions_obtained":[{"floor":1,"key":"SkillPotion"},{"floor":5,"key":"FocusPotion"},{"floor":7,"key":"Energy Potion"},{"floor":13,"key":"GamblersBrew"},{"floor":14,"key":"PowerPotion"},{"floor":19,"key":"AttackPotion"},{"floor":21,"key":"LiquidBronze"}],"is_trial":false,"path_per_floor":["M","M","M","M","M","R","M","M","T","?","?","R","M","M","R","B",null,"M","M","$","M","?","R","E"],"character_chosen":"DEFECT","items_purchased":["Pantograph"],"campfire_rested":0,"item_purchase_floors":[20],"current_hp_per_floor":[68,66,65,64,47,47,47,45,45,45,42,42,42,42,42,31,75,65,46,46,42,42,42,0],"gold":43,"neow_bonus":"TRANSFORM_TWO_CARDS","is_prod":false,"is_daily":false,"chose_seed":false,"campfire_upgraded":4,"win_rate":0,"timestamp":1562472498,"path_taken":["M","M","M","M","M","R","M","M","T","?","?","R","M","M","R","BOSS","M","M","$","M","?","R","E"],"build_version":"2019-07-05","purchased_purges":0,"victory":false,"max_hp_per_floor":[75,75,75,75,75,75,75,75,75,75,75,75,75,75,75,75,75,75,75,75,75,75,75,75],"card_choices":[{"not_picked":["Redo","Turbo"],"picked":"Steam","floor":1},{"not_picked":["Turbo","Glacier"],"picked":"Loop","floor":2},{"not_picked":["Blizzard","Sunder"],"picked":"Conserve Battery","floor":3},{"not_picked":["Sweeping Beam","Double Energy","Go for the Eyes"],"picked":"SKIP","floor":4},{"not_picked":["Gash","Loop"],"picked":"Sunder","floor":5},{"not_picked":["Chill","Compile Driver"],"picked":"Conserve Battery","floor":7},{"not_picked":["Conserve Battery","Genetic Algorithm","Steam"],"picked":"SKIP","floor":8},{"not_picked":["Turbo","Barrage","Chaos"],"picked":"SKIP","floor":13},{"not_picked":["Beam Cell","Creative AI+1"],"picked":"White Noise","floor":14},{"not_picked":["Hyperbeam","Core Surge"],"picked":"Echo Form+1","floor":16},{"not_picked":["Scrape","Blizzard"],"picked":"Defragment+1","floor":17},{"not_picked":["Static Discharge+1","Genetic Algorithm"],"picked":"Leap","floor":17},{"not_picked":["Sweeping Beam","Gash"],"picked":"Steam","floor":17},{"not_picked":["Compile Driver","Hologram+1","Skim+1"],"picked":"SKIP","floor":18},{"not_picked":["Gash","Hello World+1","Go for the Eyes"],"picked":"SKIP","floor":19},{"not_picked":["Steam","Blizzard","Go for the Eyes"],"picked":"SKIP","floor":21}],"player_experience":646544,"relics_obtained":[{"floor":9,"key":"Mummified Hand"}],"event_choices":[{"damage_healed":0,"gold_gain":0,"cards_transformed":["Strike_B"],"player_choice":"Change","damage_taken":0,"max_hp_gain":0,"max_hp_loss":0,"event_name":"Living Wall","floor":10,"gold_loss":0,"cards_obtained":["Turbo"]},{"damage_healed":0,"gold_gain":0,"player_choice":"Success","damage_taken":3,"relics_obtained":["Frozen Egg 2"],"max_hp_gain":0,"max_hp_loss":0,"event_name":"Scrap Ooze","floor":11,"gold_loss":0},{"damage_healed":0,"gold_gain":0,"player_choice":"Copied","damage_taken":0,"max_hp_gain":0,"max_hp_loss":0,"event_name":"Duplicator","floor":22,"gold_loss":0,"cards_obtained":["White Noise"]}],"is_beta":false,"boss_relics":[{"not_picked":["Snecko Eye","Tiny House"],"picked":"Orrery"}],"items_purged_floors":[],"is_endless":false,"potions_floor_spawned":[1,5,7,13,14,19,21],"killed_by":"Gremlin Leader","ascension_level":2}