{"gold_per_floor":[113,113,188,188,203,203,203,218,242,259,273,24,34,44,44,123,123,139,151,76,76],"floor_reached":21,"playtime":899,"items_purged":[],"score":519,"play_id":"74bd3012-f2a4-4f94-86c4-252cff02056d","local_time":"20190206142346","is_ascension_mode":true,"campfire_choices":[{"data":"Recycle","floor":6,"key":"SMITH"},{"data":"Defragment","floor":15,"key":"SMITH"}],"neow_cost":"NONE","seed_source_timestamp":0,"circlet_count":0,"master_deck":["AscendersBane","Strike_B","Strike_B","Strike_B","Defend_B","Defend_B+1","Defend_B","Defend_B","Zap","Dualcast","Buffer+1","Leap+1","Recycle+1","BootSequence","Ball Lightning","Beam Cell","Defragment+1","Cold Snap","Blizzard","Creative AI","Go for the Eyes","Stack"],"special_seed":0,"relics":["Cracked Core","War Paint","Oddly Smooth Stone","Regal Pillow","Inserter"],"potions_floor_usage":[18,19,21],"damage_taken":[{"damage":0,"enemies":"2 Louse","floor":1,"turns":2},{"damage":2,"enemies":"Small Slimes","floor":5,"turns":4},{"damage":0,"enemies":"Cultist","floor":8,"turns":5},{"damage":0,"enemies":"Exordium Wildlife","floor":10,"turns":5},{"damage":0,"enemies":"Blue Slaver","floor":11,"turns":4},{"damage":11,"enemies":"Looter","floor":13,"turns":3},{"damage":0,"enemies":"Exordium Thugs","floor":14,"turns":5},{"damage":29,"enemies":"Slime Boss","floor":16,"turns":10},{"damage":6,"enemies":"Shell Parasite","floor":18,"turns":8},{"damage":0,"enemies":"Chosen","floor":19,"turns":6},{"damage":64,"enemies":"Masked Bandits","floor":21,"turns":3}],"seed_played":"433985865485690704","potions_obtained":[{"floor":8,"key":"Weak Potion"},{"floor":10,"key":"Dexterity Potion"},{"floor":18,"key":"Dexterity Potion"}],"is_trial":false,"path_per_floor":["M","?","?","?","M","R","?","M","T","M","M","$","M","M","R","B",null,"M","M","?","?"],"character_chosen":"DEFECT","items_purchased":["Defragment","Regal Pillow"],"campfire_rested":0,"item_purchase_floors":[12,12],"current_hp_per_floor":[64,64,53,53,51,51,51,51,51,51,51,51,40,40,40,11,56,50,50,50,0],"gold":76,"neow_bonus":"ONE_RANDOM_RARE_CARD","is_prod":false,"is_daily":false,"chose_seed":false,"campfire_upgraded":2,"win_rate":0,"timestamp":1549481026,"path_taken":["M","?","?","?","M","R","?","M","T","?","M","$","M","M","R","BOSS","M","M","?","?"],"build_version":"2019-01-23","purchased_purges":0,"victory":false,"max_hp_per_floor":[71,71,71,71,71,71,71,71,71,71,71,71,71,71,71,71,71,71,71,71,71],"card_choices":[{"not_picked":["Gash","Fusion"],"picked":"Leap","floor":1},{"not_picked":["Self Repair","Leap"],"picked":"Recycle","floor":5},{"not_picked":["Leap","Reinforced Body"],"picked":"BootSequence","floor":8},{"not_picked":["Steam","Sunder"],"picked":"Ball Lightning","floor":10},{"not_picked":["Compile Driver","Rip and Tear"],"picked":"Beam Cell","floor":11},{"not_picked":["Compile Driver","Streamline"],"picked":"Cold Snap","floor":13},{"not_picked":["Heatsinks","Streamline"],"picked":"Blizzard","floor":14},{"not_picked":["Meteor Strike","Machine Learning"],"picked":"Creative AI","floor":16},{"not_picked":["Sunder","Barrage+1"],"picked":"Go for the Eyes","floor":18},{"not_picked":["Compile Driver","Rebound+1"],"picked":"Stack","floor":19}],"player_experience":918952,"relics_obtained":[{"floor":9,"key":"Oddly Smooth Stone"}],"event_choices":[{"damage_healed":0,"gold_gain":0,"player_choice":"Grow","damage_taken":0,"max_hp_gain":0,"max_hp_loss":0,"event_name":"Living Wall","floor":2,"gold_loss":0,"cards_upgraded":["Buffer"]},{"damage_healed":0,"gold_gain":75,"player_choice":"Gather Gold","damage_taken":11,"max_hp_gain":0,"max_hp_loss":0,"event_name":"World of Goop","floor":3,"gold_loss":0},{"damage_healed":0,"gold_gain":0,"player_choice":"Box","damage_taken":0,"relics_obtained":["War Paint"],"max_hp_gain":0,"max_hp_loss":0,"event_name":"Big Fish","floor":4,"gold_loss":0,"cards_obtained":["Regret"]},{"cards_removed":["Regret"],"damage_healed":0,"gold_gain":0,"player_choice":"Removed Curses","damage_taken":0,"max_hp_gain":0,"max_hp_loss":0,"event_name":"Fountain of Cleansing","floor":7,"gold_loss":0},{"cards_removed":["Strike_B"],"damage_healed":0,"gold_gain":0,"player_choice":"Gave Gold","damage_taken":0,"max_hp_gain":0,"max_hp_loss":0,"event_name":"Beggar","floor":20,"gold_loss":75},{"damage_healed":0,"gold_gain":0,"player_choice":"Fought Bandits","damage_taken":0,"max_hp_gain":0,"max_hp_loss":0,"event_name":"Masked Bandits","floor":21,"gold_loss":0}],"is_beta":true,"boss_relics":[{"not_picked":["Calling Bell","Pandora\u0027s Box"],"picked":"Inserter"}],"items_purged_floors":[],"is_endless":false,"potions_floor_spawned":[8,10,18],"killed_by":"Masked Bandits","ascension_level":18}