{"path_per_floor":["M","?","?","M","?","R","$","R","T","?","R","M","E","M","R","B",null,"M","?","?","M","M","R","$","M","T","R","?","$","T","M","R","B",null,"M","?","M","?","$","R","M","M","T","R","M","R","?","M","R","B"],"character_chosen":"IRONCLAD","items_purchased":["Seeing Red","Toxic Egg 2"],"gold_per_floor":[110,60,60,75,75,75,38,38,38,113,113,130,158,168,168,270,270,289,289,204,215,231,231,156,166,166,166,166,66,91,105,105,202,202,217,269,280,280,31,31,50,60,60,60,77,77,77,95,95,95],"floor_reached":51,"campfire_rested":0,"playtime":3824,"current_hp_per_floor":[84,84,81,83,65,65,65,65,65,54,54,60,51,52,52,41,88,88,88,88,88,88,88,88,88,88,88,88,88,95,95,95,64,95,95,93,95,95,95,95,90,92,92,92,78,78,95,95,95,95],"items_purged":["Doubt","Writhe"],"gold":95,"score":620,"play_id":"b088ebe1-5c1f-4d73-8b57-12616c4476c7","is_prod":false,"is_daily":false,"is_ascension_mode":false,"campfire_upgraded":4,"path_taken":["M","?","?","M","?","R","$","R","T","?","R","?","E","?","R","BOSS","M","?","?","M","?","R","$","M","T","R","?","?","?","M","R","BOSS","M","?","M","?","?","R","M","M","T","R","M","R","?","M","R","BOSS"],"build_version":"2018-02-12-PROD1","purchased_purges":2,"victory":true,"master_deck":["Strike_R","Strike_R+1","Strike_R+1","Strike_R+1","Defend_R+1","Defend_R","Defend_R","Bash","Uppercut+1","Flame Barrier+1","Seeing Red+1","Juggernaut+1","Body Slam","Fiend Fire","True Grit+1","Corruption+1","Pummel+1","Dark Embrace","Sever Soul+1","Intimidate+1","Feel No Pain","Writhe"],"max_hp_per_floor":[88,88,88,88,88,88,88,88,88,88,88,88,88,88,88,88,88,88,88,88,88,88,88,88,88,88,88,88,88,95,95,95,95,95,95,95,95,95,95,95,95,95,95,95,95,95,95,95,95,95],"relics":["Burning Blood","Oddly Smooth Stone","Dead Branch","Bag of Marbles","Calling Bell","Girya","Bag of Preparation","Lantern","Happy Flower","Shovel","Toolbox","Strawberry","Whetstone","Mark of Pain","Thread and Needle","Toxic Egg 2","Juzu Bracelet","Champion Belt","Shuriken","Ginger","Vajra"],"card_choices":[{"not_picked":["Havoc","Pummel"],"picked":"Uppercut"},{"not_picked":["Flex","Sword Boomerang"],"picked":"Flame Barrier"},{"not_picked":["Sentinel","Headbutt"],"picked":"Juggernaut"},{"not_picked":["Flex","Clothesline"],"picked":"Body Slam"},{"not_picked":["Bludgeon","Reaper"],"picked":"Fiend Fire"},{"not_picked":["Iron Wave","Whirlwind"],"picked":"True Grit"},{"not_picked":["Spot Weakness","Reckless Charge"],"picked":"Corruption"},{"not_picked":["Dual Wield","Armaments"],"picked":"Pummel"},{"not_picked":["Bludgeon","Limit Break"],"picked":"Dark Embrace"},{"not_picked":["Heavy Blade","Intimidate"],"picked":"Sever Soul"},{"not_picked":["Spot Weakness","Cleave"],"picked":"Intimidate"},{"not_picked":["Bloodletting","Spot Weakness"],"picked":"Feel No Pain"}],"player_experience":98942,"potions_floor_usage":[21,33,48,50,50],"damage_taken":[{"damage":10,"enemies":"Cultist","floor":1,"turns":4},{"damage":4,"enemies":"Jaw Worm","floor":4,"turns":4},{"damage":0,"enemies":"2 Louse","floor":12,"turns":2},{"damage":15,"enemies":"Gremlin Nob","floor":13,"turns":4},{"damage":5,"enemies":"Exordium Thugs","floor":14,"turns":3},{"damage":17,"enemies":"The Guardian","floor":16,"turns":8},{"damage":2,"enemies":"Chosen","floor":18,"turns":4},{"damage":0,"enemies":"Shell Parasite","floor":21,"turns":2},{"damage":3,"enemies":"Sentry and Sphere","floor":22,"turns":3},{"damage":12,"enemies":"Cultist and Chosen","floor":25,"turns":5},{"damage":0,"enemies":"Snake Plant","floor":31,"turns":1},{"damage":37,"enemies":"Automaton","floor":33,"turns":5},{"damage":1,"enemies":"3 Darklings","floor":35,"turns":3},{"damage":8,"enemies":"Mysterious Sphere","floor":36,"turns":2},{"damage":0,"enemies":"Orb Walker","floor":37,"turns":1},{"damage":11,"enemies":"3 Darklings","floor":41,"turns":3},{"damage":4,"enemies":"Sphere and 2 Shapes","floor":42,"turns":1},{"damage":20,"enemies":"4 Shapes","floor":45,"turns":5},{"damage":0,"enemies":"Maw","floor":48,"turns":4},{"damage":6,"enemies":"Donu and Deca","floor":50,"turns":5}],"event_choices":[{"event_name":"The Cleric","player_choice":"Card Removal","floor":2,"damage_taken":0},{"event_name":"Scrap Ooze","player_choice":"success","floor":3,"damage_taken":3},{"event_name":"Shining Light","player_choice":"Entered Light","floor":5,"damage_taken":0},{"event_name":"World of Goop","player_choice":"Gather Gold","floor":10,"damage_taken":0},{"event_name":"Purifier","player_choice":"One Purge","floor":19,"damage_taken":0},{"event_name":"Addict","player_choice":"Obtained Relic","floor":20,"damage_taken":0},{"event_name":"Drug Dealer","player_choice":"Ignored","floor":28,"damage_taken":0},{"event_name":"Mysterious Sphere","player_choice":"Fight","floor":36,"damage_taken":0},{"event_name":"Winding Halls","player_choice":"Writhe","floor":47,"damage_taken":0}],"boss_relics":[{"not_picked":["Lizard Tail","Runic Dome"],"picked":"Calling Bell"},{"not_picked":["Runic Pyramid","Philosopher\u0027s Stone"],"picked":"Mark of Pain"}],"potions_floor_spawned":[1,12,13,18,31,37,42,45],"seed_played":"-6158124185842402279","ascension_level":0,"is_trial":false}