{"gold_per_floor":[116,133,133,153,153,216,71,110,137,137,161,161,182,201,201,331,331,346,361,361,276,300,300,300],"floor_reached":24,"playtime":2370,"items_purged":[],"score":239,"play_id":"19fd8f38-8375-4e2a-a3ab-a6579dc9d945","local_time":"20190714121123","is_ascension_mode":true,"campfire_choices":[{"floor":15,"key":"REST"}],"neow_cost":"NONE","seed_source_timestamp":91094636333300,"circlet_count":0,"master_deck":["Strike_B+1","Strike_B+1","Defend_B+1","Defend_B+1","Defend_B+1","Defend_B+1","Zap","Dualcast","Sunder","Hologram","Cold Snap","Melter","Lockon","Beam Cell","Coolheaded","Multi-Cast","Turbo+1","Steam+1","Melter","Aggregate","Ball Lightning"],"relics":["Cracked Core","NeowsBlessing","Golden Idol","Tiny Chest","Anchor","Boot","Blood Vial","Nuclear Battery","Omamori"],"potions_floor_usage":[6,11,14,16,19,24],"damage_taken":[{"damage":0,"enemies":"Jaw Worm","floor":1,"turns":1},{"damage":0,"enemies":"Small Slimes","floor":2,"turns":1},{"damage":0,"enemies":"2 Louse","floor":4,"turns":1},{"damage":14,"enemies":"3 Sentries","floor":6,"turns":6},{"damage":35,"enemies":"Lagavulin","floor":8,"turns":7},{"damage":0,"enemies":"2 Fungi Beasts","floor":11,"turns":2},{"damage":1,"enemies":"Red Slaver","floor":13,"turns":3},{"damage":8,"enemies":"Large Slime","floor":14,"turns":3},{"damage":54,"enemies":"The Guardian","floor":16,"turns":15},{"damage":11,"enemies":"Shell Parasite","floor":18,"turns":5},{"damage":4,"enemies":"3 Byrds","floor":19,"turns":4},{"damage":19,"enemies":"Shelled Parasite and Fungi","floor":22,"turns":5},{"damage":50,"enemies":"Book of Stabbing","floor":24,"turns":7}],"seed_played":"-2351102590679156043","potions_obtained":[{"floor":1,"key":"FairyPotion"},{"floor":4,"key":"AttackPotion"},{"floor":6,"key":"Strength Potion"},{"floor":13,"key":"PowerPotion"},{"floor":14,"key":"SteroidPotion"},{"floor":18,"key":"AttackPotion"},{"floor":22,"key":"Block Potion"}],"is_trial":false,"path_per_floor":["M","M","?","M","?","E","$","E","T","T","M","?","M","M","R","B",null,"M","M","?","?","M","?","E"],"character_chosen":"DEFECT","items_purchased":["Anchor"],"campfire_rested":1,"item_purchase_floors":[7],"current_hp_per_floor":[75,75,75,75,75,61,61,26,26,26,28,28,29,23,45,7,75,64,62,62,62,45,45,0],"gold":300,"neow_bonus":"THREE_ENEMY_KILL","is_prod":false,"is_daily":false,"chose_seed":false,"campfire_upgraded":0,"win_rate":0,"timestamp":1563120683,"path_taken":["M","M","?","M","?","E","$","E","T","?","M","?","?","M","R","BOSS","M","M","?","?","M","?","E"],"build_version":"2019-07-05","purchased_purges":0,"victory":false,"max_hp_per_floor":[75,75,75,75,75,75,75,75,75,75,75,75,75,75,75,75,75,75,75,75,75,75,75,75],"card_choices":[{"not_picked":["Barrage","Melter"],"picked":"Sunder","floor":1},{"not_picked":["Conserve Battery","Go for the Eyes"],"picked":"Hologram","floor":2},{"not_picked":["Chaos","Heatsinks"],"picked":"Cold Snap","floor":4},{"not_picked":["Reinforced Body","Compile Driver"],"picked":"Melter","floor":6},{"not_picked":["Steam","Amplify"],"picked":"Lockon","floor":8},{"not_picked":["Hologram","Ball Lightning","Barrage"],"picked":"SKIP","floor":11},{"not_picked":["Leap","Hologram"],"picked":"Beam Cell","floor":13},{"not_picked":["Tempest","Steam"],"picked":"Coolheaded","floor":14},{"not_picked":["Fission","Buffer"],"picked":"Multi-Cast","floor":16},{"not_picked":["Redo","BootSequence"],"picked":"Turbo+1","floor":18},{"not_picked":["Lockon","Hello World"],"picked":"Steam+1","floor":19},{"not_picked":["Cold Snap+1","Steam+1"],"picked":"Ball Lightning","floor":22}],"player_experience":548642,"relics_obtained":[{"floor":6,"key":"Tiny Chest"},{"floor":8,"key":"Boot"},{"floor":10,"key":"Blood Vial"}],"event_choices":[{"damage_healed":0,"gold_gain":0,"player_choice":"Take Wound","damage_taken":0,"relics_obtained":["Golden Idol"],"max_hp_gain":0,"max_hp_loss":0,"event_name":"Golden Idol","floor":3,"gold_loss":0,"cards_obtained":["Injury"]},{"cards_removed":["Injury"],"damage_healed":0,"gold_gain":0,"player_choice":"Forget","damage_taken":0,"max_hp_gain":0,"max_hp_loss":0,"event_name":"Living Wall","floor":5,"gold_loss":0},{"damage_healed":0,"gold_gain":0,"player_choice":"Searched \u00270\u0027 times","damage_taken":0,"max_hp_gain":0,"max_hp_loss":0,"event_name":"Dead Adventurer","floor":12,"gold_loss":0},{"damage_healed":0,"gold_gain":0,"cards_transformed":["Strike_B","Strike_B"],"player_choice":"Became Test Subject","damage_taken":0,"max_hp_gain":0,"max_hp_loss":0,"event_name":"Drug Dealer","floor":20,"gold_loss":0,"cards_obtained":["Melter","Aggregate"]},{"damage_healed":0,"gold_gain":0,"player_choice":"Obtained Relic","damage_taken":0,"relics_obtained":["Omamori"],"max_hp_gain":0,"max_hp_loss":0,"event_name":"Addict","floor":21,"gold_loss":85},{"damage_healed":0,"gold_gain":0,"player_choice":"Simplicity","damage_taken":0,"max_hp_gain":0,"max_hp_loss":0,"event_name":"Back to Basics","floor":23,"gold_loss":0,"cards_upgraded":["Strike_B","Strike_B","Defend_B","Defend_B","Defend_B","Defend_B"]}],"is_beta":false,"boss_relics":[{"not_picked":["Sozu","Black Star"],"picked":"Nuclear Battery"}],"items_purged_floors":[],"is_endless":false,"potions_floor_spawned":[1,4,6,13,14,18,22],"killed_by":"Book of Stabbing","ascension_level":3}