{"gold_per_floor":[113,38,38,50,63,97,127,127,127,142,169,186,248,323,323,394,394,405,48,48,64,64,95,95,108,135,135],"floor_reached":27,"playtime":943,"items_purged":["Injury"],"score":410,"play_id":"7a2c353b-b95b-4a2e-835a-7495bde0fcc9","local_time":"20190721022723","is_ascension_mode":true,"campfire_choices":[{"data":"Discovery","floor":8,"key":"SMITH"},{"floor":15,"key":"REST"},{"data":"Hemokinesis","floor":24,"key":"SMITH"}],"neow_cost":"CURSE","seed_source_timestamp":184114042316300,"circlet_count":0,"master_deck":["AscendersBane","Strike_R","Strike_R","Strike_R","Strike_R","Defend_R","Defend_R","Defend_R","Defend_R","Bash","Finesse","Discovery+1","Wild Strike","Cleave","Cleave","Hemokinesis+1","Thunderclap","Shockwave","Ghostly Armor","Feed","Seeing Red","Necronomicurse","Clothesline+1","Anger+1","Inflame+1"],"relics":["Burning Blood","Torii","Tiny Chest","Paper Frog","Strawberry","Runic Cube","Toolbox","Happy Flower","Necronomicon","Boot","Kunai","Omamori"],"potions_floor_usage":[6,6,11,11,16,25],"damage_taken":[{"damage":8,"enemies":"Jaw Worm","floor":1,"turns":7},{"damage":0,"enemies":"Cultist","floor":4,"turns":2},{"damage":3,"enemies":"Small Slimes","floor":5,"turns":4},{"damage":38,"enemies":"Lagavulin","floor":6,"turns":5},{"damage":7,"enemies":"2 Fungi Beasts","floor":10,"turns":3},{"damage":19,"enemies":"Gremlin Nob","floor":11,"turns":3},{"damage":12,"enemies":"Looter","floor":12,"turns":3},{"damage":35,"enemies":"Hexaghost","floor":16,"turns":9},{"damage":25,"enemies":"Shell Parasite","floor":18,"turns":8},{"damage":1,"enemies":"Spheric Guardian","floor":21,"turns":3},{"damage":16,"enemies":"Book of Stabbing","floor":23,"turns":4},{"damage":20,"enemies":"Shelled Parasite and Fungi","floor":25,"turns":5},{"damage":16,"enemies":"Snake Plant","floor":27,"turns":2}],"seed_played":"-1324316643231237721","potions_obtained":[{"floor":1,"key":"Explosive Potion"},{"floor":4,"key":"EntropicBrew"},{"floor":11,"key":"Fire Potion"},{"floor":23,"key":"Weak Potion"}],"is_trial":false,"path_per_floor":["M","$","?","M","M","E","?","R","T","M","E","M","?","?","R","B",null,"M","$","?","M","?","E","R","M","T","M"],"character_chosen":"IRONCLAD","items_purchased":["Toolbox","Happy Flower"],"campfire_rested":1,"item_purchase_floors":[19,19],"current_hp_per_floor":[66,66,66,72,75,43,43,43,43,42,36,30,30,19,43,14,65,46,46,30,35,35,25,25,11,11,0],"gold":135,"neow_bonus":"RANDOM_COLORLESS_2","is_prod":false,"is_daily":false,"chose_seed":false,"campfire_upgraded":2,"win_rate":0,"timestamp":1563690443,"path_taken":["M","$","?","M","?","E","?","R","T","M","E","M","?","?","R","BOSS","M","$","?","M","?","E","R","M","T","M"],"build_version":"2019-07-17","purchased_purges":1,"victory":false,"max_hp_per_floor":[75,75,75,75,75,75,75,75,75,75,82,82,82,82,82,82,82,82,82,82,82,82,82,82,82,82,82],"card_choices":[{"not_picked":["Clash","Havoc"],"picked":"Wild Strike","floor":1},{"not_picked":["Ghostly Armor","Infernal Blade"],"picked":"Cleave","floor":4},{"not_picked":["Anger","Battle Trance"],"picked":"Cleave","floor":5},{"not_picked":["Pummel","Armaments"],"picked":"Hemokinesis","floor":6},{"not_picked":["Iron Wave","Dropkick"],"picked":"Thunderclap","floor":10},{"not_picked":["Body Slam","Thunderclap"],"picked":"Shockwave","floor":11},{"not_picked":["Second Wind","Heavy Blade"],"picked":"Ghostly Armor","floor":12},{"not_picked":["Offering","Barricade"],"picked":"Feed","floor":16},{"not_picked":["Ghostly Armor","Clothesline"],"picked":"Seeing Red","floor":18},{"not_picked":["Body Slam","Corruption"],"picked":"Clothesline+1","floor":21},{"not_picked":["Clash+1","Perfected Strike"],"picked":"Anger+1","floor":23},{"not_picked":["Clash+1","Perfected Strike"],"picked":"Inflame+1","floor":25}],"player_experience":675555,"relics_obtained":[{"floor":6,"key":"Torii"},{"floor":9,"key":"Paper Frog"},{"floor":11,"key":"Strawberry"},{"floor":20,"key":"Necronomicon"},{"floor":23,"key":"Kunai"},{"floor":26,"key":"Omamori"}],"event_choices":[{"cards_removed":["Strike_R"],"damage_healed":0,"gold_gain":0,"player_choice":"Purged","damage_taken":0,"max_hp_gain":0,"max_hp_loss":0,"event_name":"Purifier","floor":3,"gold_loss":0},{"damage_healed":0,"gold_gain":0,"player_choice":"Searched \u00271\u0027 times","damage_taken":0,"relics_obtained":["Tiny Chest"],"max_hp_gain":0,"max_hp_loss":0,"event_name":"Dead Adventurer","floor":7,"gold_loss":0},{"damage_healed":0,"gold_gain":62,"player_choice":"Gained Gold","damage_taken":0,"max_hp_gain":0,"max_hp_loss":0,"event_name":"Golden Wing","floor":13,"gold_loss":0},{"damage_healed":0,"gold_gain":75,"player_choice":"Gather Gold","damage_taken":11,"max_hp_gain":0,"max_hp_loss":0,"event_name":"World of Goop","floor":14,"gold_loss":0},{"damage_healed":0,"gold_gain":0,"player_choice":"Obtained Book","damage_taken":16,"max_hp_gain":0,"max_hp_loss":0,"event_name":"Cursed Tome","floor":20,"gold_loss":0},{"damage_healed":0,"gold_gain":0,"player_choice":"Opened","damage_taken":0,"relics_obtained":["Boot"],"max_hp_gain":0,"max_hp_loss":0,"event_name":"The Mausoleum","floor":22,"gold_loss":0}],"is_beta":false,"boss_relics":[{"not_picked":["Snecko Eye","Lizard Tail"],"picked":"Runic Cube"}],"items_purged_floors":[2],"is_endless":false,"potions_floor_spawned":[1,4,11,23],"killed_by":"Snake Plant","ascension_level":14}