{"gold_per_floor":[113,129,148,148,148,148,162,233,282,302,302,316,316,339,339,469,469,485,512,498,251,265,303,303,344,344,344,369,369,369,393,393,516,516,536,554,554],"floor_reached":37,"playtime":2726,"items_purged":["Injury"],"score":403,"play_id":"a4d79953-c7b5-41e8-abe3-81986a8a3779","local_time":"20181110140237","is_ascension_mode":false,"campfire_choices":[{"data":"Capacitor","floor":6,"key":"SMITH"},{"data":"Melter","floor":11,"key":"SMITH"},{"data":"Defend_B","floor":13,"key":"SMITH"},{"data":"Defend_B","floor":15,"key":"SMITH"},{"floor":24,"key":"REST"},{"floor":29,"key":"REST"},{"floor":32,"key":"REST"}],"neow_cost":"CURSE","seed_source_timestamp":247110297908924,"circlet_count":0,"master_deck":["Strike_B","Defend_B+1","Defend_B","Defend_B+1","Defend_B+1","Zap","Dualcast","Recycle","Coolheaded+1","Capacitor+1","Melter+1","Static Discharge+1","Creative AI+1","Genetic Algorithm+1","Coolheaded+1","Go for the Eyes+1","Glacier","Pain","Amplify","Fission+1","Reinforced Body+1","Blizzard+1"],"relics":["Cracked Core","Golden Idol","Frozen Egg 2","Orichalcum","Runic Dome","War Paint","PreservedInsect","DataDisk","Gremlin Horn","WarpedTongs","Astrolabe"],"potions_floor_usage":[16,23,37],"damage_taken":[{"damage":0,"enemies":"Cultist","floor":1,"turns":3},{"damage":7,"enemies":"2 Louse","floor":2,"turns":3},{"damage":0,"enemies":"Small Slimes","floor":3,"turns":6},{"damage":9,"enemies":"Blue Slaver","floor":7,"turns":5},{"damage":1,"enemies":"Red Slaver","floor":10,"turns":4},{"damage":2,"enemies":"Looter","floor":12,"turns":3},{"damage":6,"enemies":"Exordium Thugs","floor":14,"turns":4},{"damage":18,"enemies":"Hexaghost","floor":16,"turns":11},{"damage":15,"enemies":"3 Byrds","floor":18,"turns":4},{"damage":14,"enemies":"2 Thieves","floor":20,"turns":4},{"damage":19,"enemies":"Chosen and Byrds","floor":22,"turns":7},{"damage":18,"enemies":"Gremlin Leader","floor":23,"turns":7},{"damage":14,"enemies":"Book of Stabbing","floor":25,"turns":5},{"damage":16,"enemies":"Snake Plant","floor":28,"turns":4},{"damage":6,"enemies":"Centurion and Healer","floor":31,"turns":9},{"damage":52,"enemies":"Automaton","floor":33,"turns":13},{"damage":15,"enemies":"3 Darklings","floor":35,"turns":9},{"damage":73,"enemies":"3 Shapes","floor":36,"turns":6},{"damage":1,"enemies":"3 Darklings","floor":37,"turns":1}],"seed_played":"6731213960116751441","potions_obtained":[{"floor":1,"key":"Explosive Potion"},{"floor":2,"key":"Regen Potion"},{"floor":14,"key":"Block Potion"},{"floor":18,"key":"GamblersBrew"},{"floor":25,"key":"SneckoOil"},{"floor":33,"key":"AttackPotion"}],"is_trial":false,"path_per_floor":["M","M","M","?","?","R","M","T","T","M","R","M","R","M","R","B",null,"M","T","M","$","M","E","R","E","T","?","M","R","?","M","R","B",null,"M","M","M"],"character_chosen":"DEFECT","items_purchased":["Coolheaded","War Paint"],"campfire_rested":3,"item_purchase_floors":[21,21],"current_hp_per_floor":[89,82,82,64,42,42,33,33,33,32,32,30,30,24,24,21,89,74,74,60,60,41,23,49,35,35,35,19,45,45,39,65,13,89,74,1,0],"gold":554,"neow_bonus":"TWENTY_PERCENT_HP_BONUS","is_prod":false,"is_daily":false,"chose_seed":false,"campfire_upgraded":4,"win_rate":0,"timestamp":1541876557,"path_taken":["M","?","M","?","?","R","M","?","T","M","R","M","R","M","R","BOSS","M","?","M","$","M","E","R","E","T","?","?","R","?","M","R","BOSS","M","M","M"],"build_version":"2018-11-08","purchased_purges":1,"victory":false,"max_hp_per_floor":[89,89,89,89,89,89,89,89,89,89,89,89,89,89,89,89,89,89,89,89,89,89,89,89,89,89,89,89,89,89,89,89,89,89,89,89,89],"card_choices":[{"not_picked":["Streamline","Compile Driver"],"picked":"Recycle","floor":1},{"not_picked":["Darkness","Double Energy"],"picked":"Coolheaded","floor":2},{"not_picked":["Streamline","Redo"],"picked":"Capacitor","floor":3},{"not_picked":["Rebound","Hologram"],"picked":"Melter","floor":7},{"not_picked":["Redo","Ball Lightning","Sunder"],"picked":"SKIP","floor":10},{"not_picked":["Rebound","Barrage","Steam"],"picked":"SKIP","floor":12},{"not_picked":["Leap","Scrape"],"picked":"Static Discharge+1","floor":14},{"not_picked":["Buffer+1","Thunder Strike"],"picked":"Creative AI+1","floor":16},{"not_picked":["Auto Shields","Cold Snap","Barrage"],"picked":"SKIP","floor":18},{"not_picked":["Beam Cell","Hologram"],"picked":"Genetic Algorithm","floor":20},{"not_picked":["Leap","Turbo"],"picked":"Go for the Eyes+1","floor":22},{"not_picked":["Leap","Multi-Cast"],"picked":"Glacier","floor":23},{"not_picked":["Rebound","Tempest","Skim+1"],"picked":"SKIP","floor":25},{"not_picked":["Steam Power","Consume","Compile Driver"],"picked":"SKIP","floor":28},{"not_picked":["Turbo+1","Compile Driver","Thunder Strike"],"picked":"SKIP","floor":31},{"not_picked":["Machine Learning+1","Meteor Strike"],"picked":"Amplify","floor":33},{"not_picked":["Auto Shields+1","Go for the Eyes+1","Rebound+1"],"picked":"SKIP","floor":35},{"not_picked":["Turbo+1","Reprogram","Stack+1"],"picked":"SKIP","floor":36}],"player_experience":321992,"relics_obtained":[{"floor":8,"key":"Frozen Egg 2"},{"floor":9,"key":"Orichalcum"},{"floor":23,"key":"PreservedInsect"},{"floor":25,"key":"DataDisk"},{"floor":26,"key":"Gremlin Horn"}],"event_choices":[{"damage_healed":0,"gold_gain":0,"player_choice":"Entered Light","damage_taken":18,"max_hp_gain":0,"max_hp_loss":0,"event_name":"Shining Light","floor":4,"gold_loss":0,"cards_upgraded":["Defend_B","Coolheaded"]},{"damage_healed":0,"gold_gain":0,"player_choice":"Take Damage","damage_taken":22,"relics_obtained":["Golden Idol"],"max_hp_gain":0,"max_hp_loss":0,"event_name":"Golden Idol","floor":5,"gold_loss":0},{"damage_healed":0,"gold_gain":0,"player_choice":"Rummage","damage_taken":0,"relics_obtained":["WarpedTongs"],"max_hp_gain":0,"max_hp_loss":0,"event_name":"Accursed Blacksmith","floor":27,"gold_loss":0,"cards_obtained":["Pain"]},{"damage_healed":0,"gold_gain":0,"player_choice":"0 cards matched","damage_taken":0,"max_hp_gain":0,"max_hp_loss":0,"event_name":"Match and Keep!","floor":30,"gold_loss":0,"cards_obtained":[]}],"is_beta":true,"boss_relics":[{"not_picked":["Ectoplasm","Coffee Dripper"],"picked":"Runic Dome"},{"not_picked":["Velvet Choker","Pandora\u0027s Box"],"picked":"Astrolabe"}],"items_purged_floors":[21],"is_endless":false,"potions_floor_spawned":[1,2,14,18,22,25,31,33,35],"killed_by":"3 Darklings","ascension_level":0}