{"gold_per_floor":[113,126,139,139,139,139,167,182,208,208,222,397,397,424,424,525,525,539,556,21,21],"floor_reached":21,"playtime":801,"items_purged":[],"score":208,"play_id":"41eefab7-1a4d-4753-8214-1956727d523c","local_time":"20190607232206","is_ascension_mode":true,"campfire_choices":[{"floor":6,"key":"RECALL"},{"data":"Noxious Fumes","floor":10,"key":"SMITH"},{"floor":15,"key":"REST"}],"neow_cost":"NONE","seed_source_timestamp":107489471297590,"circlet_count":0,"master_deck":["Defend_G","Defend_G","Defend_G","Defend_G","Defend_G","Strike_G","Strike_G","Strike_G","Strike_G","Strike_G","Survivor","Neutralize","Outmaneuver","Backstab","Noxious Fumes+1","Crippling Poison","Deadly Poison","Deadly Poison","Backstab","Envenom","Quick Slash+1","Dagger Throw+1","Deadly Poison","PiercingWail","Slice"],"relics":["Eternal Feather","Orichalcum","Lantern","Omamori","Black Star","Shuriken","Strawberry"],"potions_floor_usage":[11,14,16,21],"damage_taken":[{"damage":2,"enemies":"Jaw Worm","floor":1,"turns":5},{"damage":3,"enemies":"Small Slimes","floor":2,"turns":6},{"damage":2,"enemies":"2 Louse","floor":3,"turns":2},{"damage":33,"enemies":"Gremlin Nob","floor":7,"turns":6},{"damage":6,"enemies":"Blue Slaver","floor":8,"turns":4},{"damage":2,"enemies":"Exordium Thugs","floor":11,"turns":5},{"damage":31,"enemies":"3 Sentries","floor":14,"turns":9},{"damage":8,"enemies":"Hexaghost","floor":16,"turns":9},{"damage":27,"enemies":"Spheric Guardian","floor":18,"turns":5},{"damage":11,"enemies":"Chosen","floor":19,"turns":5},{"damage":39,"enemies":"3 Cultists","floor":21,"turns":4}],"seed_played":"-9199535857042456767","potions_obtained":[{"floor":3,"key":"SpeedPotion"},{"floor":7,"key":"Fire Potion"},{"floor":8,"key":"SkillPotion"},{"floor":16,"key":"SteroidPotion"},{"floor":19,"key":"Fire Potion"}],"is_trial":false,"path_per_floor":["M","M","M","?","?","R","E","M","T","R","M","?","?","E","R","B",null,"M","M","$","M"],"character_chosen":"THE_SILENT","items_purchased":["Shuriken","Strawberry","Deadly Poison","PiercingWail","Slice"],"campfire_rested":1,"item_purchase_floors":[20,20,20,20,20],"current_hp_per_floor":[68,65,63,56,56,65,32,26,26,35,33,33,33,2,32,24,70,43,32,39,0],"gold":21,"neow_bonus":"BOSS_RELIC","is_prod":false,"is_daily":false,"chose_seed":false,"campfire_upgraded":1,"win_rate":0,"timestamp":1559964126,"path_taken":["M","M","M","?","?","R","E","M","T","R","M","?","?","E","R","BOSS","M","M","$","M"],"build_version":"2019-01-23","purchased_purges":0,"victory":false,"max_hp_per_floor":[70,70,70,70,70,70,70,70,70,70,70,70,70,70,70,70,70,70,70,77,77],"card_choices":[{"not_picked":["Finisher","Poisoned Stab"],"picked":"Outmaneuver","floor":1},{"not_picked":["Well Laid Plans","Dagger Spray"],"picked":"Backstab","floor":2},{"not_picked":["Deadly Poison","Well Laid Plans"],"picked":"Noxious Fumes","floor":3},{"not_picked":["Dagger Throw","Blade Dance"],"picked":"Crippling Poison","floor":7},{"not_picked":["Malaise","Deflect"],"picked":"Deadly Poison","floor":8},{"not_picked":["Quick Slash","Bane"],"picked":"Deadly Poison","floor":11},{"not_picked":["Flying Knee","Underhanded Strike"],"picked":"Backstab","floor":14},{"not_picked":["Night Terror","Die Die Die"],"picked":"Envenom","floor":16},{"not_picked":["Bane","Riddle With Holes"],"picked":"Quick Slash+1","floor":18},{"not_picked":["Underhanded Strike","Cloak And Dagger"],"picked":"Dagger Throw+1","floor":19}],"player_experience":435501,"relics_obtained":[{"floor":7,"key":"Lantern"},{"floor":14,"key":"Omamori"}],"event_choices":[{"damage_healed":0,"gold_gain":0,"player_choice":"Success","damage_taken":7,"relics_obtained":["Orichalcum"],"max_hp_gain":0,"max_hp_loss":0,"event_name":"Scrap Ooze","floor":4,"gold_loss":0},{"damage_healed":0,"gold_gain":0,"player_choice":"Ignored","damage_taken":0,"max_hp_gain":0,"max_hp_loss":0,"event_name":"Shining Light","floor":5,"gold_loss":0},{"damage_healed":0,"gold_gain":175,"player_choice":"AGREE","damage_taken":0,"max_hp_gain":0,"max_hp_loss":0,"event_name":"Liars Game","floor":12,"gold_loss":0,"cards_obtained":["Doubt"]},{"cards_removed":["Doubt"],"damage_healed":0,"gold_gain":0,"player_choice":"Forget","damage_taken":0,"max_hp_gain":0,"max_hp_loss":0,"event_name":"Living Wall","floor":13,"gold_loss":0}],"is_beta":false,"boss_relics":[{"not_picked":["Sozu","Cursed Key"],"picked":"Black Star"}],"items_purged_floors":[],"is_endless":false,"potions_floor_spawned":[3,7,8,16,19],"killed_by":"3 Cultists","ascension_level":2}