{"gold_per_floor":[116,130,110,81,92,92,112,112,112,126,126,138,138,138,138,212,212,225,225,225,239,239,239,250,250,250,250,260,272,272],"floor_reached":30,"playtime":1364,"items_purged":[],"score":444,"play_id":"3cda42f5-d5ed-411b-a8d1-f34af2ab980a","local_time":"20190407174632","is_ascension_mode":true,"campfire_choices":[{"data":"Defragment","floor":6.0,"key":"SMITH"},{"data":"Reinforced Body","floor":8.0,"key":"SMITH"},{"data":"Defend_B","floor":11.0,"key":"SMITH"},{"data":"Static Discharge","floor":15.0,"key":"SMITH"},{"data":"Coolheaded","floor":23.0,"key":"SMITH"},{"data":"Skim","floor":25.0,"key":"SMITH"},{"data":"Cold Snap","floor":27.0,"key":"SMITH"}],"neow_cost":"NONE","seed_source_timestamp":74654650127501,"circlet_count":0,"master_deck":["AscendersBane","Strike_B","Strike_B","Strike_B","Defend_B","Defend_B","Defend_B","Defend_B+1","Zap","Dualcast","Coolheaded+1","Reinforced Body+1","Cold Snap+1","Defragment+1","Chill","Static Discharge+1","Machine Learning","Injury","Clumsy","Clumsy","Go for the Eyes+1","Skim+1","Capacitor+1","Beam Cell","Conserve Battery"],"special_seed":0,"relics":["Cracked Core","Bag of Preparation","Art of War","Shuriken","Calling Bell","Bronze Scales","Question Card","Bird Faced Urn","Frozen Egg 2","Blue Candle"],"potions_floor_usage":[],"damage_taken":[{"damage":4.0,"enemies":"Small Slimes","floor":1.0,"turns":3.0},{"damage":0.0,"enemies":"Cultist","floor":2.0,"turns":4.0},{"damage":0.0,"enemies":"Jaw Worm","floor":5.0,"turns":5.0},{"damage":0.0,"enemies":"Blue Slaver","floor":7.0,"turns":5.0},{"damage":4.0,"enemies":"Red Slaver","floor":10.0,"turns":3.0},{"damage":1.0,"enemies":"Large Slime","floor":12.0,"turns":11.0},{"damage":28.0,"enemies":"The Guardian","floor":16.0,"turns":17.0},{"damage":0.0,"enemies":"3 Byrds","floor":18.0,"turns":2.0},{"damage":0.0,"enemies":"Chosen","floor":21.0,"turns":9.0},{"damage":21.0,"enemies":"Centurion and Healer","floor":24.0,"turns":10.0},{"damage":17.0,"enemies":"Snake Plant","floor":28.0,"turns":5.0},{"damage":12,"enemies":"Shelled Parasite and Fungi","floor":29,"turns":5},{"damage":77,"enemies":"Cultist and Chosen","floor":30,"turns":5}],"seed_played":"8157608252762968761","potions_obtained":[{"floor":1.0,"key":"Swift Potion"},{"floor":3.0,"key":"Explosive Potion"},{"floor":18.0,"key":"Ancient Potion"},{"floor":21.0,"key":"Regen Potion"},{"floor":29,"key":"SpeedPotion"}],"is_trial":false,"path_per_floor":["M","M","?","$","M","R","M","R","T","M","R","M","?","$","R","B",null,"M","T","?","M","?","R","M","R","T","R","M","M","M"],"character_chosen":"DEFECT","items_purchased":["Cold Snap"],"campfire_rested":0,"item_purchase_floors":[4],"current_hp_per_floor":[60,60,60,60,60,60,60,60,60,56,56,55,55,55,55,27,60,64,64,64,70,70,70,50,50,50,50,53,47,0],"gold":272,"neow_bonus":"RANDOM_COMMON_RELIC","is_prod":false,"is_daily":false,"chose_seed":false,"campfire_upgraded":7,"win_rate":0,"timestamp":1554673592,"path_taken":["M","M","?","?","?","R","M","R","T","M","R","M","?","$","R","BOSS","M","?","?","?","?","R","M","R","T","R","?","M","M"],"build_version":"2019-04-04","purchased_purges":0,"victory":false,"max_hp_per_floor":[71,71,71,71,71,71,71,71,71,71,71,71,71,71,71,71,71,71,71,71,71,71,71,71,71,71,71,71,71,71],"card_choices":[{"not_picked":["Lockon","Rip and Tear"],"picked":"Coolheaded","floor":1.0},{"not_picked":["Barrage","Compile Driver"],"picked":"Reinforced Body","floor":2.0},{"not_picked":["Capacitor","White Noise"],"picked":"Defragment","floor":5.0},{"not_picked":["Steam","Hologram","Ball Lightning"],"picked":"SKIP","floor":7.0},{"not_picked":["Rebound","Recycle"],"picked":"Chill","floor":10.0},{"not_picked":["Gash","Redo"],"picked":"Static Discharge","floor":12.0},{"not_picked":["Electrodynamics","Rainbow"],"picked":"Machine Learning","floor":16.0},{"not_picked":["Scrape","Chaos","Leap"],"picked":"Go for the Eyes","floor":18.0},{"not_picked":["Sweeping Beam","Double Energy","Sunder+1","Compile Driver"],"picked":"SKIP","floor":21.0},{"not_picked":["Heatsinks+1","Leap","Hello World+1"],"picked":"Capacitor+1","floor":24.0},{"not_picked":["Leap","Sunder","Scrape"],"picked":"Beam Cell","floor":28.0},{"not_picked":["Gash","Hologram","Biased Cognition+1"],"picked":"Conserve Battery","floor":29}],"player_experience":1057628,"relics_obtained":[{"floor":9.0,"key":"Art of War"},{"floor":17.0,"key":"Bronze Scales"},{"floor":17.0,"key":"Question Card"},{"floor":17.0,"key":"Bird Faced Urn"},{"floor":19.0,"key":"Frozen Egg 2"},{"floor":26.0,"key":"Blue Candle"}],"event_choices":[{"damage_healed":0.0,"max_hp_gain":0.0,"max_hp_loss":0.0,"gold_gain":0.0,"event_name":"The Woman in Blue","player_choice":"Bought 1 Potion","floor":3.0,"gold_loss":0.0,"damage_taken":0.0},{"damage_healed":0.0,"max_hp_gain":0.0,"max_hp_loss":0.0,"gold_gain":0.0,"event_name":"WeMeetAgain","player_choice":"Gave Potion","floor":13.0,"gold_loss":0.0,"damage_taken":0.0,"relics_obtained":["Shuriken"]},{"damage_healed":0.0,"max_hp_gain":0.0,"max_hp_loss":0.0,"gold_gain":0.0,"event_name":"Accursed Blacksmith","player_choice":"Forge","floor":20.0,"gold_loss":0.0,"damage_taken":0.0,"cards_upgraded":["Go for the Eyes"]},{"damage_healed":0.0,"max_hp_gain":0.0,"max_hp_loss":0.0,"gold_gain":0.0,"cards_transformed":["Strike_B"],"event_name":"Transmorgrifier","player_choice":"Transformed","floor":22.0,"gold_loss":0.0,"damage_taken":0.0,"cards_obtained":["Skim"]}],"is_beta":true,"boss_relics":[{"not_picked":["Sozu","Snecko Eye"],"picked":"Calling Bell"}],"items_purged_floors":[],"is_endless":false,"potions_floor_spawned":[1,10,18,21,29],"killed_by":"Cultist and Chosen","ascension_level":20}