{"gold_per_floor":[112,112,132,81,81,108,108,121,121,139,172,183,203,259,259,355,355,374,374,1,12,12,12,45,45,45,56,72,90,105,124,124,223,223,241,261,84,104,118,118,134,146,146,174,22,22,54,68,68,68],"floor_reached":50,"playtime":5789,"items_purged":[],"score":590,"play_id":"e8534acf-6a3a-4250-b538-9ab9447f875e","local_time":"20180623100435","is_ascension_mode":false,"campfire_choices":[{"data":"Searing Blow","floor":7.0,"key":"SMITH"},{"data":"Searing Blow+1","floor":15.0,"key":"SMITH"},{"data":"Searing Blow+3","floor":23.0,"key":"SMITH"},{"floor":25.0,"key":"REST"},{"data":"Searing Blow+4","floor":32.0,"key":"SMITH"},{"data":"Searing Blow+5","floor":40.0,"key":"SMITH"},{"data":"Searing Blow+6","floor":46,"key":"SMITH"},{"floor":49,"key":"REST"}],"neow_cost":"","seed_source_timestamp":0,"circlet_count":0,"master_deck":["Strike_R","Strike_R+1","Strike_R","Strike_R","Strike_R","Defend_R+1","Defend_R","Defend_R","Defend_R","Bash+1","Searing Blow+7","Clash","Shrug It Off","Clash","Cleave+1","Heavy Blade","Headbutt","Twin Strike","Flex","Double Tap","Body Slam","Dark Shackles","Secret Weapon","Perfected Strike+1","Flash of Steel","Reckless Charge+1","Clash","Infernal Blade","Flex+1","Flame Barrier+1","Impervious","Perfected Strike+1","Intimidate","Purity","Blood for Blood","Carnage+1","Bloodletting+1","Shrug It Off+1","Iron Wave+1","Metallicize+1","Twin Strike"],"special_seed":0,"relics":["Black Blood","Ornamental Fan","Shuriken","Omamori","Vajra","Pear","Happy Flower","Incense Burner","Philosopher\u0027s Stone","Paper Frog","Oddly Smooth Stone","Strawberry","Whetstone"],"potions_floor_usage":[44,44,47,50],"damage_taken":[{"damage":0.0,"enemies":"2 Louse","floor":1.0,"turns":3.0},{"damage":3.0,"enemies":"Small Slimes","floor":3.0,"turns":4.0},{"damage":21.0,"enemies":"Lagavulin","floor":6.0,"turns":4.0},{"damage":0.0,"enemies":"Cultist","floor":8.0,"turns":2.0},{"damage":3.0,"enemies":"3 Louse","floor":10.0,"turns":3.0},{"damage":19.0,"enemies":"3 Sentries","floor":11.0,"turns":5.0},{"damage":0.0,"enemies":"Large Slime","floor":12.0,"turns":5.0},{"damage":4.0,"enemies":"2 Fungi Beasts","floor":13.0,"turns":3.0},{"damage":24.0,"enemies":"Gremlin Nob","floor":14.0,"turns":4.0},{"damage":30.0,"enemies":"The Guardian","floor":16.0,"turns":8.0},{"damage":1.0,"enemies":"Spheric Guardian","floor":18.0,"turns":3.0},{"damage":6.0,"enemies":"2 Thieves","floor":21.0,"turns":4.0},{"damage":30.0,"enemies":"Book of Stabbing","floor":24.0,"turns":5.0},{"damage":3.0,"enemies":"Centurion and Healer","floor":27.0,"turns":3.0},{"damage":16.0,"enemies":"Slaver and Parasite","floor":28.0,"turns":3.0},{"damage":6.0,"enemies":"3 Cultists","floor":29.0,"turns":3.0},{"damage":16.0,"enemies":"Snake Plant","floor":30.0,"turns":3.0},{"damage":2.0,"enemies":"Cultist and Chosen","floor":31.0,"turns":4.0},{"damage":71.0,"enemies":"Champ","floor":33.0,"turns":7.0},{"damage":0.0,"enemies":"3 Shapes","floor":35.0,"turns":2.0},{"damage":0.0,"enemies":"Orb Walker","floor":36.0,"turns":2.0},{"damage":14.0,"enemies":"4 Shapes","floor":38.0,"turns":4.0},{"damage":0.0,"enemies":"Maw","floor":39.0,"turns":7.0},{"damage":0.0,"enemies":"3 Darklings","floor":41.0,"turns":3.0},{"damage":7.0,"enemies":"Sphere and 2 Shapes","floor":42.0,"turns":3.0},{"damage":15,"enemies":"2 Orb Walkers","floor":44,"turns":3},{"damage":47,"enemies":"Nemesis","floor":47,"turns":7},{"damage":14,"enemies":"4 Shapes","floor":48,"turns":4},{"damage":80,"enemies":"Awakened One","floor":50,"turns":10}],"seed_played":"-2963398547406561487","potions_obtained":[{"floor":1.0,"key":"LiquidBronze"},{"floor":12.0,"key":"PowerPotion"},{"floor":14.0,"key":"Swift Potion"},{"floor":29.0,"key":"SmokeBomb"},{"floor":33.0,"key":"GamblersBrew"},{"floor":39.0,"key":"Weak Potion"},{"floor":41.0,"key":"Weak Potion"},{"floor":48,"key":"Weak Potion"}],"is_trial":false,"path_per_floor":["M","?","M","$","T","E","R","M","T","M","E","M","M","?","R","B",null,"M","?","$","M","?","R","E","R","T","M","M","M","M","M","R","B",null,"M","M","$","M","M","R","M","M","T","E","$","R","E","M","R"],"character_chosen":"IRONCLAD","items_purchased":["FearPotion","Dark Shackles","Secret Weapon","BloodPotion","Purity","Ancient Potion","Strawberry"],"campfire_rested":2,"item_purchase_floors":[],"current_hp_per_floor":[80,64,67,67,67,52,52,58,58,61,48,54,56,48,48,24,90,90,90,90,90,72,72,52,79,79,86,80,84,78,86,86,34,90,90,90,90,86,90,90,90,90,90,85,92,92,55,51,80,0],"gold":68,"neow_bonus":"","is_prod":false,"is_daily":false,"chose_seed":false,"campfire_upgraded":6,"win_rate":0.0,"timestamp":1529762675,"path_taken":["M","?","M","$","?","E","R","M","T","M","E","M","M","?","R","BOSS","M","?","$","M","?","R","E","R","T","M","M","?","M","M","R","BOSS","M","M","$","M","M","R","M","M","T","E","$","R","E","M","R","BOSS"],"build_version":"2018-06-21v2","purchased_purges":0,"victory":false,"max_hp_per_floor":[80,80,80,80,80,80,80,80,80,80,80,80,80,90,90,90,90,90,90,90,90,90,90,90,90,90,90,90,90,90,90,90,90,90,90,90,90,90,90,90,90,90,90,90,97,97,97,97,97,97],"card_choices":[{"not_picked":["Disarm","Shrug It Off"],"picked":"Searing Blow","floor":1.0},{"not_picked":["Feel No Pain","Warcry"],"picked":"Clash","floor":3.0},{"not_picked":["Pummel","Hemokinesis"],"picked":"Shrug It Off","floor":6.0},{"not_picked":["Flex","Shrug It Off"],"picked":"Clash","floor":8.0},{"not_picked":["Wild Strike","Metallicize"],"picked":"Cleave","floor":10.0},{"not_picked":["Body Slam","Rupture"],"picked":"Heavy Blade","floor":11.0},{"not_picked":["Wild Strike","Clothesline"],"picked":"Headbutt","floor":12.0},{"not_picked":["Demon Form","Warcry"],"picked":"Twin Strike","floor":13.0},{"not_picked":["Headbutt","Armaments"],"picked":"Flex","floor":14.0},{"not_picked":["Limit Break","Fiend Fire"],"picked":"Double Tap","floor":16.0},{"not_picked":["Reckless Charge","Bloodletting"],"picked":"Body Slam","floor":18.0},{"not_picked":["Warcry+1","Seeing Red"],"picked":"Perfected Strike","floor":21.0},{"not_picked":["Body Slam+1","Berserk"],"picked":"Reckless Charge+1","floor":24.0},{"not_picked":["Pommel Strike","Clothesline"],"picked":"Clash","floor":27.0},{"not_picked":["Thunderclap+1","Berserk"],"picked":"Infernal Blade","floor":28.0},{"not_picked":["Iron Wave","Corruption"],"picked":"Flex+1","floor":29.0},{"not_picked":["True Grit","Sword Boomerang","Fiend Fire"],"picked":"SKIP","floor":30.0},{"not_picked":["Cleave","Body Slam"],"picked":"Flame Barrier+1","floor":31.0},{"not_picked":["Limit Break","Reaper"],"picked":"Impervious","floor":33.0},{"not_picked":["Seeing Red+1","Iron Wave"],"picked":"Perfected Strike+1","floor":35.0},{"not_picked":["Seeing Red+1","Cleave+1"],"picked":"Intimidate","floor":36.0},{"not_picked":["Sword Boomerang","Hemokinesis"],"picked":"Blood for Blood","floor":38.0},{"not_picked":["Heavy Blade+1","Rampage"],"picked":"Carnage+1","floor":39.0},{"not_picked":["Anger+1","Flex"],"picked":"Bloodletting+1","floor":41.0},{"not_picked":["Juggernaut","Reckless Charge"],"picked":"Shrug It Off+1","floor":42.0},{"not_picked":["Warcry","Rampage+1"],"picked":"Iron Wave+1","floor":44},{"not_picked":["Cleave+1","Thunderclap+1"],"picked":"Metallicize+1","floor":47},{"not_picked":["Pommel Strike","Whirlwind"],"picked":"Twin Strike","floor":48}],"player_experience":51362,"relics_obtained":[{"floor":5.0,"key":"Ornamental Fan"},{"floor":6.0,"key":"Shuriken"},{"floor":9.0,"key":"Omamori"},{"floor":11.0,"key":"Vajra"},{"floor":14.0,"key":"Pear"},{"floor":24.0,"key":"Happy Flower"},{"floor":26.0,"key":"Incense Burner"},{"floor":43.0,"key":"Paper Frog"},{"floor":44,"key":"Oddly Smooth Stone"},{"floor":47,"key":"Whetstone"}],"event_choices":[{"event_name":"Shining Light","player_choice":"Entered Light","floor":2.0,"damage_taken":0.0},{"event_name":"Dead Adventurer","player_choice":"Searched \u00272\u0027 times","floor":14.0,"damage_taken":0.0},{"event_name":"Upgrade Shrine","player_choice":"Upgraded","floor":19.0,"damage_taken":0.0},{"event_name":"Knowing Skull","player_choice":"CARD ","floor":22.0,"damage_taken":0.0}],"boss_relics":[{"not_picked":["Runic Pyramid","Coffee Dripper"],"picked":"Black Blood"},{"not_picked":["Empty Cage","Black Star"],"picked":"Philosopher\u0027s Stone"}],"items_purged_floors":[],"is_endless":false,"potions_floor_spawned":[1,12,14,14,29,30,33,39,41,48],"killed_by":"Awakened One","ascension_level":0}