{"gold_per_floor":[119,69,82,82,101,142,72,72,124,124,140,34,34,54,54,179,179,203,221,239,23,23,36,36,36,36,36],"floor_reached":27,"playtime":1717,"items_purged":[],"score":224,"play_id":"25aee572-e92f-4abe-86da-cd3fb696bac5","local_time":"20190502085158","is_ascension_mode":true,"campfire_choices":[{"data":"White Noise","floor":10,"key":"SMITH"},{"data":"Capacitor","floor":13,"key":"SMITH"},{"floor":15,"key":"RECALL"},{"data":"Defragment","floor":24,"key":"SMITH"}],"neow_cost":"CURSE","seed_source_timestamp":1434584963661744,"circlet_count":0,"master_deck":["Strike_B","Strike_B","Strike_B","Strike_B","Defend_B","Defend_B","Defend_B","Defend_B","Zap","Dualcast","Rainbow","Static Discharge","Barrage","Injury","White Noise+1","Reinforced Body","Self Repair","BootSequence","Capacitor+1","Doom and Gloom","Undo","Buffer","Auto Shields+1","Defragment+1","BootSequence","Capacitor","Self Repair","Writhe"],"relics":["Cracked Core","Golden Idol","Orichalcum","FaceOfCleric","Bag of Marbles","Nuclear Battery","DataDisk","Nilry\u0027s Codex","Incense Burner"],"potions_floor_usage":[6,18,23,23],"damage_taken":[{"damage":4,"enemies":"Jaw Worm","floor":1,"turns":3},{"damage":1,"enemies":"Small Slimes","floor":3,"turns":3},{"damage":2,"enemies":"Cultist","floor":5,"turns":4},{"damage":21,"enemies":"3 Sentries","floor":6,"turns":6},{"damage":4,"enemies":"Exordium Thugs","floor":11,"turns":4},{"damage":2,"enemies":"Blue Slaver","floor":14,"turns":5},{"damage":23,"enemies":"Slime Boss","floor":16,"turns":8},{"damage":21,"enemies":"3 Byrds","floor":18,"turns":5},{"damage":18,"enemies":"Spheric Guardian","floor":19,"turns":8},{"damage":18,"enemies":"Snake Plant","floor":20,"turns":7},{"damage":12,"enemies":"Chosen and Byrds","floor":23,"turns":7},{"damage":38,"enemies":"3 Cultists","floor":27,"turns":4}],"seed_played":"-8559821424050512371","potions_obtained":[{"floor":3,"key":"PowerPotion"},{"floor":6,"key":"Fruit Juice"},{"floor":14,"key":"Block Potion"},{"floor":16,"key":"Energy Potion"},{"floor":20,"key":"Weak Potion"}],"is_trial":false,"path_per_floor":["M","?","M","?","M","E","$","?","T","R","M","$","R","M","R","B",null,"M","M","M","$","?","M","R","?","T","M"],"character_chosen":"DEFECT","items_purchased":["Self Repair","Capacitor","Doom and Gloom","DataDisk","Capacitor"],"campfire_rested":0,"item_purchase_floors":[7,12,12,21,21],"current_hp_per_floor":[71,71,70,70,68,47,47,47,47,47,51,51,51,57,57,42,78,65,55,45,45,29,30,30,30,30,0],"gold":36,"neow_bonus":"THREE_RARE_CARDS","is_prod":false,"is_daily":false,"chose_seed":false,"campfire_upgraded":3,"win_rate":0,"timestamp":1556801518,"path_taken":["M","?","M","?","M","E","$","?","T","R","?","?","R","M","R","BOSS","M","M","M","$","?","M","R","?","T","M"],"build_version":"2019-01-23","purchased_purges":0,"victory":false,"max_hp_per_floor":[75,75,75,75,75,75,75,75,75,75,76,76,76,77,77,78,78,79,80,81,81,81,87,87,87,87,87],"card_choices":[{"not_picked":["Machine Learning","Fission"],"picked":"Rainbow","floor":0},{"not_picked":["Chaos","Recycle"],"picked":"Static Discharge","floor":1},{"not_picked":["Leap","Stack"],"picked":"Barrage","floor":3},{"not_picked":["Hologram","Rebound"],"picked":"White Noise","floor":5},{"not_picked":["Compile Driver","Echo Form"],"picked":"Reinforced Body","floor":6},{"not_picked":["Aggregate","Rebound"],"picked":"BootSequence","floor":11},{"not_picked":["Hologram","Compile Driver"],"picked":"Undo","floor":14},{"not_picked":["Biased Cognition","Multi-Cast"],"picked":"Buffer","floor":16},{"not_picked":["Scrape","Glacier+1"],"picked":"Auto Shields+1","floor":18},{"not_picked":["Coolheaded","Steam"],"picked":"Defragment","floor":19},{"not_picked":["Reprogram+1","Skim"],"picked":"BootSequence","floor":20},{"not_picked":["Reprogram","Recycle+1"],"picked":"Self Repair","floor":23}],"player_experience":306755,"relics_obtained":[{"floor":6,"key":"Orichalcum"},{"floor":9,"key":"Bag of Marbles"},{"floor":22,"key":"Nilry\u0027s Codex"}],"event_choices":[{"cards_removed":["Normality"],"damage_healed":0,"gold_gain":0,"player_choice":"Card Removal","damage_taken":0,"max_hp_gain":0,"max_hp_loss":0,"event_name":"The Cleric","floor":2,"gold_loss":50},{"damage_healed":0,"gold_gain":0,"player_choice":"Take Wound","damage_taken":0,"relics_obtained":["Golden Idol"],"max_hp_gain":0,"max_hp_loss":0,"event_name":"Golden Idol","floor":4,"gold_loss":0,"cards_obtained":["Injury"]},{"damage_healed":0,"gold_gain":0,"player_choice":"Trade","damage_taken":0,"relics_obtained":["FaceOfCleric"],"max_hp_gain":0,"max_hp_loss":0,"event_name":"FaceTrader","floor":8,"gold_loss":0},{"damage_healed":0,"gold_gain":0,"player_choice":"Obtained Book","damage_taken":16,"max_hp_gain":0,"max_hp_loss":0,"event_name":"Cursed Tome","floor":22,"gold_loss":0},{"damage_healed":0,"gold_gain":0,"player_choice":"Opened","damage_taken":0,"relics_obtained":["Incense Burner"],"max_hp_gain":0,"max_hp_loss":0,"event_name":"The Mausoleum","floor":25,"gold_loss":0,"cards_obtained":["Writhe"]}],"is_beta":false,"boss_relics":[{"not_picked":["White Beast Statue","Calling Bell"],"picked":"Nuclear Battery"}],"items_purged_floors":[],"is_endless":false,"potions_floor_spawned":[3,6,14,16,20],"killed_by":"3 Cultists","ascension_level":1}