{"gold_per_floor":[113,188,207,52,63,63,92,106,188,207,225,259,434,461,461,557,557,568,585,14,14,30,30],"floor_reached":23,"playtime":1267,"items_purged":["Doubt"],"score":213,"play_id":"b5815e1d-5ef3-4242-9bd5-b109cbaed2ed","local_time":"20190525094526","is_ascension_mode":true,"campfire_choices":[{"floor":6,"key":"RECALL"},{"floor":15,"key":"REST"}],"neow_cost":"NONE","seed_source_timestamp":0,"circlet_count":0,"master_deck":["Defend_G","Defend_G","Defend_G","Defend_G","Defend_G","Strike_G","Strike_G","Strike_G","Strike_G","Strike_G","Survivor","Neutralize","Dodge and Roll","Leg Sweep","Deadly Poison","Quick Slash","Cloak And Dagger","Blade Dance","Poisoned Stab+1","Deadly Poison","Phantasmal Killer","Catalyst+1","Blade Dance+1"],"special_seed":0,"relics":["Ring of the Snake","NeowsBlessing","Bronze Scales","Calipers","Molten Egg 2","Juzu Bracelet","Black Star","Toy Ornithopter","Letter Opener"],"potions_floor_usage":[7,7,12,12,16,22],"damage_taken":[{"damage":0.0,"enemies":"Small Slimes","floor":1.0,"turns":1.0},{"damage":0,"enemies":"Jaw Worm","floor":3,"turns":1},{"damage":0,"enemies":"Cultist","floor":5,"turns":1},{"damage":12,"enemies":"Gremlin Nob","floor":7,"turns":5},{"damage":0,"enemies":"Blue Slaver","floor":8,"turns":4},{"damage":1,"enemies":"3 Louse","floor":10,"turns":3},{"damage":0,"enemies":"2 Fungi Beasts","floor":11,"turns":3},{"damage":2,"enemies":"Lagavulin","floor":12,"turns":7},{"damage":38,"enemies":"The Guardian","floor":16,"turns":11},{"damage":9,"enemies":"Shell Parasite","floor":18,"turns":5},{"damage":30,"enemies":"Spheric Guardian","floor":19,"turns":5},{"damage":25,"enemies":"Cultist and Chosen","floor":22,"turns":8},{"damage":52,"enemies":"Slavers","floor":23,"turns":7}],"seed_played":"1158357873249228138","potions_obtained":[{"floor":1,"key":"Strength Potion"},{"floor":5,"key":"Dexterity Potion"},{"floor":10,"key":"EssenceOfSteel"},{"floor":11,"key":"PowerPotion"},{"floor":12,"key":"AttackPotion"}],"is_trial":false,"path_per_floor":["M","?","M","$","M","R","E","M","T","M","M","E","?","T","R","B",null,"M","M","$","?","M","E"],"character_chosen":"THE_SILENT","items_purchased":["Bronze Scales","Toy Ornithopter","Letter Opener","Poison Potion"],"campfire_rested":1,"item_purchase_floors":[4,20,20,20],"current_hp_per_floor":[70,59,59,59,59,59,47,47,47,46,46,44,44,44,65,27,70,61,31,31,70,45,0],"gold":30,"neow_bonus":"THREE_ENEMY_KILL","is_prod":false,"is_daily":false,"chose_seed":false,"campfire_upgraded":0,"win_rate":0,"timestamp":1558791926,"path_taken":["M","?","M","$","M","R","E","M","T","M","M","E","?","?","R","BOSS","M","M","$","?","M","E"],"build_version":"2019-01-23","purchased_purges":1,"victory":false,"max_hp_per_floor":[70,70,70,70,70,70,70,70,70,70,70,70,70,70,70,70,70,70,70,70,70,70,70],"card_choices":[{"not_picked":["Reflex","Underhanded Strike"],"picked":"Dodge and Roll","floor":1},{"not_picked":["Reflex","Tactician"],"picked":"Leg Sweep","floor":3},{"not_picked":["Dagger Throw","Deflect"],"picked":"Deadly Poison","floor":5},{"not_picked":["Riddle With Holes","Cloak And Dagger"],"picked":"Quick Slash","floor":7},{"not_picked":["Flying Knee","Tools of the Trade"],"picked":"Cloak And Dagger","floor":8},{"not_picked":["Calculated Gamble","Well Laid Plans"],"picked":"Blade Dance","floor":10},{"not_picked":["Riddle With Holes+1","Quick Slash+1"],"picked":"Poisoned Stab+1","floor":11},{"not_picked":["Blur","Cloak And Dagger"],"picked":"Deadly Poison","floor":12},{"not_picked":["Night Terror","Doppelganger"],"picked":"Phantasmal Killer","floor":16},{"not_picked":["PiercingWail+1","Endless Agony+1"],"picked":"Catalyst+1","floor":18},{"not_picked":["Tactician","Cloak And Dagger"],"picked":"Predator+1","floor":19},{"not_picked":["Deflect","Accuracy"],"picked":"Blade Dance+1","floor":22}],"player_experience":372820,"relics_obtained":[{"floor":7,"key":"Calipers"},{"floor":9,"key":"Molten Egg 2"},{"floor":12,"key":"Juzu Bracelet"}],"event_choices":[{"damage_healed":0,"gold_gain":75,"player_choice":"Gather Gold","damage_taken":11,"max_hp_gain":0,"max_hp_loss":0,"event_name":"World of Goop","floor":2,"gold_loss":0},{"damage_healed":0,"gold_gain":175,"player_choice":"AGREE","damage_taken":0,"max_hp_gain":0,"max_hp_loss":0,"event_name":"Liars Game","floor":13,"gold_loss":0,"cards_obtained":["Doubt"]},{"cards_removed":["Predator"],"damage_healed":39,"gold_gain":0,"player_choice":"Offered Uncommon","damage_taken":0,"max_hp_gain":0,"max_hp_loss":0,"event_name":"Bonfire Elementals","floor":21,"gold_loss":0}],"is_beta":false,"boss_relics":[{"not_picked":["Astrolabe","Ectoplasm"],"picked":"Black Star"}],"items_purged_floors":[20],"is_endless":false,"potions_floor_spawned":[1,5,10,11,12],"killed_by":"Slavers","ascension_level":1}