{"gold_per_floor":[13,113,124,140,70,97,109,144,199,212,224,224,235,29,29,130,130,113,125,27,27,27,27,27],"floor_reached":24,"playtime":1574,"items_purged":[],"score":208,"play_id":"4b9bb573-d77a-45df-b053-664dc1b6509b","local_time":"20190212231519","is_ascension_mode":false,"campfire_choices":[{"floor":12,"key":"REST"},{"floor":15,"key":"REST"},{"floor":23,"key":"REST"}],"neow_cost":"NO_GOLD","seed_source_timestamp":0,"circlet_count":0,"master_deck":["Strike_B","Strike_B","Strike_B","Strike_B","Defend_B","Defend_B","Defend_B","Defend_B","Zap","Dualcast","Defragment","Conserve Battery","Defragment","Barrage","Darkness","Storm","Melter","Beam Cell","Coolheaded","Recycle","Hello World","Capacitor","Streamline","Leap","Auto Shields","Chaos","Go for the Eyes","Biased Cognition","Discovery","Dagger Spray","Fusion","Anger","Blind"],"special_seed":0,"relics":["Cracked Core","Prayer Wheel","Pear","Darkstone Periapt","PrismaticShard","Inserter"],"potions_floor_usage":[8,10,10,13,21,21],"damage_taken":[{"damage":1.0,"enemies":"Small Slimes","floor":1.0,"turns":3.0},{"damage":3.0,"enemies":"Cultist","floor":3.0,"turns":4.0},{"damage":1.0,"enemies":"Jaw Worm","floor":4.0,"turns":5.0},{"damage":21,"enemies":"Lagavulin","floor":6,"turns":5},{"damage":13,"enemies":"3 Louse","floor":7,"turns":5},{"damage":32,"enemies":"Gremlin Nob","floor":8,"turns":4},{"damage":11,"enemies":"Gremlin Gang","floor":10,"turns":6},{"damage":0,"enemies":"Large Slime","floor":11,"turns":5},{"damage":0,"enemies":"3 Louse","floor":13,"turns":5},{"damage":28,"enemies":"Slime Boss","floor":16,"turns":9},{"damage":22,"enemies":"2 Thieves","floor":18,"turns":4},{"damage":42,"enemies":"3 Byrds","floor":19,"turns":9},{"damage":9,"enemies":"Colosseum Slavers","floor":21,"turns":3},{"damage":41,"enemies":"Book of Stabbing","floor":24,"turns":4}],"seed_played":"-7275157671798698153","potions_obtained":[{"floor":1.0,"key":"SpeedPotion"},{"floor":6,"key":"Energy Potion"},{"floor":7,"key":"Strength Potion"},{"floor":8,"key":"Dexterity Potion"},{"floor":16,"key":"SmokeBomb"},{"floor":19,"key":"Energy Potion"}],"is_trial":false,"path_per_floor":["M","?","M","M","$","E","M","E","T","M","M","R","M","$","R","B",null,"M","M","$","?","$","R","E"],"character_chosen":"DEFECT","items_purchased":["Melter","PrismaticShard","Blind"],"campfire_rested":3,"item_purchase_floors":[5,14,20],"current_hp_per_floor":[74,74,71,70,70,59,46,14,14,3,3,28,28,28,53,25,85,63,21,21,12,12,37,0],"gold":27,"neow_bonus":"ONE_RARE_RELIC","is_prod":false,"is_daily":false,"chose_seed":false,"campfire_upgraded":0,"win_rate":0,"timestamp":1550031319,"path_taken":["M","?","M","M","$","E","M","E","T","?","M","R","M","?","R","BOSS","M","M","$","?","$","R","E"],"build_version":"2019-01-23","purchased_purges":0,"victory":false,"max_hp_per_floor":[75,75,75,75,75,85,85,85,85,85,85,85,85,85,85,85,85,85,85,85,85,85,85,85],"card_choices":[{"not_picked":["Reinforced Body","Coolheaded"],"picked":"Defragment","floor":1.0},{"not_picked":["Beam Cell","Scrape"],"picked":"Conserve Battery","floor":1.0},{"not_picked":["Genetic Algorithm","Redo"],"picked":"Defragment","floor":3.0},{"not_picked":["Go for the Eyes","Steam Power"],"picked":"Barrage","floor":3.0},{"not_picked":["Conserve Battery","Streamline"],"picked":"Darkness","floor":4.0},{"not_picked":["Scrape","Hello World"],"picked":"Storm","floor":4.0},{"not_picked":["Coolheaded","Leap"],"picked":"Beam Cell","floor":6},{"not_picked":["Sweeping Beam","Barrage"],"picked":"Coolheaded","floor":7},{"not_picked":["Chill","Force Field"],"picked":"Recycle","floor":7},{"not_picked":["Machine Learning","Go for the Eyes"],"picked":"Hello World","floor":8},{"not_picked":["FTL","Rip and Tear"],"picked":"Capacitor","floor":10},{"not_picked":["Cold Snap","Hologram"],"picked":"Streamline","floor":10},{"not_picked":["Aggregate","Steam Power"],"picked":"Leap","floor":11},{"not_picked":["Coolheaded","Turbo"],"picked":"Auto Shields","floor":11},{"not_picked":["Ball Lightning","Hello World"],"picked":"Chaos","floor":13},{"not_picked":["Ball Lightning","Barrage"],"picked":"Go for the Eyes","floor":13},{"not_picked":["Sadistic Nature","Berserk"],"picked":"Biased Cognition","floor":16},{"not_picked":["Coolheaded+1","Dagger Spray"],"picked":"Discovery","floor":18},{"not_picked":["Dropkick","Infinite Blades"],"picked":"Dagger Spray","floor":18},{"not_picked":["Cleave","Dodge and Roll"],"picked":"Fusion","floor":19},{"not_picked":["Bandage Up","Corruption+1"],"picked":"Anger","floor":19}],"player_experience":217835,"relics_obtained":[{"floor":6,"key":"Pear"},{"floor":8,"key":"Darkstone Periapt"}],"event_choices":[{"damage_healed":0.0,"max_hp_gain":0.0,"max_hp_loss":0.0,"gold_gain":100.0,"event_name":"Golden Shrine","player_choice":"Pray","floor":2.0,"gold_loss":0.0,"damage_taken":0.0},{"damage_healed":0,"gold_gain":0,"player_choice":"Fight","damage_taken":0,"max_hp_gain":0,"max_hp_loss":0,"event_name":"Colosseum","floor":21,"gold_loss":0},{"damage_healed":0,"gold_gain":0,"player_choice":"Fled From Nobs","damage_taken":0,"max_hp_gain":0,"max_hp_loss":0,"event_name":"Colosseum","floor":21,"gold_loss":0}],"is_beta":false,"boss_relics":[{"not_picked":["Eternal Feather","Astrolabe"],"picked":"Inserter"}],"items_purged_floors":[],"is_endless":false,"potions_floor_spawned":[1,6,7,8,16,19],"killed_by":"Book of Stabbing","ascension_level":0}