{"gold_per_floor":[118,118,118,135,210,210,239,252,252,270,270,32,32,32,32,107,107,120,130,130,141,92,118,118],"floor_reached":24,"playtime":723,"items_purged":[],"score":389,"play_id":"f3dbe682-b48b-41e0-b561-2fba49b1259f","local_time":"20190721013834","is_ascension_mode":true,"campfire_choices":[{"data":"Seeing Red","floor":6,"key":"SMITH"},{"data":"Iron Wave","floor":11,"key":"SMITH"},{"floor":15,"key":"REST"}],"neow_cost":"NONE","seed_source_timestamp":181406639429000,"circlet_count":0,"master_deck":["AscendersBane","Strike_R+1","Strike_R","Strike_R","Strike_R","Strike_R","Defend_R","Defend_R","Defend_R+1","Defend_R","Bash+1","Uppercut+1","Seeing Red+1","Iron Wave+1","Headbutt","Feed","Headbutt+1","Anger","Power Through+1","Armaments+1","Juggernaut"],"relics":["Burning Blood","Mango","Mercury Hourglass","Toxic Egg 2","Ice Cream","Sozu","Letter Opener","Nunchaku"],"potions_floor_usage":[16],"damage_taken":[{"damage":14,"enemies":"Jaw Worm","floor":1,"turns":3},{"damage":0,"enemies":"Small Slimes","floor":4,"turns":3},{"damage":15,"enemies":"Gremlin Nob","floor":7,"turns":4},{"damage":2,"enemies":"Cultist","floor":8,"turns":4},{"damage":10,"enemies":"Red Slaver","floor":10,"turns":3},{"damage":19,"enemies":"Slime Boss","floor":16,"turns":11},{"damage":31,"enemies":"2 Thieves","floor":18,"turns":4},{"damage":7,"enemies":"3 Byrds","floor":19,"turns":4},{"damage":39,"enemies":"Shelled Parasite and Fungi","floor":21,"turns":4},{"damage":19,"enemies":"Gremlin Leader","floor":23,"turns":5},{"damage":19,"enemies":"Snake Plant","floor":24,"turns":1}],"seed_played":"3665501986550509530","potions_obtained":[{"floor":1,"key":"BloodPotion"},{"floor":7,"key":"GamblersBrew"},{"floor":10,"key":"PowerPotion"},{"floor":16,"key":"Energy Potion"}],"is_trial":false,"path_per_floor":["M","?","?","M","?","R","E","M","T","M","R","$","?","$","R","B",null,"M","M","?","M","$","E","M"],"character_chosen":"IRONCLAD","items_purchased":["Toxic Egg 2","Armaments+1"],"campfire_rested":1,"item_purchase_floors":[12,22],"current_hp_per_floor":[60,45,45,51,40,40,45,49,49,45,45,45,27,27,53,40,77,52,54,54,24,24,14,0],"gold":118,"neow_bonus":"UPGRADE_CARD","is_prod":false,"is_daily":false,"chose_seed":false,"campfire_upgraded":2,"win_rate":0,"timestamp":1563687514,"path_taken":["M","?","?","?","?","R","E","M","T","M","R","$","?","$","R","BOSS","M","M","?","M","$","E","?"],"build_version":"2019-07-17","purchased_purges":0,"victory":false,"max_hp_per_floor":[75,75,75,75,75,75,89,89,89,89,89,89,89,89,89,89,89,89,92,92,95,95,98,98],"card_choices":[{"not_picked":["Bloodletting","Intimidate"],"picked":"Uppercut","floor":1},{"not_picked":["Bloodletting","Heavy Blade"],"picked":"Seeing Red","floor":4},{"not_picked":["Havoc","Perfected Strike"],"picked":"Iron Wave","floor":7},{"not_picked":["Blood for Blood","True Grit"],"picked":"Ghostly Armor","floor":8},{"not_picked":["Body Slam","Corruption"],"picked":"Headbutt","floor":10},{"not_picked":["Bludgeon","Juggernaut"],"picked":"Feed","floor":16},{"not_picked":["Anger","Clothesline"],"picked":"Headbutt+1","floor":18},{"not_picked":["Second Wind+1","Dropkick"],"picked":"Anger","floor":19},{"not_picked":["Pummel","Perfected Strike"],"picked":"Power Through+1","floor":21},{"not_picked":["Shrug It Off+1","Sword Boomerang"],"picked":"Juggernaut","floor":23}],"player_experience":672878,"relics_obtained":[{"floor":7,"key":"Mango"},{"floor":9,"key":"Mercury Hourglass"},{"floor":23,"key":"Nunchaku"}],"event_choices":[{"damage_healed":0,"gold_gain":0,"player_choice":"Entered Light","damage_taken":15,"max_hp_gain":0,"max_hp_loss":0,"event_name":"Shining Light","floor":2,"gold_loss":0,"cards_upgraded":["Strike_R","Defend_R"]},{"damage_healed":0,"gold_gain":0,"player_choice":"Grow","damage_taken":0,"max_hp_gain":0,"max_hp_loss":0,"event_name":"Living Wall","floor":3,"gold_loss":0,"cards_upgraded":["Uppercut"]},{"damage_healed":0,"gold_gain":75,"player_choice":"Gather Gold","damage_taken":11,"max_hp_gain":0,"max_hp_loss":0,"event_name":"World of Goop","floor":5,"gold_loss":0},{"damage_healed":0,"gold_gain":0,"player_choice":"Success","damage_taken":18,"relics_obtained":["Ice Cream"],"max_hp_gain":0,"max_hp_loss":0,"event_name":"Scrap Ooze","floor":13,"gold_loss":0},{"cards_removed":["Ghostly Armor"],"damage_healed":0,"gold_gain":0,"player_choice":"Gave Card","damage_taken":0,"relics_obtained":["Letter Opener"],"max_hp_gain":0,"max_hp_loss":0,"event_name":"WeMeetAgain","floor":20,"gold_loss":0}],"is_beta":false,"boss_relics":[{"not_picked":["Pandora\u0027s Box","Lizard Tail"],"picked":"Sozu"}],"items_purged_floors":[],"is_endless":false,"potions_floor_spawned":[1,7,10,16,19],"killed_by":"Snake Plant","ascension_level":14}