{"gold_per_floor":[113,130,145,145,164,164,177,201,228,293,314,314,337,358,358,489,489,489,489,489,414,414,414,354,354,354,354,354,354,354,354,354,354,354,354,354,354,354,177,177,177,177,177,177,177,177,177,52,52,52,52,52,4,4,4],"floor_reached":56,"playtime":3165,"items_purged":["Strike_R","Strike_R","Strike_R"],"score":1305,"play_id":"3336129b-ab0c-49fc-9887-2616cf03c9c3","local_time":"20190726080842","is_ascension_mode":false,"campfire_choices":[{"data":"Body Slam","floor":6.0,"key":"SMITH"},{"floor":15.0,"key":"REST"},{"data":"Barricade","floor":23.0,"key":"SMITH"},{"data":"Entrench","floor":25.0,"key":"SMITH"},{"data":"Entrench","floor":32.0,"key":"SMITH"},{"floor":40,"key":"REST"},{"floor":47,"key":"RECALL"},{"data":"Flame Barrier","floor":49,"key":"SMITH"},{"data":"Battle Trance","floor":52,"key":"SMITH"}],"neow_cost":"NONE","seed_source_timestamp":1345011607104799,"circlet_count":0,"master_deck":["Strike_R","Defend_R+1","Defend_R","Defend_R","Defend_R","Bash","Entrench+1","Body Slam+1","Ghostly Armor","Iron Wave","Shrug It Off","Barricade+1","Offering","Body Slam+1","Entrench+1","Finesse+1","Flame Barrier+1","Battle Trance+1"],"special_seed":0,"relics":["Burning Blood","Centennial Puzzle","Golden Idol","Tiny Chest","Singing Bowl","Ectoplasm","PreservedInsect","Blood Vial","Juzu Bracelet","Turnip","Dodecahedron","War Paint","Ice Cream"],"potions_floor_usage":[36,36,36,45,55],"damage_taken":[{"damage":6.0,"enemies":"Jaw Worm","floor":1.0,"turns":3.0},{"damage":0.0,"enemies":"Small Slimes","floor":2.0,"turns":3.0},{"damage":7.0,"enemies":"2 Louse","floor":3.0,"turns":3.0},{"damage":10.0,"enemies":"Looter","floor":5.0,"turns":3.0},{"damage":18.0,"enemies":"Gremlin Gang","floor":7.0,"turns":6.0},{"damage":6.0,"enemies":"2 Fungi Beasts","floor":8.0,"turns":5.0},{"damage":35.0,"enemies":"Gremlin Nob","floor":10.0,"turns":5.0},{"damage":2.0,"enemies":"Blue Slaver","floor":11.0,"turns":3.0},{"damage":8.0,"enemies":"3 Louse","floor":13.0,"turns":4.0},{"damage":0.0,"enemies":"Red Slaver","floor":14.0,"turns":6.0},{"damage":14.0,"enemies":"Hexaghost","floor":16.0,"turns":9.0},{"damage":6.0,"enemies":"Chosen","floor":18.0,"turns":5.0},{"damage":15.0,"enemies":"2 Thieves","floor":24.0,"turns":4.0},{"damage":6.0,"enemies":"Snake Plant","floor":27.0,"turns":5.0},{"damage":6.0,"enemies":"3 Cultists","floor":28.0,"turns":3.0},{"damage":0.0,"enemies":"Snecko","floor":29.0,"turns":7.0},{"damage":6.0,"enemies":"Book of Stabbing","floor":30.0,"turns":3.0},{"damage":12.0,"enemies":"Centurion and Healer","floor":31.0,"turns":6.0},{"damage":6.0,"enemies":"Champ","floor":33.0,"turns":8.0},{"damage":6.0,"enemies":"3 Shapes","floor":35.0,"turns":4.0},{"damage":74,"enemies":"2 Orb Walkers","floor":36,"turns":8},{"damage":8,"enemies":"Orb Walker","floor":38,"turns":3},{"damage":26,"enemies":"Transient","floor":41,"turns":5},{"damage":6,"enemies":"Spire Growth","floor":42,"turns":4},{"damage":6,"enemies":"Maw","floor":44,"turns":6},{"damage":6,"enemies":"Giant Head","floor":45,"turns":6},{"damage":18,"enemies":"Awakened One","floor":50,"turns":8},{"damage":8,"enemies":"Shield and Spear","floor":54,"turns":6},{"damage":100,"enemies":"The Heart","floor":55,"turns":12}],"seed_played":"-8117809270051526608","potions_obtained":[{"floor":1.0,"key":"Ancient Potion"},{"floor":5.0,"key":"Explosive Potion"},{"floor":7.0,"key":"GamblersBrew"},{"floor":8.0,"key":"Poison Potion"},{"floor":16.0,"key":"Weak Potion"},{"floor":18.0,"key":"SkillPotion"},{"floor":27.0,"key":"Energy Potion"},{"floor":30.0,"key":"FearPotion"},{"floor":31.0,"key":"LiquidBronze"},{"floor":35.0,"key":"Swift Potion"},{"floor":42,"key":"Regen Potion"}],"is_trial":false,"path_per_floor":["M","M","M","?","M","R","M","M","T","E","M","T","M","M","R","B",null,"M","?","?","$","?","R","M","R","T","M","M","M","E","M","R","B",null,"M","?","?","M","$","R","M","M","T","M","E","?","R","$","R","B",null,"R","$","E","B",null],"character_chosen":"IRONCLAD","items_purchased":["Flame Barrier","SpeedPotion"],"campfire_rested":2,"item_purchase_floors":[39,53],"current_hp_per_floor":[80,80,79,59,55,55,43,43,43,14,18,18,18,24,48,40,82,84,84,84,84,84,84,77,77,77,79,83,88,90,86,86,90,94,96,30,30,32,32,62,46,50,50,54,70,70,70,70,70,60,106,106,106,106,14],"gold":4,"neow_bonus":"RANDOM_COMMON_RELIC","is_prod":false,"is_daily":false,"chose_seed":false,"campfire_upgraded":6,"win_rate":0,"timestamp":1564153722,"path_taken":["M","M","M","?","M","R","M","M","T","E","M","?","M","M","R","BOSS","M","?","?","$","?","R","M","R","T","?","M","M","E","M","R","BOSS","M","?","?","M","$","R","M","M","T","M","E","?","R","$","R","BOSS","R","$","E","BOSS"],"build_version":"2019-07-17","purchased_purges":3,"victory":true,"max_hp_per_floor":[80,80,80,80,80,80,80,80,80,80,80,80,82,82,82,82,82,84,84,84,84,84,84,86,86,86,86,88,88,90,92,92,94,94,96,98,98,100,100,100,102,104,104,106,106,106,106,106,106,106,106,106,106,108,108],"card_choices":[{"not_picked":["Wild Strike","Headbutt"],"picked":"Entrench","floor":1.0},{"not_picked":["Havoc","Clothesline","Corruption"],"picked":"SKIP","floor":2.0},{"not_picked":["Infernal Blade","True Grit","Havoc"],"picked":"SKIP","floor":3.0},{"not_picked":["Ghostly Armor","Offering"],"picked":"Body Slam","floor":5.0},{"not_picked":["Heavy Blade","Inflame"],"picked":"Ghostly Armor","floor":7.0},{"not_picked":["Power Through","Whirlwind"],"picked":"Iron Wave","floor":8.0},{"not_picked":["Wild Strike","Reaper","Headbutt"],"picked":"SKIP","floor":10.0},{"not_picked":["Havoc","Flex"],"picked":"Shrug It Off","floor":11.0},{"not_picked":["Clothesline","Clash","Rupture"],"picked":"Singing Bowl","floor":13.0},{"not_picked":["Heavy Blade","Searing Blow"],"picked":"Barricade","floor":14.0},{"not_picked":["Demon Form","Dark Embrace"],"picked":"Offering","floor":16.0},{"not_picked":["Anger","Twin Strike","Clothesline+1"],"picked":"Singing Bowl","floor":18.0},{"not_picked":["Armaments","Intimidate+1","Pommel Strike"],"picked":"Singing Bowl","floor":24.0},{"not_picked":["Intimidate","Flex"],"picked":"Body Slam+1","floor":27.0},{"not_picked":["Corruption+1","Havoc","Burning Pact"],"picked":"Singing Bowl","floor":28.0},{"not_picked":["Headbutt+1","Inflame"],"picked":"Entrench","floor":29.0},{"not_picked":["Spot Weakness","Wild Strike+1","Corruption+1"],"picked":"Singing Bowl","floor":30.0},{"not_picked":["Spot Weakness+1","Thunderclap+1","Sever Soul"],"picked":"Singing Bowl","floor":31.0},{"not_picked":["Reaper","Immolate","Barricade"],"picked":"Singing Bowl","floor":33.0},{"not_picked":["Shockwave","Searing Blow+1","Uppercut+1"],"picked":"Singing Bowl","floor":35.0},{"not_picked":["Inflame+1","Havoc","Clothesline"],"picked":"Singing Bowl","floor":36},{"not_picked":["Mind Blast","Master of Strategy"],"picked":"Finesse","floor":37},{"not_picked":["Headbutt","Body Slam+1","Havoc"],"picked":"Singing Bowl","floor":38},{"not_picked":["Iron Wave+1","Rampage+1","Clash+1"],"picked":"Singing Bowl","floor":41},{"not_picked":["Carnage","Headbutt+1","Wild Strike+1"],"picked":"Singing Bowl","floor":42},{"not_picked":["Perfected Strike+1","Flex+1","Combust"],"picked":"Singing Bowl","floor":44},{"not_picked":["Dark Embrace","Headbutt"],"picked":"Battle Trance","floor":45},{"not_picked":["Shrug It Off+1","Power Through+1","Entrench"],"picked":"Singing Bowl","floor":54}],"player_experience":202184,"relics_obtained":[{"floor":10.0,"key":"Tiny Chest"},{"floor":12.0,"key":"Singing Bowl"},{"floor":26.0,"key":"Blood Vial"},{"floor":30.0,"key":"Juzu Bracelet"},{"floor":36,"key":"Turnip"},{"floor":43,"key":"Dodecahedron"},{"floor":45,"key":"War Paint"},{"floor":54,"key":"Ice Cream"}],"event_choices":[{"damage_healed":0.0,"max_hp_gain":0.0,"max_hp_loss":0.0,"gold_gain":0.0,"event_name":"Golden Idol","player_choice":"Take Damage","floor":4.0,"gold_loss":0.0,"damage_taken":20.0,"relics_obtained":["Golden Idol"]},{"damage_healed":0.0,"max_hp_gain":0.0,"max_hp_loss":0.0,"gold_gain":0.0,"event_name":"Ghosts","player_choice":"Ignored","floor":19.0,"gold_loss":0.0,"damage_taken":0.0},{"damage_healed":0.0,"max_hp_gain":0.0,"max_hp_loss":0.0,"gold_gain":0.0,"event_name":"The Mausoleum","player_choice":"Ignored","floor":20.0,"gold_loss":0.0,"damage_taken":0.0},{"damage_healed":0.0,"max_hp_gain":0.0,"max_hp_loss":0.0,"gold_gain":0.0,"event_name":"WeMeetAgain","player_choice":"Gave Potion","floor":22.0,"gold_loss":0.0,"damage_taken":0.0,"relics_obtained":["PreservedInsect"]},{"damage_healed":0,"gold_gain":0,"player_choice":"Fight","damage_taken":0,"max_hp_gain":0,"max_hp_loss":0,"event_name":"Mysterious Sphere","floor":36,"gold_loss":0},{"damage_healed":0,"gold_gain":0,"player_choice":"Memory 1","damage_taken":0,"max_hp_gain":0,"max_hp_loss":0,"event_name":"SensoryStone","floor":37,"gold_loss":0},{"cards_removed":["Strike_R"],"damage_healed":0,"gold_gain":0,"player_choice":"Purged","damage_taken":0,"max_hp_gain":0,"max_hp_loss":0,"event_name":"Purifier","floor":46,"gold_loss":0}],"is_beta":false,"boss_relics":[{"not_picked":["Tiny House","Runic Dome"],"picked":"Ectoplasm"},{"not_picked":["Velvet Choker","Pandora\u0027s Box","Philosopher\u0027s Stone"]}],"items_purged_floors":[21,39,48],"is_endless":false,"potions_floor_spawned":[1,5,7,8,16,18,27,30,31,35,42],"ascension_level":0}