{"gold_per_floor":[110,110,185,185,199,199,199,238,238,252,273,16,41,84,84,179,179,197,217,217,217,233,233,233],"floor_reached":24,"playtime":1156,"items_purged":[],"score":450,"play_id":"ca06dbeb-9915-4843-8929-c758bcba8421","local_time":"20190301153114","is_ascension_mode":true,"campfire_choices":[{"data":"Bash","floor":6.0,"key":"SMITH"},{"data":"Clothesline","floor":15.0,"key":"SMITH"},{"floor":23,"key":"REST"}],"neow_cost":"NONE","seed_source_timestamp":1363204106612261,"circlet_count":0,"master_deck":["AscendersBane","Strike_R","Strike_R","Strike_R","Strike_R","Strike_R","Defend_R","Defend_R","Defend_R","Defend_R","Bash+1","True Grit+1","Injury","Entrench","Perfected Strike","Pommel Strike","Armaments","Metallicize","Clothesline+1","Ghostly Armor","Warcry","Barricade","Twin Strike","Iron Wave","Entrench"],"special_seed":0,"relics":["Burning Blood","NeowsBlessing","Golden Idol","Red Skull","Orichalcum","Tiny Chest","Pantograph","Runic Cube"],"potions_floor_usage":[16,16,19],"damage_taken":[{"damage":0.0,"enemies":"Small Slimes","floor":1.0,"turns":1.0},{"damage":0.0,"enemies":"Jaw Worm","floor":5.0,"turns":1.0},{"damage":0.0,"enemies":"Lagavulin","floor":8.0,"turns":1.0},{"damage":4.0,"enemies":"2 Louse","floor":10.0,"turns":4.0},{"damage":24.0,"enemies":"Lots of Slimes","floor":11.0,"turns":6.0},{"damage":3.0,"enemies":"2 Fungi Beasts","floor":13.0,"turns":4.0},{"damage":15.0,"enemies":"3 Sentries","floor":14.0,"turns":11.0},{"damage":39,"enemies":"Hexaghost","floor":16,"turns":11},{"damage":7,"enemies":"Shell Parasite","floor":18,"turns":7},{"damage":26,"enemies":"3 Byrds","floor":19,"turns":10},{"damage":50,"enemies":"Sentry and Sphere","floor":22,"turns":20},{"damage":42,"enemies":"3 Cultists","floor":24,"turns":5}],"seed_played":"591624937908315058","potions_obtained":[{"floor":5.0,"key":"Poison Potion"},{"floor":11.0,"key":"PowerPotion"},{"floor":14.0,"key":"PowerPotion"},{"floor":16,"key":"Swift Potion"},{"floor":18,"key":"Regen Potion"},{"floor":19,"key":"GamblersBrew"},{"floor":22,"key":"Ancient Potion"}],"is_trial":false,"path_per_floor":["M","?","?","?","M","R","?","E","T","M","M","$","M","E","R","B",null,"M","M","?","?","M","R","M"],"character_chosen":"IRONCLAD","items_purchased":["Tiny Chest","Metallicize","Clothesline"],"campfire_rested":1,"item_purchase_floors":[12,12,12],"current_hp_per_floor":[74,74,63,63,69,69,69,75,75,75,57,57,60,51,51,42,67,66,61,61,75,31,53,11],"gold":233,"neow_bonus":"THREE_ENEMY_KILL","is_prod":false,"is_daily":false,"chose_seed":false,"campfire_upgraded":2,"win_rate":0,"timestamp":1551472274,"path_taken":["M","?","?","?","?","R","?","E","T","M","M","?","M","E","R","BOSS","M","M","?","?","M","R","M"],"build_version":"2019-02-06","purchased_purges":0,"victory":false,"max_hp_per_floor":[75,75,75,75,75,75,75,75,75,75,75,75,75,75,75,75,75,75,75,75,75,75,75,75],"card_choices":[{"not_picked":["Iron Wave","Flex"],"picked":"True Grit","floor":1.0},{"not_picked":["Rage","Headbutt"],"picked":"Entrench","floor":5.0},{"not_picked":["Warcry","Bludgeon"],"picked":"Perfected Strike","floor":8.0},{"not_picked":["Body Slam","Rupture"],"picked":"Pommel Strike","floor":10.0},{"not_picked":["Seeing Red","Combust"],"picked":"Armaments","floor":11.0},{"not_picked":["Armaments","Rage"],"picked":"Ghostly Armor","floor":13.0},{"not_picked":["Clash","Cleave"],"picked":"Warcry","floor":14.0},{"not_picked":["Limit Break","Demon Form"],"picked":"Barricade","floor":16},{"not_picked":["Anger","Wild Strike"],"picked":"Twin Strike","floor":18},{"not_picked":["Cleave","Burning Pact"],"picked":"Iron Wave","floor":19},{"not_picked":["Carnage","Blood for Blood"],"picked":"Entrench","floor":22}],"player_experience":1016363,"relics_obtained":[{"floor":8.0,"key":"Red Skull"},{"floor":9.0,"key":"Orichalcum"},{"floor":14.0,"key":"Pantograph"}],"event_choices":[{"damage_healed":0.0,"max_hp_gain":0.0,"max_hp_loss":0.0,"gold_gain":0.0,"event_name":"Golden Idol","player_choice":"Take Wound","floor":2.0,"gold_loss":0.0,"damage_taken":0.0,"relics_obtained":["Golden Idol"],"cards_obtained":["Injury"]},{"damage_healed":0.0,"max_hp_gain":0.0,"max_hp_loss":0.0,"gold_gain":75.0,"event_name":"World of Goop","player_choice":"Gather Gold","floor":3.0,"gold_loss":0.0,"damage_taken":11.0},{"damage_healed":0.0,"max_hp_gain":0.0,"max_hp_loss":0.0,"gold_gain":0.0,"event_name":"Upgrade Shrine","player_choice":"Upgraded","floor":4.0,"gold_loss":0.0,"damage_taken":0.0,"cards_upgraded":["True Grit"]},{"damage_healed":0.0,"max_hp_gain":0.0,"max_hp_loss":0.0,"gold_gain":0.0,"event_name":"The Cleric","player_choice":"Leave","floor":7.0,"gold_loss":0.0,"damage_taken":0.0},{"damage_healed":0,"gold_gain":0,"player_choice":"Ignored","damage_taken":0,"max_hp_gain":0,"max_hp_loss":0,"event_name":"Ghosts","floor":20,"gold_loss":0},{"damage_healed":14,"gold_gain":0,"player_choice":"Full Heal","damage_taken":0,"max_hp_gain":0,"max_hp_loss":0,"event_name":"Wheel of Change","floor":21,"gold_loss":0}],"is_beta":true,"boss_relics":[{"not_picked":["Snecko Eye","Velvet Choker"],"picked":"Runic Cube"}],"items_purged_floors":[],"is_endless":false,"potions_floor_spawned":[5,11,13,14,16,18,19,22],"killed_by":"3 Cultists","ascension_level":19}