{"gold_per_floor":[119,119,119,142,142,142,142,142,142,142,142,67,67,82,82,201,201,214,69,69,92,392,392,392,406,406,406,161,161,161,161],"floor_reached":31,"playtime":1300,"items_purged":["Compile Driver","Doubt"],"score":317,"play_id":"498c66c0-a231-4269-82d0-78c13f6a91ac","local_time":"20181109034108","daily_mods":["SealedDeck","Allstar","Diverse","Colorless Cards","Heirloom","Flight"],"is_ascension_mode":false,"campfire_choices":[{"floor":6,"key":"REST"},{"data":"Flame Barrier","floor":7,"key":"SMITH"},{"data":"Blizzard","floor":8,"key":"SMITH"},{"data":"Defragment","floor":15,"key":"SMITH"},{"floor":23,"key":"REST"},{"data":"Coolheaded","floor":27,"key":"SMITH"},{"data":"Coolheaded","floor":29,"key":"SMITH"},{"data":"Dodge and Roll","floor":30,"key":"SMITH"}],"neow_cost":"","seed_source_timestamp":119669534517848,"circlet_count":0,"master_deck":["Dodge and Roll+1","Flame Barrier+1","Blizzard+1","Coolheaded+1","Coolheaded+1","Defragment+1","Conserve Battery","Leap+1","Hyperbeam","Shame"],"relics":["Cracked Core","Dead Branch","Golden Idol","CultistMask","PreservedInsect","War Paint","Orrery","Dream Catcher","Old Coin","Turnip","Pen Nib","Nilry\u0027s Codex"],"potions_floor_usage":[16,18],"damage_taken":[{"damage":5,"enemies":"Small Slimes","floor":1,"turns":4},{"damage":0,"enemies":"Cultist","floor":4,"turns":4},{"damage":0,"enemies":"Jaw Worm","floor":14,"turns":5},{"damage":22,"enemies":"Slime Boss","floor":16,"turns":12},{"damage":16,"enemies":"2 Thieves","floor":18,"turns":4},{"damage":0,"enemies":"Chosen","floor":21,"turns":7},{"damage":0,"enemies":"Snecko","floor":25,"turns":10}],"seed_played":"-1394356349895604161","potions_obtained":[{"floor":1,"key":"Regen Potion"},{"floor":4,"key":"Regen Potion"},{"floor":16,"key":"SkillPotion"},{"floor":21,"key":"EssenceOfSteel"},{"floor":25,"key":"FocusPotion"}],"is_trial":true,"path_per_floor":["M","?","?","M","?","R","R","R","T","$","?","$","?","M","R","B",null,"M","$","?","M","?","R","?","M","T","R","$","R","R","?"],"character_chosen":"DEFECT","items_purchased":["Dream Catcher","Pen Nib"],"campfire_rested":2,"item_purchase_floors":[19,28],"current_hp_per_floor":[70,52,52,52,34,56,56,56,56,56,49,49,49,49,49,42,75,59,59,59,59,59,75,75,75,75,75,75,75,75,59],"gold":161,"neow_bonus":"","is_prod":false,"is_daily":false,"chose_seed":false,"campfire_upgraded":6,"win_rate":0,"timestamp":1541752868,"path_taken":["M","?","?","?","?","R","R","R","T","$","?","$","?","M","R","BOSS","M","?","?","?","?","R","?","?","T","R","?","R","R","?"],"build_version":"2018-11-08","purchased_purges":2,"victory":false,"max_hp_per_floor":[75,75,75,75,75,75,75,75,75,75,75,75,75,75,75,75,75,75,75,75,75,75,75,75,75,75,75,75,75,75,75],"card_choices":[{"not_picked":["Reckless Charge","Havoc"],"picked":"Conserve Battery","floor":1},{"not_picked":["Twin Strike","Rip and Tear"],"picked":"Leap","floor":4},{"not_picked":["Sucker Punch","Skim","Calculated Gamble"],"picked":"SKIP","floor":14},{"not_picked":["Pommel Strike","Fission","Backflip"],"picked":"SKIP","floor":18},{"not_picked":["Quick Slash","Go for the Eyes","Slice"],"picked":"SKIP","floor":21},{"not_picked":["Steam","Impatience","PiercingWail"],"picked":"SKIP","floor":25}],"player_experience":241746,"relics_obtained":[{"floor":9,"key":"War Paint"},{"floor":26,"key":"Turnip"},{"floor":31,"key":"Nilry\u0027s Codex"}],"event_choices":[{"damage_healed":0,"gold_gain":0,"player_choice":"Take Damage","damage_taken":18,"relics_obtained":["Golden Idol"],"max_hp_gain":0,"max_hp_loss":0,"event_name":"Golden Idol","floor":2,"gold_loss":0},{"damage_healed":0,"gold_gain":0,"player_choice":"Trade","damage_taken":0,"relics_obtained":["CultistMask"],"max_hp_gain":0,"max_hp_loss":0,"event_name":"FaceTrader","floor":3,"gold_loss":0},{"damage_healed":0,"gold_gain":0,"player_choice":"Success","damage_taken":18,"relics_obtained":["PreservedInsect"],"max_hp_gain":0,"max_hp_loss":0,"event_name":"Scrap Ooze","floor":5,"gold_loss":0},{"cards_removed":["True Grit"],"damage_healed":0,"gold_gain":0,"player_choice":"Card Removal","damage_taken":7,"max_hp_gain":0,"max_hp_loss":0,"event_name":"Golden Wing","floor":11,"gold_loss":0},{"damage_healed":0,"gold_gain":0,"cards_transformed":["Aggregate"],"player_choice":"Transformed","damage_taken":0,"max_hp_gain":0,"max_hp_loss":0,"event_name":"Transmorgrifier","floor":13,"gold_loss":0,"cards_obtained":["Hyperbeam"]},{"cards_removed":["Stack"],"damage_healed":0,"gold_gain":0,"player_choice":"Took Card","damage_taken":0,"max_hp_gain":0,"max_hp_loss":0,"event_name":"NoteForYourself","floor":20,"gold_loss":0,"cards_obtained":["Doubt"]},{"damage_healed":0,"gold_gain":0,"player_choice":"Stole Relic","damage_taken":0,"relics_obtained":["Old Coin"],"max_hp_gain":0,"max_hp_loss":0,"event_name":"Addict","floor":22,"gold_loss":0,"cards_obtained":["Shame"]},{"damage_healed":0,"gold_gain":0,"player_choice":"Ignored","damage_taken":0,"max_hp_gain":0,"max_hp_loss":0,"event_name":"Vampires","floor":24,"gold_loss":0},{"damage_healed":0,"gold_gain":0,"player_choice":"Obtained Book","damage_taken":16,"max_hp_gain":0,"max_hp_loss":0,"event_name":"Cursed Tome","floor":31,"gold_loss":0}],"is_beta":true,"boss_relics":[{"not_picked":["Philosopher\u0027s Stone","Fusion Hammer"],"picked":"Orrery"}],"items_purged_floors":[12,28],"is_endless":true,"potions_floor_spawned":[1,4,16,21,25],"ascension_level":0}