{"gold_per_floor":[119,133,149,160,160,160,160,160,160,160,160,176,189,26,26,104,104,116,41,41,39,57,57,107,107,131,150,179,179,13,31,31,108,108,124,46,46,46,56,56,69,69,140,140,240,269,269,288,288,288],"floor_reached":51,"playtime":2636,"items_purged":["Strike_G"],"score":1225,"play_id":"ab3bd8b1-6578-4d2c-b690-8457380baded","local_time":"20190129100424","is_ascension_mode":true,"campfire_choices":[{"data":"Leg Sweep","floor":6.0,"key":"SMITH"},{"data":"Flechettes","floor":8.0,"key":"SMITH"},{"data":"Neutralize","floor":11.0,"key":"SMITH"},{"data":"Caltrops","floor":15.0,"key":"SMITH"},{"data":"Malaise","floor":23.0,"key":"SMITH"},{"data":"Leg Sweep","floor":25.0,"key":"SMITH"},{"data":"Noxious Fumes","floor":29.0,"key":"SMITH"},{"data":"Dash","floor":32.0,"key":"SMITH"},{"data":"Noxious Fumes","floor":40.0,"key":"SMITH"},{"data":"Backflip","floor":42.0,"key":"SMITH"},{"data":"Survivor","floor":44.0,"key":"SMITH"},{"data":"After Image","floor":47.0,"key":"SMITH"},{"data":"Defend_G","floor":49,"key":"SMITH"}],"neow_cost":"NONE","seed_source_timestamp":0,"circlet_count":0,"master_deck":["AscendersBane","Defend_G+1","Defend_G+1","Defend_G","Defend_G","Defend_G+1","Strike_G","Strike_G+1","Survivor+1","Neutralize+1","Leg Sweep+1","Dagger Spray+1","Cloak And Dagger","Cloak And Dagger","Flechettes+1","Caltrops+1","Backflip+1","Malaise+1","Terror","Cloak And Dagger","Leg Sweep+1","Noxious Fumes+1","Dash+1","After Image+1","PiercingWail","Noxious Fumes+1","Writhe","PiercingWail+1","Parasite"],"special_seed":0,"relics":["Ring of the Snake","PreservedInsect","Bag of Preparation","Ancient Tea Set","Coffee Dripper","Vajra","Singing Bowl","War Paint","Orrery","Molten Egg 2","Tough Bandages","Whetstone"],"potions_floor_usage":[50,50],"damage_taken":[{"damage":0.0,"enemies":"2 Louse","floor":1.0,"turns":3.0},{"damage":4.0,"enemies":"Small Slimes","floor":2.0,"turns":4.0},{"damage":0.0,"enemies":"Jaw Worm","floor":3.0,"turns":5.0},{"damage":3.0,"enemies":"Exordium Wildlife","floor":4.0,"turns":4.0},{"damage":0.0,"enemies":"2 Fungi Beasts","floor":12.0,"turns":3.0},{"damage":0.0,"enemies":"Looter","floor":13.0,"turns":3.0},{"damage":11.0,"enemies":"Hexaghost","floor":16.0,"turns":13.0},{"damage":13.0,"enemies":"Spheric Guardian","floor":18.0,"turns":5.0},{"damage":1.0,"enemies":"2 Thieves","floor":21.0,"turns":5.0},{"damage":7.0,"enemies":"Chosen and Byrds","floor":22.0,"turns":7.0},{"damage":0.0,"enemies":"3 Cultists","floor":27.0,"turns":6.0},{"damage":28.0,"enemies":"Gremlin Leader","floor":28.0,"turns":7.0},{"damage":2.0,"enemies":"Centurion and Healer","floor":31.0,"turns":8.0},{"damage":18.0,"enemies":"Automaton","floor":33.0,"turns":11.0},{"damage":38.0,"enemies":"3 Darklings","floor":35.0,"turns":8.0},{"damage":3.0,"enemies":"3 Shapes","floor":39.0,"turns":9.0},{"damage":13.0,"enemies":"3 Darklings","floor":41.0,"turns":5.0},{"damage":0.0,"enemies":"Mind Bloom Boss Battle","floor":45.0,"turns":10.0},{"damage":15.0,"enemies":"Nemesis","floor":46.0,"turns":9.0},{"damage":0,"enemies":"Writhing Mass","floor":48,"turns":8},{"damage":28,"enemies":"Time Eater","floor":50,"turns":17}],"seed_played":"1549515310248193518","potions_obtained":[{"floor":2.0,"key":"AttackPotion"},{"floor":12.0,"key":"SteroidPotion"},{"floor":21.0,"key":"EntropicBrew"},{"floor":22.0,"key":"Swift Potion"},{"floor":27.0,"key":"PowerPotion"},{"floor":31.0,"key":"EssenceOfSteel"},{"floor":33.0,"key":"Fire Potion"},{"floor":45.0,"key":"FearPotion"},{"floor":46.0,"key":"Weak Potion"}],"is_trial":false,"path_per_floor":["M","M","M","M","?","R","?","R","T","?","R","M","M","$","R","B",null,"M","$","?","M","M","R","?","R","T","M","E","R","$","M","R","B",null,"M","$","?","?","M","R","M","R","T","R","?","E","R","M","R","B",null],"character_chosen":"THE_SILENT","items_purchased":["Ancient Tea Set","War Paint","Noxious Fumes"],"campfire_rested":0,"item_purchase_floors":[14,30,36],"current_hp_per_floor":[59,55,55,52,45,45,45,45,45,50,50,50,50,50,50,39,63,50,50,64,63,56,56,56,56,56,56,28,28,28,26,26,8,63,27,27,66,66,65,65,54,54,54,54,56,41,41,43,43,15],"gold":288,"neow_bonus":"RANDOM_COMMON_RELIC","is_prod":false,"is_daily":false,"chose_seed":false,"campfire_upgraded":13,"win_rate":0,"timestamp":1548774264,"path_taken":["M","M","M","M","?","R","?","R","T","?","R","M","M","$","R","BOSS","M","$","?","M","M","R","?","R","T","M","E","R","?","M","R","BOSS","M","$","?","?","M","R","M","R","T","R","?","E","R","?","R","BOSS"],"build_version":"2019-01-23","purchased_purges":1,"victory":true,"max_hp_per_floor":[66,66,66,66,66,66,66,66,66,71,71,71,71,71,71,71,71,71,71,71,71,71,71,71,71,71,71,71,71,71,71,71,71,79,81,81,66,66,68,68,70,70,70,70,72,72,72,74,74,74],"card_choices":[{"not_picked":["Underhanded Strike","Dagger Spray"],"picked":"Leg Sweep","floor":1.0},{"not_picked":["Quick Slash","Reflex"],"picked":"Dagger Spray","floor":2.0},{"not_picked":["Dagger Spray","Outmaneuver"],"picked":"Cloak And Dagger","floor":3.0},{"not_picked":["Deadly Poison","Quick Slash"],"picked":"Cloak And Dagger","floor":4.0},{"not_picked":["Backflip","Flechettes"],"picked":"Caltrops","floor":12.0},{"not_picked":["Acrobatics","Prepared"],"picked":"Backflip","floor":13.0},{"not_picked":["Phantasmal Killer","Venomology"],"picked":"Malaise","floor":16.0},{"not_picked":["Choke","Tactician"],"picked":"Terror","floor":18.0},{"not_picked":["Acrobatics","Deflect"],"picked":"Cloak And Dagger","floor":21.0},{"not_picked":["Reflex","All Out Attack"],"picked":"Leg Sweep","floor":22.0},{"not_picked":["Terror","Flying Knee","All Out Attack+1"],"picked":"SKIP","floor":27.0},{"not_picked":["Blade Dance","Slice+1"],"picked":"Noxious Fumes","floor":28.0},{"not_picked":["Prepared","Flying Knee+1"],"picked":"Dash","floor":31.0},{"not_picked":["Bullet Time","Envenom"],"picked":"After Image","floor":33.0},{"not_picked":["Quick Slash","Blade Dance","Sucker Punch"],"picked":"Singing Bowl","floor":34.0},{"not_picked":["Bane","PiercingWail","Poisoned Stab"],"picked":"Singing Bowl","floor":34.0},{"not_picked":["Cloak And Dagger","Blade Dance","Flying Knee"],"picked":"Singing Bowl","floor":34.0},{"not_picked":["Dagger Throw","Underhanded Strike"],"picked":"PiercingWail","floor":34.0},{"not_picked":["Night Terror","Cloak And Dagger","Endless Agony"],"picked":"Singing Bowl","floor":34.0},{"not_picked":["Quick Slash","Flying Knee","Sucker Punch"],"picked":"Singing Bowl","floor":35.0},{"not_picked":["Calculated Gamble","Bullet Time","Dagger Throw"],"picked":"Singing Bowl","floor":39.0},{"not_picked":["Tactician","Poisoned Stab","Outmaneuver"],"picked":"Singing Bowl","floor":41.0},{"not_picked":["Outmaneuver","Acrobatics","Deadly Poison"],"picked":"Singing Bowl","floor":45.0},{"not_picked":["Reflex","All Out Attack+1"],"picked":"PiercingWail+1","floor":46.0},{"not_picked":["Blade Dance","Dagger Throw+1","Quick Slash+1"],"picked":"Singing Bowl","floor":48}],"player_experience":894939,"relics_obtained":[{"floor":9.0,"key":"Bag of Preparation"},{"floor":26.0,"key":"Vajra"},{"floor":28.0,"key":"Singing Bowl"},{"floor":43.0,"key":"Molten Egg 2"},{"floor":45.0,"key":"Tough Bandages"},{"floor":46.0,"key":"Whetstone"}],"event_choices":[{"cards_removed":["Strike_G"],"damage_healed":0.0,"max_hp_gain":0.0,"max_hp_loss":0.0,"gold_gain":0.0,"event_name":"Golden Wing","player_choice":"Card Removal","floor":5.0,"gold_loss":0.0,"damage_taken":7.0},{"damage_healed":0.0,"max_hp_gain":0.0,"max_hp_loss":0.0,"gold_gain":0.0,"cards_transformed":["Strike_G"],"event_name":"Living Wall","player_choice":"Change","floor":7.0,"gold_loss":0.0,"damage_taken":0.0,"cards_obtained":["Flechettes"]},{"damage_healed":0.0,"max_hp_gain":5.0,"max_hp_loss":0.0,"gold_gain":0.0,"event_name":"Big Fish","player_choice":"Donut","floor":10.0,"gold_loss":0.0,"damage_taken":0.0},{"damage_healed":14.0,"max_hp_gain":0.0,"max_hp_loss":0.0,"gold_gain":0.0,"event_name":"The Library","player_choice":"Heal","floor":20.0,"gold_loss":0.0,"damage_taken":0.0},{"damage_healed":0.0,"max_hp_gain":0.0,"max_hp_loss":0.0,"gold_gain":50.0,"event_name":"Nest","player_choice":"Stole From Cult","floor":24.0,"gold_loss":0.0,"damage_taken":0.0},{"damage_healed":66.0,"max_hp_gain":0.0,"max_hp_loss":15.0,"gold_gain":0.0,"event_name":"The Moai Head","player_choice":"Heal","floor":37.0,"gold_loss":0.0,"damage_taken":0.0},{"damage_healed":13.0,"max_hp_gain":0.0,"max_hp_loss":0.0,"gold_gain":0.0,"event_name":"Winding Halls","player_choice":"Writhe","floor":38.0,"gold_loss":0.0,"damage_taken":0.0,"cards_obtained":["Writhe"]},{"damage_healed":0.0,"max_hp_gain":0.0,"max_hp_loss":0.0,"gold_gain":0.0,"event_name":"MindBloom","player_choice":"Fight","floor":45.0,"gold_loss":0.0,"damage_taken":0.0}],"is_beta":true,"boss_relics":[{"not_picked":["HoveringKite","Philosopher\u0027s Stone"],"picked":"Coffee Dripper"},{"not_picked":["Velvet Choker","Ring of the Serpent"],"picked":"Orrery"}],"items_purged_floors":[19],"is_endless":false,"potions_floor_spawned":[2,12,21,22,27,31,33,45,46,48],"ascension_level":17}