{"gold_per_floor":[117,132,150,300,300,300,2,2,2,2,52,52,70,84,84,160,210,225,28,45,55,55,55,73,73,73,90,101,101,132,48,48,48],"floor_reached":33,"playtime":1286,"items_purged":["Doubt"],"score":501,"play_id":"0731ec5e-a8e1-4bc7-9256-430a50373be2","local_time":"20190221194618","is_ascension_mode":true,"campfire_choices":[{"data":"Sucker Punch","floor":6.0,"key":"SMITH"},{"data":"Storm of Steel","floor":8.0,"key":"SMITH"},{"data":"Neutralize","floor":10.0,"key":"SMITH"},{"data":"Survivor","floor":12.0,"key":"SMITH"},{"data":"Backflip","floor":15.0,"key":"SMITH"},{"data":"Burst","floor":23.0,"key":"SMITH"},{"data":"Adrenaline","floor":25.0,"key":"SMITH"},{"floor":32.0,"key":"REST"}],"neow_cost":"NONE","seed_source_timestamp":687006363613044,"circlet_count":0,"master_deck":["AscendersBane","Defend_G","Defend_G","Defend_G","Defend_G","Defend_G","Strike_G","Strike_G","Strike_G","Strike_G","Survivor+1","Neutralize+1","Heel Hook+1","Flying Knee","Sucker Punch+1","Storm of Steel+1","Backflip+1","Terror","Adrenaline+1","Crippling Poison","Cloak And Dagger+1","Leg Sweep","Poisoned Stab+1","Burst+1","Deflect+1","Leg Sweep","Blur","Wraith Form v2","Infinite Blades"],"special_seed":0,"relics":["Ring of the Snake","Lee\u0027s Waffle","Mercury Hourglass","Tiny House","PreservedInsect","Ornamental Fan","Shuriken"],"potions_floor_usage":[33,33],"damage_taken":[{"damage":6.0,"enemies":"2 Louse","floor":1.0,"turns":3.0},{"damage":0.0,"enemies":"Small Slimes","floor":2.0,"turns":5.0},{"damage":1.0,"enemies":"Cultist","floor":3.0,"turns":4.0},{"damage":0.0,"enemies":"Lots of Slimes","floor":13.0,"turns":3.0},{"damage":4.0,"enemies":"Blue Slaver","floor":14.0,"turns":4.0},{"damage":31.0,"enemies":"Hexaghost","floor":16.0,"turns":10.0},{"damage":0.0,"enemies":"Chosen","floor":18.0,"turns":5.0},{"damage":0.0,"enemies":"3 Byrds","floor":20.0,"turns":4.0},{"damage":4.0,"enemies":"Centurion and Healer","floor":21.0,"turns":8.0},{"damage":15.0,"enemies":"Sentry and Sphere","floor":24.0,"turns":8.0},{"damage":19.0,"enemies":"Snake Plant","floor":27.0,"turns":4.0},{"damage":0.0,"enemies":"Snecko","floor":28.0,"turns":3.0},{"damage":10.0,"enemies":"Book of Stabbing","floor":30.0,"turns":6.0},{"damage":77,"enemies":"Collector","floor":33,"turns":7}],"seed_played":"1920547559291417906","potions_obtained":[{"floor":3.0,"key":"AttackPotion"},{"floor":16.0,"key":"GamblersBrew"},{"floor":17.0,"key":"GhostInAJar"},{"floor":20.0,"key":"FearPotion"},{"floor":28.0,"key":"Explosive Potion"},{"floor":30.0,"key":"Strength Potion"}],"is_trial":false,"path_per_floor":["M","M","M","?","?","R","$","R","T","R","?","R","M","M","R","B",null,"M","$","M","M","?","R","M","R","T","M","M","?","E","$","R","B"],"character_chosen":"THE_SILENT","items_purchased":["Lee\u0027s Waffle","Leg Sweep","PreservedInsect","Infinite Blades"],"campfire_rested":1,"item_purchase_floors":[7,19,19,31],"current_hp_per_floor":[59,59,58,58,58,58,79,79,79,79,79,79,79,75,75,44,75,75,75,75,71,71,71,56,56,56,37,37,37,27,27,52,0],"gold":48,"neow_bonus":"TEN_PERCENT_HP_BONUS","is_prod":false,"is_daily":false,"chose_seed":false,"campfire_upgraded":7,"win_rate":0,"timestamp":1550796378,"path_taken":["M","M","M","?","?","R","$","R","T","R","?","R","M","?","R","BOSS","M","?","M","M","?","R","M","R","T","M","M","?","E","$","R","BOSS"],"build_version":"2019-02-06","purchased_purges":1,"victory":false,"max_hp_per_floor":[72,72,72,72,72,72,79,79,79,79,79,79,79,79,79,79,84,84,84,84,84,84,84,84,84,84,84,84,84,84,84,84,84],"card_choices":[{"not_picked":["Flying Knee","Bane"],"picked":"Heel Hook","floor":1.0},{"not_picked":["Setup","Slice"],"picked":"Flying Knee","floor":2.0},{"not_picked":["Acrobatics","Blade Dance"],"picked":"Sucker Punch","floor":3.0},{"not_picked":["Skewer","Quick Slash"],"picked":"Backflip","floor":13.0},{"not_picked":["Prepared","Eviscerate"],"picked":"Terror","floor":14.0},{"not_picked":["Night Terror","Malaise"],"picked":"Adrenaline","floor":16.0},{"not_picked":["Deflect","Accuracy"],"picked":"Crippling Poison","floor":17.0},{"not_picked":["Underhanded Strike","Quick Slash"],"picked":"Cloak And Dagger+1","floor":18.0},{"not_picked":["Prepared","Quick Slash"],"picked":"Poisoned Stab+1","floor":20.0},{"not_picked":["Underhanded Strike","All Out Attack"],"picked":"Burst","floor":21.0},{"not_picked":["Riddle With Holes","Choke"],"picked":"Deflect+1","floor":24.0},{"not_picked":["Deflect+1","Endless Agony+1"],"picked":"Leg Sweep","floor":27.0},{"not_picked":["Poisoned Stab","Sucker Punch","Quick Slash"],"picked":"SKIP","floor":28.0},{"not_picked":["Flying Knee","Masterful Stab","Dagger Throw"],"picked":"SKIP","floor":30.0},{"not_picked":["Flying Knee","Masterful Stab","Dagger Throw"],"picked":"SKIP","floor":30.0}],"player_experience":1007238,"relics_obtained":[{"floor":9.0,"key":"Mercury Hourglass"},{"floor":26.0,"key":"Ornamental Fan"},{"floor":30.0,"key":"Shuriken"}],"event_choices":[{"damage_healed":0.0,"max_hp_gain":0.0,"max_hp_loss":0.0,"gold_gain":150.0,"event_name":"Liars Game","player_choice":"AGREE","floor":4.0,"gold_loss":0.0,"damage_taken":0.0,"cards_obtained":["Doubt"]},{"damage_healed":0.0,"max_hp_gain":0.0,"max_hp_loss":0.0,"gold_gain":0.0,"cards_transformed":["Strike_G"],"event_name":"Living Wall","player_choice":"Change","floor":5.0,"gold_loss":0.0,"damage_taken":0.0,"cards_obtained":["Storm of Steel"]},{"damage_healed":0.0,"max_hp_gain":0.0,"max_hp_loss":0.0,"gold_gain":50.0,"event_name":"Golden Shrine","player_choice":"Pray","floor":11.0,"gold_loss":0.0,"damage_taken":0.0},{"damage_healed":0.0,"max_hp_gain":0.0,"max_hp_loss":0.0,"gold_gain":0.0,"event_name":"Ghosts","player_choice":"Ignored","floor":22.0,"gold_loss":0.0,"damage_taken":0.0},{"damage_healed":0.0,"max_hp_gain":0.0,"max_hp_loss":0.0,"gold_gain":0.0,"event_name":"Match and Keep!","player_choice":"2 cards matched","floor":29.0,"gold_loss":0.0,"damage_taken":0.0,"cards_obtained":["Blur","Wraith Form v2"]}],"is_beta":true,"boss_relics":[{"not_picked":["Ring of the Serpent","Velvet Choker"],"picked":"Tiny House"}],"items_purged_floors":[7],"is_endless":false,"potions_floor_spawned":[3,16,20,28,30],"killed_by":"Collector","ascension_level":19}