{"gold_per_floor":[114,126,136,155,170,170,170,180,180,198,218,218,218,218,218,296,296,310,310,310,27,40,40,56,56,56,74,74,74,93,9,9,9],"floor_reached":33,"playtime":1630,"items_purged":["Strike_G"],"score":571,"play_id":"3c670e65-2e35-4d1b-8435-1b54d62eb710","local_time":"20190220175523","is_ascension_mode":true,"campfire_choices":[{"data":"Bouncing Flask","floor":6.0,"key":"SMITH"},{"data":"Malaise","floor":12,"key":"SMITH"},{"data":"Neutralize","floor":15,"key":"SMITH"},{"data":"After Image","floor":23,"key":"SMITH"},{"floor":25,"key":"REST"},{"data":"Catalyst","floor":29,"key":"SMITH"},{"data":"Catalyst","floor":32,"key":"SMITH"}],"neow_cost":"NONE","seed_source_timestamp":593862355675255,"circlet_count":0,"master_deck":["AscendersBane","Defend_G","Defend_G","Defend_G","Defend_G","Defend_G","Strike_G","Survivor","Neutralize+1","Catalyst+1","Riddle With Holes","Prepared","Bouncing Flask+1","Blur","After Image+1","Malaise+1","Bullet Time","Dagger Throw+1","Backstab+1","Underhanded Strike+1","Noxious Fumes+1","Infinite Blades","PiercingWail","Infinite Blades","Catalyst+1","Shame","Escape Plan"],"special_seed":0,"relics":["Ring of the Snake","Thread and Needle","Astrolabe","Gremlin Horn","Membership Card","Tough Bandages","Orichalcum","Bronze Scales"],"potions_floor_usage":[7,27,30,33],"damage_taken":[{"damage":13.0,"enemies":"Jaw Worm","floor":1.0,"turns":8.0},{"damage":3.0,"enemies":"Small Slimes","floor":2.0,"turns":6.0},{"damage":1.0,"enemies":"2 Louse","floor":3.0,"turns":3.0},{"damage":10.0,"enemies":"Looter","floor":4.0,"turns":4.0},{"damage":3.0,"enemies":"Blue Slaver","floor":5.0,"turns":5.0},{"damage":0,"enemies":"Exordium Thugs","floor":7,"turns":1},{"damage":7,"enemies":"2 Fungi Beasts","floor":8,"turns":3},{"damage":11,"enemies":"Lots of Slimes","floor":10,"turns":8},{"damage":1,"enemies":"Large Slime","floor":11,"turns":8},{"damage":0,"enemies":"The Guardian","floor":16,"turns":9},{"damage":0,"enemies":"Spheric Guardian","floor":18,"turns":6},{"damage":11,"enemies":"Shell Parasite","floor":22,"turns":6},{"damage":14,"enemies":"Shelled Parasite and Fungi","floor":24,"turns":6},{"damage":3,"enemies":"Centurion and Healer","floor":27,"turns":8},{"damage":2,"enemies":"Chosen and Byrds","floor":30,"turns":9},{"damage":59,"enemies":"Collector","floor":33,"turns":7}],"seed_played":"8761974527299408853","potions_obtained":[{"floor":1.0,"key":"FearPotion"},{"floor":2.0,"key":"SmokeBomb"},{"floor":8,"key":"Weak Potion"},{"floor":16,"key":"PowerPotion"},{"floor":27,"key":"Fire Potion"}],"is_trial":false,"path_per_floor":["M","M","M","M","M","R","M","M","T","M","M","R","?","?","R","B",null,"M","?","T","$","M","R","M","R","T","M","?","R","M","$","R","B"],"character_chosen":"THE_SILENT","items_purchased":["Membership Card","PiercingWail","Bronze Scales"],"campfire_rested":1,"item_purchase_floors":[21,21,31],"current_hp_per_floor":[52,49,48,38,35,35,35,28,28,17,16,16,21,21,21,21,63,63,63,63,63,52,52,38,61,61,58,58,58,56,56,56,0],"gold":9,"neow_bonus":"TEN_PERCENT_HP_BONUS","is_prod":false,"is_daily":false,"chose_seed":false,"campfire_upgraded":6,"win_rate":0,"timestamp":1550703323,"path_taken":["M","M","M","M","M","R","M","M","T","M","M","R","?","?","R","BOSS","M","?","?","$","M","R","M","R","T","M","?","R","M","$","R","BOSS"],"build_version":"2019-02-06","purchased_purges":1,"victory":false,"max_hp_per_floor":[72,72,72,72,72,72,72,72,72,72,72,72,77,77,77,77,77,77,77,77,77,77,77,77,77,77,77,77,77,77,77,77,77],"card_choices":[{"not_picked":["Dagger Throw","Poisoned Stab"],"picked":"Catalyst","floor":1.0},{"not_picked":["Dagger Throw","Flying Knee"],"picked":"Riddle With Holes","floor":2.0},{"not_picked":["Quick Slash","Setup"],"picked":"Prepared","floor":3.0},{"not_picked":["Quick Slash","Accuracy"],"picked":"Bouncing Flask","floor":4.0},{"not_picked":["Slice","Deflect"],"picked":"Blur","floor":5.0},{"not_picked":["Underhanded Strike","Blade Dance"],"picked":"After Image","floor":8},{"not_picked":["Endless Agony","Slice","Underhanded Strike"],"picked":"SKIP","floor":10},{"not_picked":["Blade Dance","Accuracy"],"picked":"Malaise","floor":11},{"not_picked":["Grand Finale","Wraith Form v2"],"picked":"Bullet Time","floor":16},{"not_picked":["Prepared","Outmaneuver"],"picked":"Noxious Fumes+1","floor":18},{"not_picked":["Quick Slash","Flechettes"],"picked":"Infinite Blades","floor":22},{"not_picked":["Quick Slash","Dagger Throw","Dagger Spray"],"picked":"SKIP","floor":24},{"not_picked":["Setup","Backflip+1"],"picked":"Catalyst","floor":27},{"not_picked":["Eviscerate","Dagger Spray"],"picked":"Escape Plan","floor":30}],"player_experience":997669,"relics_obtained":[{"floor":9,"key":"Thread and Needle"},{"floor":20,"key":"Gremlin Horn"},{"floor":26,"key":"Tough Bandages"}],"event_choices":[{"damage_healed":0,"gold_gain":0,"player_choice":"Donut","damage_taken":0,"max_hp_gain":5,"max_hp_loss":0,"event_name":"Big Fish","floor":13,"gold_loss":0},{"damage_healed":0,"gold_gain":0,"player_choice":"Ignored","damage_taken":0,"max_hp_gain":0,"max_hp_loss":0,"event_name":"Liars Game","floor":14,"gold_loss":0},{"damage_healed":0,"gold_gain":0,"player_choice":"Read","damage_taken":0,"max_hp_gain":0,"max_hp_loss":0,"event_name":"The Library","floor":19,"gold_loss":0,"cards_obtained":["Infinite Blades"]},{"damage_healed":0,"gold_gain":0,"player_choice":"Stole Relic","damage_taken":0,"relics_obtained":["Orichalcum"],"max_hp_gain":0,"max_hp_loss":0,"event_name":"Addict","floor":28,"gold_loss":0,"cards_obtained":["Shame"]}],"is_beta":true,"boss_relics":[{"not_picked":["Velvet Choker","Busted Crown"],"picked":"Astrolabe"}],"items_purged_floors":[21],"is_endless":false,"potions_floor_spawned":[1,2,8,16,18,22,24,27],"killed_by":"Collector","ascension_level":19}