{"gold_per_floor":[109,109,57,74,74,105,116,116,142,142,165,165,19,194,194,317,317,333,333,357,371,371,15,140,140,140,155,199,6,6,22,22,150,150,174,57,390,390,406,420,440,29,55,85,103,103,118,173,173,173],"floor_reached":50,"playtime":4459,"items_purged":["Doubt"],"score":595,"play_id":"419b9c0b-0827-413e-89e7-a62d2021a0e5","local_time":"20190209105318","is_ascension_mode":false,"campfire_choices":[{"data":"Clothesline","floor":8,"key":"SMITH"},{"floor":12,"key":"REST"},{"floor":15,"key":"REST"},{"floor":25,"key":"REST"},{"data":"Fiend Fire","floor":32,"key":"SMITH"},{"floor":49,"key":"REST"}],"neow_cost":"NONE","seed_source_timestamp":136049224691051,"circlet_count":0,"master_deck":["Reckless Charge","Armaments","Cleave","Cleave","Clothesline+1","Clash","Feel No Pain","Double Tap","Reaper","Pommel Strike","Seeing Red","Dark Embrace","Intimidate","Pommel Strike","Rampage","Carnage","Headbutt","Double Tap","Armaments+1","Anger","Ghostly Armor","Ghostly","Ghostly","Ghostly","Ghostly","Ghostly","Panache","Dark Shackles","Twin Strike","Inflame+1","Perfected Strike","Feel No Pain","Perfected Strike","Flex","Fiend Fire+1","Feed","Feel No Pain","Carnage","Anger","Twin Strike","Cleave+1","Anger","Flame Barrier+1","Warcry"],"relics":["Burning Blood","NeowsBlessing","Lantern","Dream Catcher","Art of War","Pandora\u0027s Box","Shuriken","Prayer Wheel","Ornamental Fan","Mummified Hand","Red Mask","Lee\u0027s Waffle","Busted Crown","Tiny Chest","Pen Nib","Sundial","Happy Flower","Girya","Smiling Mask"],"potions_floor_usage":[16,16,24,24,33,33,40,44,47,50,50],"damage_taken":[{"damage":0,"enemies":"Jaw Worm","floor":1,"turns":1},{"damage":0,"enemies":"2 Louse","floor":4,"turns":1},{"damage":0,"enemies":"Gremlin Nob","floor":6,"turns":1},{"damage":8,"enemies":"Small Slimes","floor":7,"turns":2},{"damage":0,"enemies":"Exordium Wildlife","floor":11,"turns":4},{"damage":51,"enemies":"The Guardian","floor":16,"turns":13},{"damage":27,"enemies":"Spheric Guardian","floor":18,"turns":4},{"damage":2,"enemies":"Chosen","floor":20,"turns":3},{"damage":17,"enemies":"Snecko","floor":21,"turns":5},{"damage":24,"enemies":"Colosseum Slavers","floor":24,"turns":4},{"damage":5,"enemies":"Colosseum Nobs","floor":24,"turns":5},{"damage":8,"enemies":"Cultist and Chosen","floor":27,"turns":5},{"damage":33,"enemies":"Masked Bandits","floor":28,"turns":6},{"damage":15,"enemies":"Sentry and Sphere","floor":31,"turns":4},{"damage":32,"enemies":"Champ","floor":33,"turns":12},{"damage":6,"enemies":"3 Darklings","floor":35,"turns":3},{"damage":5,"enemies":"3 Shapes","floor":39,"turns":3},{"damage":2,"enemies":"Transient","floor":40,"turns":5},{"damage":0,"enemies":"Maw","floor":41,"turns":7},{"damage":5,"enemies":"Nemesis","floor":44,"turns":7},{"damage":21,"enemies":"Writhing Mass","floor":45,"turns":5},{"damage":3,"enemies":"4 Shapes","floor":47,"turns":4},{"damage":63,"enemies":"Time Eater","floor":50,"turns":12}],"seed_played":"4951382356591729491","potions_obtained":[{"floor":1,"key":"Poison Potion"},{"floor":11,"key":"Explosive Potion"},{"floor":20,"key":"Fire Potion"},{"floor":21,"key":"GamblersBrew"},{"floor":28,"key":"EssenceOfSteel"},{"floor":31,"key":"LiquidBronze"},{"floor":33,"key":"PowerPotion"},{"floor":35,"key":"SteroidPotion"},{"floor":39,"key":"Poison Potion"},{"floor":45,"key":"Strength Potion"},{"floor":47,"key":"Fire Potion"}],"is_trial":false,"path_per_floor":["M","?","$","M","?","E","M","R","T","?","M","R","$","?","R","B",null,"M","?","M","M","?","$","?","R","T","M","?","$","?","M","R","B",null,"M","$","?","?","M","M","M","$","T","E","M","?","M","T","R","B"],"character_chosen":"IRONCLAD","items_purchased":["Armaments","Art of War","Panache","Dark Shackles","Twin Strike","Lee\u0027s Waffle","Tiny Chest","Pen Nib","Sundial"],"campfire_rested":4,"item_purchase_floors":[3,13,23,23,23,29,36,42,42],"current_hp_per_floor":[80,64,64,70,70,76,74,74,74,54,60,80,80,80,80,35,80,59,59,63,55,40,40,23,35,35,33,12,47,47,38,38,19,47,47,47,47,47,50,50,50,50,50,50,35,35,38,38,50,0],"gold":173,"neow_bonus":"THREE_ENEMY_KILL","is_prod":false,"is_daily":false,"chose_seed":false,"campfire_upgraded":2,"win_rate":0,"timestamp":1549727598,"path_taken":["M","?","$","M","?","E","M","R","T","?","M","R","$","?","R","BOSS","M","?","M","M","?","$","?","R","T","M","?","$","?","M","R","BOSS","M","$","?","?","?","M","M","$","T","E","?","?","?","?","R","BOSS"],"build_version":"2019-01-23","purchased_purges":1,"victory":false,"max_hp_per_floor":[80,80,80,80,80,80,80,80,80,80,80,80,80,80,80,80,80,80,80,80,80,40,40,40,40,40,40,40,47,47,47,47,47,47,47,47,47,47,50,50,50,50,50,50,50,50,50,50,50,50],"card_choices":[{"not_picked":["Whirlwind","Blood for Blood"],"picked":"Reckless Charge","floor":1},{"not_picked":["Clothesline","Havoc"],"picked":"Cleave","floor":4},{"not_picked":["Reckless Charge","Corruption"],"picked":"Cleave","floor":6},{"not_picked":["Flex","Shrug It Off"],"picked":"Clothesline","floor":7},{"not_picked":["Shrug It Off","Burning Pact"],"picked":"Clash","floor":11},{"not_picked":["Second Wind","Headbutt"],"picked":"Feel No Pain","floor":12},{"not_picked":["Inflame","Clothesline"],"picked":"Double Tap","floor":15},{"not_picked":["Offering","Brutality"],"picked":"Reaper","floor":16},{"not_picked":["Heavy Blade","Clothesline"],"picked":"Armaments+1","floor":18},{"not_picked":["Evolve","Perfected Strike"],"picked":"Anger","floor":20},{"not_picked":["Headbutt","Armaments"],"picked":"Ghostly Armor","floor":21},{"not_picked":["Headbutt","Body Slam"],"picked":"Inflame+1","floor":24},{"not_picked":["Clothesline+1","Feel No Pain"],"picked":"Perfected Strike","floor":25},{"not_picked":["Burning Pact","Uppercut+1"],"picked":"Feel No Pain","floor":27},{"not_picked":["Feel No Pain","Carnage"],"picked":"Perfected Strike","floor":27},{"not_picked":["Cleave+1","Iron Wave+1"],"picked":"Flex","floor":31},{"not_picked":["Headbutt","Warcry"],"picked":"Fiend Fire","floor":31},{"not_picked":["Fiend Fire","Barricade"],"picked":"Feed","floor":33},{"not_picked":[],"picked":"Feel No Pain","floor":35},{"not_picked":[],"picked":"Carnage","floor":35},{"not_picked":[],"picked":"Twin Strike","floor":39},{"not_picked":["Wild Strike"],"picked":"SKIP","floor":39},{"not_picked":["Wild Strike+1"],"picked":"SKIP","floor":40},{"not_picked":["Perfected Strike"],"picked":"SKIP","floor":40},{"not_picked":[],"picked":"Cleave+1","floor":41},{"not_picked":["Battle Trance"],"picked":"SKIP","floor":41},{"not_picked":[],"picked":"Anger","floor":44},{"not_picked":[],"picked":"Flame Barrier+1","floor":45},{"not_picked":["Second Wind"],"picked":"SKIP","floor":45},{"not_picked":["Clothesline"],"picked":"SKIP","floor":47},{"not_picked":["Rupture+1"],"picked":"SKIP","floor":47},{"not_picked":[],"picked":"Warcry","floor":49}],"player_experience":194267,"relics_obtained":[{"floor":6,"key":"Lantern"},{"floor":9,"key":"Dream Catcher"},{"floor":24,"key":"Prayer Wheel"},{"floor":24,"key":"Ornamental Fan"},{"floor":26,"key":"Mummified Hand"},{"floor":28,"key":"Red Mask"},{"floor":43,"key":"Happy Flower"},{"floor":44,"key":"Girya"},{"floor":48,"key":"Smiling Mask"}],"event_choices":[{"damage_healed":0,"gold_gain":0,"player_choice":"Entered Light","damage_taken":16,"max_hp_gain":0,"max_hp_loss":0,"event_name":"Shining Light","floor":2,"gold_loss":0,"cards_upgraded":["Defend_R","Bash"]},{"damage_healed":0,"gold_gain":0,"player_choice":"Leave","damage_taken":0,"max_hp_gain":0,"max_hp_loss":0,"event_name":"The Cleric","floor":5,"gold_loss":0},{"damage_healed":0,"gold_gain":0,"player_choice":"Take Damage","damage_taken":20,"relics_obtained":["Golden Idol"],"max_hp_gain":0,"max_hp_loss":0,"event_name":"Golden Idol","floor":10,"gold_loss":0},{"damage_healed":0,"gold_gain":175,"player_choice":"AGREE","damage_taken":0,"max_hp_gain":0,"max_hp_loss":0,"event_name":"Liars Game","floor":14,"gold_loss":0,"cards_obtained":["Doubt"]},{"damage_healed":0,"gold_gain":0,"player_choice":"Opened","damage_taken":0,"relics_obtained":["Shuriken"],"max_hp_gain":0,"max_hp_loss":0,"event_name":"The Mausoleum","floor":19,"gold_loss":0},{"damage_healed":0,"gold_gain":0,"player_choice":"Became a Ghost","damage_taken":0,"max_hp_gain":0,"max_hp_loss":40,"event_name":"Ghosts","floor":22,"gold_loss":0,"cards_obtained":["Ghostly","Ghostly","Ghostly","Ghostly","Ghostly"]},{"damage_healed":0,"gold_gain":0,"player_choice":"Fight","damage_taken":0,"max_hp_gain":0,"max_hp_loss":0,"event_name":"Colosseum","floor":24,"gold_loss":0},{"damage_healed":0,"gold_gain":0,"player_choice":"Fought Nobs","damage_taken":0,"max_hp_gain":0,"max_hp_loss":0,"event_name":"Colosseum","floor":24,"gold_loss":0},{"damage_healed":0,"gold_gain":0,"player_choice":"Fought Bandits","damage_taken":0,"max_hp_gain":0,"max_hp_loss":0,"event_name":"Masked Bandits","floor":28,"gold_loss":0},{"damage_healed":0,"gold_gain":0,"player_choice":"Ignored","damage_taken":0,"max_hp_gain":0,"max_hp_loss":0,"event_name":"Beggar","floor":30,"gold_loss":0},{"damage_healed":0,"gold_gain":333,"player_choice":"Gave Idol","damage_taken":0,"max_hp_gain":0,"max_hp_loss":0,"event_name":"The Moai Head","floor":37,"relics_lost":["Golden Idol"],"gold_loss":0},{"damage_healed":0,"gold_gain":0,"player_choice":"Copied","damage_taken":0,"max_hp_gain":0,"max_hp_loss":0,"event_name":"Duplicator","floor":38,"gold_loss":0,"cards_obtained":["Anger"]},{"cards_removed":["Bash"],"damage_healed":0,"gold_gain":0,"player_choice":"Purged","damage_taken":0,"max_hp_gain":0,"max_hp_loss":0,"event_name":"Purifier","floor":46,"gold_loss":0}],"is_beta":false,"boss_relics":[{"not_picked":["Black Blood","Fusion Hammer"],"picked":"Pandora\u0027s Box"},{"not_picked":["Cursed Key","Runic Pyramid"],"picked":"Busted Crown"}],"items_purged_floors":[23],"is_endless":false,"potions_floor_spawned":[1,11,20,21,28,31,33,35,39,45,47],"killed_by":"Time Eater","ascension_level":0}