{"gold_per_floor":[14,30,43,43,43,43,43,57,57,57,71,71,83,94,94,94],"floor_reached":16,"playtime":536,"items_purged":[],"score":188,"play_id":"184fbcb5-eb6e-44d9-85a1-bd17b555c45f","local_time":"20190407033231","is_ascension_mode":true,"campfire_choices":[{"data":"Chaos","floor":6.0,"key":"SMITH"},{"data":"Sweeping Beam","floor":10.0,"key":"SMITH"},{"data":"Turbo","floor":15,"key":"SMITH"}],"neow_cost":"NO_GOLD","seed_source_timestamp":24146564673844,"circlet_count":0,"master_deck":["AscendersBane","Strike_B","Strike_B","Defend_B","Defend_B","Defend_B","Defend_B","Zap","Dualcast","Sweeping Beam+1","Hologram","Cold Snap","Chaos+1","Stack","Glacier+1","Compile Driver","Turbo+1"],"special_seed":0,"relics":["Cracked Core","Dead Branch","Mercury Hourglass"],"potions_floor_usage":[16],"damage_taken":[{"damage":0.0,"enemies":"Cultist","floor":1.0,"turns":3.0},{"damage":0.0,"enemies":"2 Louse","floor":2.0,"turns":2.0},{"damage":10.0,"enemies":"Small Slimes","floor":3.0,"turns":3.0},{"damage":0.0,"enemies":"3 Louse","floor":8.0,"turns":1.0},{"damage":1,"enemies":"Looter","floor":11,"turns":2},{"damage":3,"enemies":"Gremlin Gang","floor":13,"turns":2},{"damage":6,"enemies":"Exordium Wildlife","floor":14,"turns":2},{"damage":61,"enemies":"Hexaghost","floor":16,"turns":9}],"seed_played":"-4041158753177145591","potions_obtained":[{"floor":2.0,"key":"Explosive Potion"},{"floor":3.0,"key":"EssenceOfSteel"},{"floor":8.0,"key":"Fire Potion"},{"floor":14,"key":"Strength Potion"}],"is_trial":false,"path_per_floor":["M","M","M","$","?","R","?","M","T","R","M","?","M","M","R","B"],"character_chosen":"DEFECT","items_purchased":[],"campfire_rested":0,"item_purchase_floors":[],"current_hp_per_floor":[64,64,54,54,36,36,71,71,71,71,70,70,67,61,61,0],"gold":94,"neow_bonus":"TRANSFORM_TWO_CARDS","is_prod":false,"is_daily":false,"chose_seed":false,"campfire_upgraded":3,"win_rate":0,"timestamp":1554622351,"path_taken":["M","M","M","?","?","R","?","?","T","R","M","?","M","M","R","BOSS"],"build_version":"2019-04-04","purchased_purges":0,"victory":false,"max_hp_per_floor":[71,71,71,71,71,71,71,71,71,71,71,71,71,71,71,71],"card_choices":[{"not_picked":["Coolheaded","Hello World"],"picked":"Cold Snap","floor":1.0},{"not_picked":["Steam","Darkness"],"picked":"Scrape","floor":2.0},{"not_picked":["Force Field","Stack"],"picked":"Chaos","floor":3.0},{"not_picked":["Coolheaded","Sweeping Beam"],"picked":"Stack","floor":8.0},{"not_picked":["Coolheaded","Core Surge"],"picked":"Glacier","floor":11},{"not_picked":["Redo","Steam Power"],"picked":"Compile Driver","floor":13},{"not_picked":["Undo","Compile Driver"],"picked":"Turbo","floor":14}],"player_experience":1057092,"relics_obtained":[{"floor":9.0,"key":"Mercury Hourglass"}],"event_choices":[{"damage_healed":0.0,"max_hp_gain":0.0,"max_hp_loss":0.0,"gold_gain":0.0,"event_name":"Scrap Ooze","player_choice":"Success","floor":5.0,"gold_loss":0.0,"damage_taken":18.0,"relics_obtained":["Dead Branch"]},{"cards_removed":["Scrape"],"damage_healed":35.0,"max_hp_gain":0.0,"max_hp_loss":0.0,"gold_gain":0.0,"event_name":"Bonfire Elementals","player_choice":"Offered Uncommon","floor":7.0,"gold_loss":0.0,"damage_taken":0.0},{"damage_healed":0,"gold_gain":0,"player_choice":"Grow","damage_taken":0,"max_hp_gain":0,"max_hp_loss":0,"event_name":"Living Wall","floor":12,"gold_loss":0,"cards_upgraded":["Glacier"]}],"is_beta":true,"boss_relics":[],"items_purged_floors":[],"is_endless":false,"potions_floor_spawned":[2,3,8,14],"killed_by":"Hexaghost","ascension_level":20}