{"gold_per_floor":[215,228,239,239,239,269,269,282,282,301,301,330,330,342,342,441,441,459,459],"floor_reached":19,"playtime":1356,"items_purged":[],"score":197,"play_id":"5e9b7ca2-c334-4a06-b6b9-8c44d9cdb361","local_time":"20190721155911","is_ascension_mode":true,"campfire_choices":[{"data":"Lockon","floor":7,"key":"SMITH"},{"data":"Zap","floor":11,"key":"SMITH"},{"data":"Conserve Battery","floor":13,"key":"SMITH"},{"floor":15,"key":"REST"}],"neow_cost":"NONE","seed_source_timestamp":828904532650800,"circlet_count":0,"master_deck":["Strike_B","Strike_B","Strike_B","Defend_B","Defend_B","Defend_B","Defend_B","Zap+1","Dualcast","Go for the Eyes","Coolheaded","Gash","Skim","Decay","Lockon+1","Self Repair","Conserve Battery+1","Gash","FTL","Hyperbeam","Auto Shields"],"relics":["Cracked Core","Pantograph","Torii","Inserter"],"potions_floor_usage":[16,16],"damage_taken":[{"damage":2,"enemies":"Jaw Worm","floor":1,"turns":3},{"damage":0,"enemies":"2 Louse","floor":2,"turns":3},{"damage":0,"enemies":"Cultist","floor":3,"turns":3},{"damage":22,"enemies":"Lagavulin","floor":6,"turns":8},{"damage":10,"enemies":"3 Louse","floor":8,"turns":3},{"damage":11,"enemies":"2 Fungi Beasts","floor":10,"turns":4},{"damage":20,"enemies":"3 Sentries","floor":12,"turns":10},{"damage":11,"enemies":"Exordium Thugs","floor":14,"turns":3},{"damage":12,"enemies":"The Guardian","floor":16,"turns":9},{"damage":24,"enemies":"Spheric Guardian","floor":18,"turns":6},{"damage":6,"enemies":"3 Byrds","floor":19,"turns":2}],"seed_played":"647867110003193617","potions_obtained":[{"floor":1,"key":"EssenceOfSteel"},{"floor":10,"key":"EssenceOfSteel"},{"floor":14,"key":"FocusPotion"},{"floor":16,"key":"Explosive Potion"}],"is_trial":false,"path_per_floor":["M","M","M","?","?","E","R","M","T","M","R","E","R","M","R","B",null,"M","M"],"character_chosen":"DEFECT","items_purchased":[],"campfire_rested":1,"item_purchase_floors":[],"current_hp_per_floor":[73,73,73,73,73,51,51,41,41,37,37,24,24,20,42,62,75,58,52],"gold":459,"neow_bonus":"HUNDRED_GOLD","is_prod":false,"is_daily":false,"chose_seed":false,"campfire_upgraded":3,"win_rate":0,"timestamp":1563739151,"path_taken":["M","M","M","?","?","E","R","M","T","M","R","E","R","M","R","BOSS","M","M"],"build_version":"2019-07-17","purchased_purges":0,"victory":false,"max_hp_per_floor":[75,75,75,75,75,75,75,75,75,75,75,75,75,75,75,75,75,75,75],"card_choices":[{"not_picked":["Force Field","Barrage"],"picked":"Go for the Eyes","floor":1},{"not_picked":["Ball Lightning","Static Discharge"],"picked":"Coolheaded","floor":2},{"not_picked":["Stack","Go for the Eyes"],"picked":"Gash","floor":3},{"not_picked":["Force Field","Steam Power"],"picked":"Lockon","floor":6},{"not_picked":["Sweeping Beam","Redo"],"picked":"Self Repair","floor":8},{"not_picked":["Leap","Undo"],"picked":"Conserve Battery","floor":10},{"not_picked":["Coolheaded","Ball Lightning"],"picked":"Gash","floor":12},{"not_picked":["Conserve Battery","Rainbow"],"picked":"FTL","floor":14},{"not_picked":["Meteor Strike","Biased Cognition"],"picked":"Hyperbeam","floor":16},{"not_picked":["Darkness+1","Sweeping Beam"],"picked":"Auto Shields","floor":18}],"player_experience":786211,"relics_obtained":[{"floor":6,"key":"Pantograph"},{"floor":12,"key":"Torii"}],"event_choices":[{"damage_healed":0,"gold_gain":0,"cards_transformed":["Strike_B"],"player_choice":"Change","damage_taken":0,"max_hp_gain":0,"max_hp_loss":0,"event_name":"Living Wall","floor":4,"gold_loss":0,"cards_obtained":["Skim"]},{"damage_healed":0,"gold_gain":0,"player_choice":"Cursed","damage_taken":0,"max_hp_gain":0,"max_hp_loss":0,"event_name":"Wheel of Change","floor":5,"gold_loss":0,"cards_obtained":["Decay"]}],"is_beta":false,"boss_relics":[{"not_picked":["Empty Cage","Runic Dome"],"picked":"Inserter"}],"items_purged_floors":[],"is_endless":false,"potions_floor_spawned":[1,10,14,16],"killed_by":"3 Byrds","ascension_level":2}