{"gold_per_floor":[15,25,25,25,43,43,57,67,67,90,102,114,126,170,182,290,302,329,357,144,160,160,160,178,178,178,178,11,0,0,20,20,115,115,126,126,140,140],"floor_reached":38,"playtime":3800,"items_purged":["Strike_B"],"score":414,"play_id":"3bbd8b3e-3f6b-4fc6-b1ce-870a42e79b9c","local_time":"20190711005910","is_ascension_mode":true,"campfire_choices":[{"data":"Melter","floor":6.0,"key":"SMITH"},{"data":"Conserve Battery","floor":12.0,"key":"SMITH"},{"data":"Dualcast","floor":15.0,"key":"SMITH"},{"data":"Hyperbeam","floor":23.0,"key":"SMITH"},{"data":"Chaos","floor":27.0,"key":"SMITH"},{"data":"Panache","floor":30.0,"key":"SMITH"},{"data":"Glacier","floor":32.0,"key":"SMITH"}],"neow_cost":"NO_GOLD","seed_source_timestamp":0,"circlet_count":0,"master_deck":["Strike_B","Strike_B","Defend_B","Defend_B","Defend_B","Zap+1","Dualcast+1","Cold Snap","Melter+1","Cold Snap","Defragment","FTL","Conserve Battery+1","Coolheaded","Seek","Chaos+1","Defragment","Cold Snap","Coolheaded","Ball Lightning+1","Hyperbeam+1","Panache+1","Glacier+1","Core Surge","Hologram+1","Panache+1","Turbo+1"],"special_seed":0,"relics":["FrozenCore","Ice Cream","MawBank","Orichalcum","Bottled Lightning","Eternal Feather"],"potions_floor_usage":[35,38],"damage_taken":[{"damage":0.0,"enemies":"Cultist","floor":1.0,"turns":3.0},{"damage":0.0,"enemies":"2 Louse","floor":2.0,"turns":1.0},{"damage":0.0,"enemies":"Jaw Worm","floor":5.0,"turns":3.0},{"damage":0.0,"enemies":"3 Louse","floor":7.0,"turns":3.0},{"damage":12.0,"enemies":"Lots of Slimes","floor":8.0,"turns":3.0},{"damage":9.0,"enemies":"Looter","floor":10.0,"turns":2.0},{"damage":7.0,"enemies":"3 Sentries","floor":14.0,"turns":9.0},{"damage":4.0,"enemies":"Slime Boss","floor":16.0,"turns":15.0},{"damage":0.0,"enemies":"Chosen","floor":18.0,"turns":4.0},{"damage":0.0,"enemies":"Spheric Guardian","floor":19.0,"turns":4.0},{"damage":0.0,"enemies":"Snecko","floor":21.0,"turns":8.0},{"damage":0.0,"enemies":"Centurion and Healer","floor":24.0,"turns":9.0},{"damage":8.0,"enemies":"Chosen and Byrds","floor":31.0,"turns":7.0},{"damage":40.0,"enemies":"Collector","floor":33.0,"turns":15.0},{"damage":23,"enemies":"3 Darklings","floor":35,"turns":7},{"damage":0,"enemies":"3 Shapes","floor":37,"turns":1},{"damage":81,"enemies":"Transient","floor":38,"turns":5}],"seed_played":"766576390585455348","potions_obtained":[{"floor":2.0,"key":"Ancient Potion"},{"floor":7.0,"key":"Poison Potion"},{"floor":10.0,"key":"Ancient Potion"},{"floor":14.0,"key":"Fire Potion"},{"floor":16.0,"key":"Swift Potion"},{"floor":24.0,"key":"GamblersBrew"},{"floor":33.0,"key":"Block Potion"}],"is_trial":false,"path_per_floor":["M","M","?","?","M","R","M","M","T","M","$","R","?","E","R","B",null,"M","M","$","M","?","R","M","?","T","R","$","?","R","M","R","B",null,"M","?","M","M"],"character_chosen":"DEFECT","items_purchased":["Defragment","Cold Snap","Coolheaded","Panache"],"campfire_rested":0,"item_purchase_floors":[20,20,20,28],"current_hp_per_floor":[75,75,75,75,75,75,75,63,63,54,54,54,29,22,22,18,75,75,75,75,75,75,75,75,75,75,75,75,75,75,67,67,27,75,52,52,52,0],"gold":140,"neow_bonus":"ONE_RARE_RELIC","is_prod":false,"is_daily":false,"chose_seed":false,"campfire_upgraded":7,"win_rate":0,"timestamp":1562821150,"path_taken":["M","M","?","?","M","R","?","M","T","M","$","R","?","E","R","BOSS","M","M","$","M","?","R","?","?","T","R","?","?","R","M","R","BOSS","M","?","?","M"],"build_version":"2019-07-05","purchased_purges":1,"victory":false,"max_hp_per_floor":[75,75,75,75,75,75,75,75,75,75,75,75,75,75,75,75,75,75,75,75,75,75,75,75,75,75,75,75,75,75,75,75,75,75,75,75,75,75],"card_choices":[{"not_picked":["Rebound","Chill"],"picked":"Cold Snap","floor":1.0},{"not_picked":["Redo","Chill"],"picked":"Melter","floor":2.0},{"not_picked":["Tempest","Undo"],"picked":"Defragment","floor":7.0},{"not_picked":["Turbo","Force Field"],"picked":"FTL","floor":8.0},{"not_picked":["Tempest","Reprogram"],"picked":"Conserve Battery","floor":10.0},{"not_picked":["Rainbow","Doom and Gloom"],"picked":"Coolheaded","floor":14.0},{"not_picked":["Amplify","Meteor Strike"],"picked":"Seek","floor":16.0},{"not_picked":["Gash+1","Cold Snap"],"picked":"Chaos","floor":18.0},{"not_picked":["Hello World","Storm+1","Streamline"],"picked":"SKIP","floor":19.0},{"not_picked":["Beam Cell","Hologram"],"picked":"Ball Lightning+1","floor":21.0},{"not_picked":["Lockon+1","Stack","Coolheaded"],"picked":"SKIP","floor":24.0},{"not_picked":["Reprogram","Cold Snap"],"picked":"Glacier","floor":31.0},{"not_picked":["Multi-Cast","All For One"],"picked":"Core Surge","floor":33.0},{"not_picked":["Consume+1","Capacitor+1"],"picked":"Hologram+1","floor":35},{"not_picked":["Rebound","Recycle+1"],"picked":"Turbo+1","floor":37}],"player_experience":698351,"relics_obtained":[{"floor":9.0,"key":"MawBank"},{"floor":14.0,"key":"Bottled Lightning"}],"event_choices":[{"damage_healed":0.0,"max_hp_gain":0.0,"max_hp_loss":0.0,"gold_gain":0.0,"cards_transformed":["Strike_B"],"event_name":"Living Wall","player_choice":"Change","floor":3.0,"gold_loss":0.0,"damage_taken":0.0,"cards_obtained":["Cold Snap"]},{"damage_healed":0.0,"max_hp_gain":0.0,"max_hp_loss":0.0,"gold_gain":0.0,"event_name":"Upgrade Shrine","player_choice":"Upgraded","floor":4.0,"gold_loss":0.0,"damage_taken":0.0,"cards_upgraded":["Zap"]},{"damage_healed":0.0,"max_hp_gain":0.0,"max_hp_loss":0.0,"gold_gain":0.0,"event_name":"Scrap Ooze","player_choice":"Success","floor":13.0,"gold_loss":0.0,"damage_taken":25.0,"relics_obtained":["Orichalcum"]},{"damage_healed":0.0,"max_hp_gain":0.0,"max_hp_loss":0.0,"gold_gain":0.0,"event_name":"Match and Keep!","player_choice":"1 cards matched","floor":22.0,"gold_loss":0.0,"damage_taken":0.0,"cards_obtained":["Hyperbeam"]},{"cards_removed":["Defend_B"],"damage_healed":0.0,"max_hp_gain":0.0,"max_hp_loss":0.0,"gold_gain":0.0,"event_name":"Back to Basics","player_choice":"Elegance","floor":25.0,"gold_loss":0.0,"damage_taken":0.0},{"damage_healed":0.0,"max_hp_gain":0.0,"max_hp_loss":0.0,"gold_gain":0.0,"event_name":"Masked Bandits","player_choice":"Paid Fearfully","floor":29.0,"gold_loss":11.0,"damage_taken":0.0},{"damage_healed":0,"gold_gain":0,"player_choice":"Copied","damage_taken":0,"max_hp_gain":0,"max_hp_loss":0,"event_name":"Duplicator","floor":36,"gold_loss":0,"cards_obtained":["Panache"]}],"is_beta":false,"boss_relics":[{"not_picked":["Orrery","Velvet Choker"],"picked":"FrozenCore"},{"not_picked":["Calling Bell","Sozu"],"picked":"Eternal Feather"}],"items_purged_floors":[20],"is_endless":false,"potions_floor_spawned":[2,7,10,14,16,24,33,35],"killed_by":"Transient","ascension_level":2}