{"gold_per_floor":[114,132,143,155,170,199,199,217,263,263,293,293,321,347,359,467,479,479,502,533,64,76,92,92],"floor_reached":24,"playtime":1721,"items_purged":[],"score":277,"play_id":"1e7ab618-1d8d-4613-8853-d645b1bbe305","local_time":"20190526214503","is_ascension_mode":true,"campfire_choices":[{"data":"Infinite Blades","floor":7,"key":"SMITH"},{"data":"Blade Dance","floor":10,"key":"SMITH"},{"floor":15,"key":"REST"}],"neow_cost":"NONE","seed_source_timestamp":255066821472393,"circlet_count":0,"master_deck":["Defend_G","Defend_G","Defend_G","Defend_G","Defend_G","Strike_G","Strike_G","Strike_G","Strike_G","Strike_G","Survivor","Neutralize","Blade Dance+1","Finisher","Infinite Blades+1","Flechettes","Predator","Blur","Cloak And Dagger+1","Cloak And Dagger","Distraction","Adrenaline","PiercingWail+1","Outmaneuver+1","Dagger Spray","Dash","Slice"],"relics":["Ring of the Snake","Mummified Hand","MawBank","Runic Pyramid","Bag of Marbles","Frozen Egg 2"],"potions_floor_usage":[4,6,6,13,16,16,20],"damage_taken":[{"damage":0,"enemies":"Cultist","floor":1,"turns":5},{"damage":0,"enemies":"Small Slimes","floor":2,"turns":4},{"damage":0,"enemies":"2 Louse","floor":3,"turns":3},{"damage":20,"enemies":"Gremlin Gang","floor":4,"turns":5},{"damage":3,"enemies":"Red Slaver","floor":5,"turns":4},{"damage":23,"enemies":"3 Sentries","floor":6,"turns":8},{"damage":8,"enemies":"3 Louse","floor":8,"turns":3},{"damage":7,"enemies":"Lagavulin","floor":13,"turns":4},{"damage":0,"enemies":"Exordium Wildlife","floor":14,"turns":2},{"damage":0,"enemies":"Slime Boss","floor":16,"turns":9},{"damage":9,"enemies":"2 Thieves","floor":18,"turns":4},{"damage":2,"enemies":"Chosen","floor":19,"turns":5},{"damage":32,"enemies":"Snake Plant","floor":20,"turns":5},{"damage":19,"enemies":"3 Cultists","floor":22,"turns":5},{"damage":7,"enemies":"Snecko","floor":23,"turns":5}],"seed_played":"7661994158032314961","potions_obtained":[{"floor":2,"key":"PowerPotion"},{"floor":3,"key":"GamblersBrew"},{"floor":4,"key":"Regen Potion"},{"floor":8,"key":"SteroidPotion"},{"floor":13,"key":"Explosive Potion"},{"floor":14,"key":"GhostInAJar"},{"floor":18,"key":"LiquidBronze"},{"floor":20,"key":"Swift Potion"}],"is_trial":false,"path_per_floor":["M","M","M","M","M","E","R","M","T","R","?","?","E","M","R","B",null,"M","M","M","$","M","M","?"],"character_chosen":"THE_SILENT","items_purchased":["Bag of Marbles","Frozen Egg 2","Dash"],"campfire_rested":1,"item_purchase_floors":[21,21,21],"current_hp_per_floor":[77,77,77,57,54,46,46,38,38,38,38,38,31,31,54,54,77,68,66,34,34,15,8,0],"gold":92,"neow_bonus":"TEN_PERCENT_HP_BONUS","is_prod":false,"is_daily":false,"chose_seed":false,"campfire_upgraded":2,"win_rate":0,"timestamp":1558921503,"path_taken":["M","M","M","?","M","E","R","M","T","R","?","?","E","M","R","BOSS","M","M","?","?","M","M","?"],"build_version":"2019-01-23","purchased_purges":0,"victory":false,"max_hp_per_floor":[77,77,77,77,77,77,77,77,77,77,77,77,77,77,77,77,77,77,77,77,77,77,77,77],"card_choices":[{"not_picked":["Acrobatics","Escape Plan"],"picked":"Blade Dance","floor":1},{"not_picked":["Distraction","Cloak And Dagger"],"picked":"Finisher","floor":2},{"not_picked":["Choke","Prepared"],"picked":"Infinite Blades","floor":3},{"not_picked":["Prepared","Underhanded Strike"],"picked":"Flechettes","floor":4},{"not_picked":["Night Terror","Prepared"],"picked":"Predator","floor":5},{"not_picked":["Calculated Gamble","Poisoned Stab"],"picked":"Blur","floor":6},{"not_picked":["Tactician","Backflip"],"picked":"Cloak And Dagger","floor":8},{"not_picked":["Reflex","Quick Slash"],"picked":"Cloak And Dagger","floor":13},{"not_picked":["Backflip","Quick Slash"],"picked":"Distraction","floor":14},{"not_picked":["Bullet Time","Grand Finale"],"picked":"Adrenaline","floor":16},{"not_picked":["Riddle With Holes","Dodge and Roll"],"picked":"PiercingWail+1","floor":18},{"not_picked":["Dagger Throw","Reflex"],"picked":"Outmaneuver+1","floor":19},{"not_picked":["Concentrate","Prepared"],"picked":"Dagger Spray","floor":20},{"not_picked":["Doppelganger","Prepared"],"picked":"Slice","floor":22},{"not_picked":["Backflip","Expertise","Prepared"],"picked":"SKIP","floor":23}],"player_experience":382447,"relics_obtained":[{"floor":6,"key":"Mummified Hand"},{"floor":13,"key":"MawBank"}],"event_choices":[{"damage_healed":0,"gold_gain":30,"player_choice":"Searched \u00272\u0027 times","damage_taken":0,"max_hp_gain":0,"max_hp_loss":0,"event_name":"Dead Adventurer","floor":11,"gold_loss":0},{"damage_healed":0,"gold_gain":0,"player_choice":"Upgraded","damage_taken":0,"max_hp_gain":0,"max_hp_loss":0,"event_name":"Upgrade Shrine","floor":12,"gold_loss":0,"cards_upgraded":["Cloak And Dagger"]}],"is_beta":false,"boss_relics":[{"not_picked":["Fusion Hammer","White Beast Statue"],"picked":"Runic Pyramid"}],"items_purged_floors":[],"is_endless":false,"potions_floor_spawned":[2,3,4,8,13,14,18,20],"ascension_level":1}