{"gold_per_floor":[116,126,138,152,171,171,197,197,197,197,217,247,257,18,18,117,117,133,151,165,43,43,43,60,60,84,100,10,10,20,39,39,135,135,148,148,160,160,160,160,40,40,91,91,33,44,60,160,160,160],"floor_reached":50,"playtime":5314,"items_purged":["Strike_G","Defend_G"],"score":502,"play_id":"b3201304-78aa-4b2a-99bf-b87b19c34b41","local_time":"20190724121129","is_ascension_mode":true,"campfire_choices":[{"data":"Poisoned Stab","floor":6,"key":"SMITH"},{"floor":8,"key":"REST"},{"data":"Dagger Spray","floor":10,"key":"SMITH"},{"floor":15,"key":"REST"},{"floor":23,"key":"REST"},{"floor":25,"key":"REST"},{"floor":29,"key":"REST"},{"floor":32,"key":"REST"},{"data":"Leg Sweep","floor":40,"key":"SMITH"},{"floor":42,"key":"REST"},{"data":"Crippling Poison","floor":44,"key":"SMITH"},{"floor":49,"key":"RECALL"}],"neow_cost":"NONE","seed_source_timestamp":259056301866154,"circlet_count":0,"master_deck":["Strike_G","Strike_G","Strike_G","Defend_G","Defend_G","Defend_G","Survivor","Neutralize","Poisoned Stab+1","Slice","Quick Slash","Dagger Spray+1","Noxious Fumes","Bane","Flying Knee","Caltrops","Corpse Explosion+1","PiercingWail+1","Calculated Gamble","Crippling Poison+1","Backflip+1","Well Laid Plans","Cloak And Dagger","Setup","Unload","Leg Sweep+1","Writhe"],"relics":["Ring of the Snake","Letter Opener","The Courier","Snake Skull","Mummified Hand","White Beast Statue","Blood Vial","Eternal Feather","Nunchaku"],"potions_floor_usage":[7,13,16,16,20,20,24,27,30,33,33,35,37,46,48,50,50],"damage_taken":[{"damage":1,"enemies":"Cultist","floor":1,"turns":3},{"damage":0,"enemies":"Small Slimes","floor":2,"turns":2},{"damage":0,"enemies":"Jaw Worm","floor":3,"turns":3},{"damage":3,"enemies":"Exordium Thugs","floor":4,"turns":5},{"damage":3,"enemies":"2 Fungi Beasts","floor":5,"turns":5},{"damage":29,"enemies":"Lagavulin","floor":7,"turns":6},{"damage":8,"enemies":"Blue Slaver","floor":11,"turns":3},{"damage":21,"enemies":"3 Sentries","floor":12,"turns":7},{"damage":7,"enemies":"Large Slime","floor":13,"turns":4},{"damage":38,"enemies":"The Guardian","floor":16,"turns":8},{"damage":16,"enemies":"Spheric Guardian","floor":18,"turns":4},{"damage":3,"enemies":"3 Byrds","floor":19,"turns":3},{"damage":4,"enemies":"Snake Plant","floor":20,"turns":5},{"damage":34,"enemies":"Chosen and Byrds","floor":24,"turns":6},{"damage":15,"enemies":"Sentry and Sphere","floor":27,"turns":5},{"damage":26,"enemies":"Snake Plant","floor":30,"turns":4},{"damage":19,"enemies":"Snecko","floor":31,"turns":5},{"damage":32,"enemies":"Collector","floor":33,"turns":9},{"damage":21,"enemies":"3 Darklings","floor":35,"turns":4},{"damage":43,"enemies":"3 Shapes","floor":37,"turns":4},{"damage":33,"enemies":"Jaw Worm Horde","floor":46,"turns":4},{"damage":1,"enemies":"3 Darklings","floor":47,"turns":3},{"damage":25,"enemies":"Mind Bloom Boss Battle","floor":48,"turns":8},{"damage":53,"enemies":"Awakened One","floor":50,"turns":9}],"seed_played":"6353757319252268132","potions_obtained":[{"floor":2,"key":"Regen Potion"},{"floor":5,"key":"GhostInAJar"},{"floor":11,"key":"Block Potion"},{"floor":12,"key":"Strength Potion"},{"floor":16,"key":"SkillPotion"},{"floor":18,"key":"SmokeBomb"},{"floor":19,"key":"Dexterity Potion"},{"floor":20,"key":"Block Potion"},{"floor":24,"key":"Block Potion"},{"floor":27,"key":"Ancient Potion"},{"floor":30,"key":"LiquidBronze"},{"floor":31,"key":"EssenceOfSteel"},{"floor":33,"key":"SkillPotion"},{"floor":35,"key":"PowerPotion"},{"floor":37,"key":"Explosive Potion"},{"floor":46,"key":"Strength Potion"},{"floor":48,"key":"Swift Potion"}],"is_trial":false,"path_per_floor":["M","M","M","M","M","R","E","R","T","R","M","E","M","$","R","B",null,"M","M","M","$","?","R","M","R","T","M","?","R","M","M","R","B",null,"M","?","M","?","?","R","$","R","T","R","$","M","M","?","R","B"],"character_chosen":"THE_SILENT","items_purchased":["Mummified Hand","Caltrops","Crippling Poison","Energy Potion","Regen Potion"],"campfire_rested":7,"item_purchase_floors":[14,14,21,41,45],"current_hp_per_floor":[69,69,69,66,63,63,34,55,55,55,47,26,19,19,40,17,70,54,51,47,47,34,56,22,44,44,31,31,53,29,12,34,4,75,54,54,13,13,32,47,47,75,75,75,75,42,43,35,50,0],"gold":160,"neow_bonus":"THREE_CARDS","is_prod":false,"is_daily":false,"chose_seed":false,"campfire_upgraded":4,"win_rate":0,"timestamp":1563988289,"path_taken":["M","M","?","M","M","R","E","R","T","R","M","E","M","$","R","BOSS","M","M","M","$","?","R","M","R","T","M","?","R","M","M","R","BOSS","M","?","M","?","?","R","?","R","T","R","$","M","M","?","R","BOSS"],"build_version":"2019-07-17","purchased_purges":2,"victory":false,"max_hp_per_floor":[70,70,70,70,70,70,70,70,70,70,70,70,70,70,70,70,70,70,70,70,70,75,75,75,75,75,75,75,75,75,75,75,75,75,75,75,75,75,75,75,75,75,75,75,75,75,75,75,75,75],"card_choices":[{"not_picked":["Blade Dance","Crippling Poison"],"picked":"Poisoned Stab","floor":0},{"not_picked":["PiercingWail","Deflect","Blade Dance"],"picked":"SKIP","floor":1},{"not_picked":["Deflect","Infinite Blades"],"picked":"Slice","floor":2},{"not_picked":["Outmaneuver","Blade Dance","Acrobatics"],"picked":"SKIP","floor":3},{"not_picked":["Masterful Stab","Concentrate"],"picked":"Quick Slash","floor":4},{"not_picked":["Escape Plan","Tactician"],"picked":"Dagger Spray","floor":5},{"not_picked":["Backflip","Masterful Stab"],"picked":"Noxious Fumes","floor":7},{"not_picked":["Cloak And Dagger","Escape Plan"],"picked":"Bane","floor":11},{"not_picked":["Tactician","All Out Attack","Doppelganger"],"picked":"SKIP","floor":12},{"not_picked":["Choke","Underhanded Strike"],"picked":"Flying Knee","floor":13},{"not_picked":["Burst","Envenom"],"picked":"Corpse Explosion","floor":16},{"not_picked":["Eviscerate+1","Cloak And Dagger"],"picked":"PiercingWail+1","floor":18},{"not_picked":["Distraction","Flying Knee+1"],"picked":"Calculated Gamble","floor":19},{"not_picked":["All Out Attack","Noxious Fumes","Endless Agony"],"picked":"SKIP","floor":20},{"not_picked":["Bane","Blade Dance"],"picked":"Backflip+1","floor":24},{"not_picked":["Eviscerate","Underhanded Strike+1"],"picked":"Well Laid Plans","floor":27},{"not_picked":["Outmaneuver","Blade Dance"],"picked":"Cloak And Dagger","floor":30},{"not_picked":["Riddle With Holes","Masterful Stab"],"picked":"Setup","floor":31},{"not_picked":["After Image","A Thousand Cuts"],"picked":"Unload","floor":33},{"not_picked":["Finisher+1","Poisoned Stab","Quick Slash+1"],"picked":"SKIP","floor":35},{"not_picked":["Blade Dance+1","Dodge and Roll"],"picked":"Leg Sweep","floor":37},{"not_picked":["Underhanded Strike","Deadly Poison","Dagger Throw"],"picked":"SKIP","floor":46},{"not_picked":["Phantasmal Killer","Dagger Spray+1","Reflex+1"],"picked":"SKIP","floor":47}],"player_experience":231864,"relics_obtained":[{"floor":7,"key":"Letter Opener"},{"floor":9,"key":"The Courier"},{"floor":12,"key":"Snake Skull"},{"floor":26,"key":"Blood Vial"},{"floor":48,"key":"Nunchaku"}],"event_choices":[{"damage_healed":0,"gold_gain":0,"player_choice":"Shed Blood","damage_taken":18,"max_hp_gain":5,"max_hp_loss":0,"event_name":"Forgotten Altar","floor":22,"gold_loss":0},{"cards_removed":["Defend_G"],"damage_healed":0,"gold_gain":0,"player_choice":"Upgrade and Remove","damage_taken":0,"max_hp_gain":0,"max_hp_loss":0,"event_name":"Designer","floor":28,"gold_loss":90,"cards_upgraded":["Corpse Explosion"]},{"damage_healed":0,"gold_gain":0,"player_choice":"Ignored","damage_taken":0,"max_hp_gain":0,"max_hp_loss":0,"event_name":"Mysterious Sphere","floor":36,"gold_loss":0},{"cards_removed":["Strike_G"],"damage_healed":0,"gold_gain":0,"player_choice":"Removed Attack","damage_taken":0,"max_hp_gain":0,"max_hp_loss":0,"event_name":"Falling","floor":38,"gold_loss":0},{"damage_healed":19,"gold_gain":0,"player_choice":"Writhe","damage_taken":0,"max_hp_gain":0,"max_hp_loss":0,"event_name":"Winding Halls","floor":39,"gold_loss":0,"cards_obtained":["Writhe"]},{"damage_healed":0,"gold_gain":0,"player_choice":"Fight","damage_taken":0,"max_hp_gain":0,"max_hp_loss":0,"event_name":"MindBloom","floor":48,"gold_loss":0}],"is_beta":false,"boss_relics":[{"not_picked":["Coffee Dripper","Fusion Hammer"],"picked":"White Beast Statue"},{"not_picked":["Philosopher\u0027s Stone","Orrery"],"picked":"Eternal Feather"}],"items_purged_floors":[21,41],"is_endless":false,"potions_floor_spawned":[2,5,11,12,16,18,19,20,24,27,30,31,33,35,37,46,47,48],"killed_by":"Awakened One","ascension_level":2}