{"gold_per_floor":[109,109,123,139,156,174,174,128,128,141,160,113,124,140,140,236,236,248,261,275,275,275,307,75,104,175,175,190,202,202,222,222,326,326,346,346,364,411,180,209,209,209,209,243,343,354,354,365,365,365,365,365,186,217,217],"floor_reached":55,"playtime":3883,"items_purged":["Strike_R+1","Strike_R+1"],"score":738,"play_id":"2645c033-8414-4489-9868-b226f0518b53","local_time":"20190725212621","is_ascension_mode":false,"campfire_choices":[{"data":"Spot Weakness","floor":7,"key":"SMITH"},{"data":"Flex","floor":15,"key":"SMITH"},{"floor":27,"key":"RECALL"},{"floor":32,"key":"REST"},{"data":"Pommel Strike","floor":42,"key":"SMITH"},{"data":"Bash","floor":49,"key":"SMITH"},{"data":"Ghostly Armor","floor":52,"key":"SMITH"}],"neow_cost":"NONE","seed_source_timestamp":1305911640414719,"circlet_count":0,"master_deck":["Strike_R+1","Defend_R+1","Defend_R+1","Defend_R+1","Defend_R+1","Bash+1","Inflame","Intimidate","Ghostly Armor+1","Offering","Spot Weakness+1","Twin Strike","Flex+1","Flex+1","Shrug It Off+1","Whirlwind","Reaper","Flex+1","Battle Trance+1","Spot Weakness+1","Warcry+1","Shockwave+1","Pommel Strike+1","Twin Strike","Shrug It Off+1","Good Instincts+1","Shrug It Off+1"],"relics":["Burning Blood","Toxic Egg 2","Busted Crown","Bronze Scales","Oddly Smooth Stone","Paper Frog","Shuriken","Orrery","WingedGreaves","Anchor","Bottled Lightning","Centennial Puzzle","Gambling Chip","Turnip"],"potions_floor_usage":[55,55],"damage_taken":[{"damage":5,"enemies":"Small Slimes","floor":1,"turns":4},{"damage":2,"enemies":"Cultist","floor":3,"turns":4},{"damage":1,"enemies":"2 Louse","floor":4,"turns":4},{"damage":1,"enemies":"Exordium Wildlife","floor":5,"turns":6},{"damage":13,"enemies":"Exordium Thugs","floor":6,"turns":5},{"damage":0,"enemies":"Looter","floor":10,"turns":3},{"damage":2,"enemies":"3 Louse","floor":11,"turns":4},{"damage":8,"enemies":"Large Slime","floor":13,"turns":5},{"damage":6,"enemies":"2 Fungi Beasts","floor":14,"turns":4},{"damage":45,"enemies":"Hexaghost","floor":16,"turns":9},{"damage":5,"enemies":"Chosen","floor":18,"turns":3},{"damage":6,"enemies":"2 Thieves","floor":19,"turns":2},{"damage":6,"enemies":"Chosen and Byrds","floor":20,"turns":4},{"damage":6,"enemies":"Slavers","floor":23,"turns":1},{"damage":16,"enemies":"Book of Stabbing","floor":25,"turns":4},{"damage":3,"enemies":"Snake Plant","floor":28,"turns":2},{"damage":17,"enemies":"Shelled Parasite and Fungi","floor":29,"turns":3},{"damage":20,"enemies":"Sentry and Sphere","floor":31,"turns":5},{"damage":69,"enemies":"Automaton","floor":33,"turns":8},{"damage":17,"enemies":"3 Darklings","floor":35,"turns":4},{"damage":2,"enemies":"3 Shapes","floor":37,"turns":5},{"damage":13,"enemies":"2 Orb Walkers","floor":38,"turns":3},{"damage":42,"enemies":"Giant Head","floor":40,"turns":7},{"damage":40,"enemies":"Nemesis","floor":44,"turns":7},{"damage":9,"enemies":"Mind Bloom Boss Battle","floor":45,"turns":5},{"damage":10,"enemies":"Maw","floor":46,"turns":6},{"damage":0,"enemies":"Writhing Mass","floor":48,"turns":5},{"damage":59,"enemies":"Donu and Deca","floor":50,"turns":8},{"damage":15,"enemies":"Shield and Spear","floor":54,"turns":5},{"damage":112,"enemies":"The Heart","floor":55,"turns":9}],"seed_played":"3464922321523923775","potions_obtained":[{"floor":1,"key":"SpeedPotion"},{"floor":4,"key":"Energy Potion"},{"floor":6,"key":"SmokeBomb"},{"floor":25,"key":"Explosive Potion"},{"floor":31,"key":"Dexterity Potion"}],"is_trial":false,"path_per_floor":["M","?","M","M","M","M","R","$","T","M","M","$","M","M","R","B",null,"M","M","M","$","?","E","$","E","T","R","M","M","?","M","R","B",null,"M","?","M","?","$","E","?","R","T","E","?","M","?","M","R","B",null,"R","$","E","B"],"character_chosen":"IRONCLAD","items_purchased":["Flex","Flex+1","Shockwave+1","Oddly Smooth Stone","Anchor","BloodPotion"],"campfire_rested":1,"item_purchase_floors":[8,12,24,24,39,53],"current_hp_per_floor":[88,88,88,88,88,81,81,81,81,87,88,88,86,86,86,47,88,88,88,88,88,88,88,88,78,78,78,81,70,70,56,82,43,88,77,77,88,81,81,80,80,80,80,77,88,88,78,84,84,57,88,88,88,88,0],"gold":217,"neow_bonus":"TEN_PERCENT_HP_BONUS","is_prod":false,"is_daily":false,"chose_seed":false,"campfire_upgraded":5,"win_rate":0,"timestamp":1564115181,"path_taken":["M","?","M","?","?","M","R","$","T","M","M","?","M","M","R","BOSS","M","M","M","$","?","E","$","E","T","R","M","M","?","?","R","BOSS","M","?","M","?","$","E","?","R","T","E","?","M","?","?","R","BOSS","R","$","E","BOSS"],"build_version":"2019-07-17","purchased_purges":2,"victory":false,"max_hp_per_floor":[88,88,88,88,88,88,88,88,88,88,88,88,88,88,88,88,88,88,88,88,88,88,88,88,88,88,88,88,88,88,88,88,88,88,88,88,88,88,88,88,88,88,88,88,88,88,88,88,88,88,88,88,88,88,88],"card_choices":[{"not_picked":["Whirlwind","Cleave"],"picked":"Inflame","floor":1},{"not_picked":["Wild Strike","Clash"],"picked":"Ghostly Armor","floor":3},{"not_picked":["Cleave","Perfected Strike"],"picked":"Offering","floor":4},{"not_picked":["Twin Strike","Corruption"],"picked":"Spot Weakness","floor":5},{"not_picked":["Anger","Evolve"],"picked":"Twin Strike","floor":6},{"not_picked":["Dropkick","Fire Breathing","Iron Wave"],"picked":"SKIP","floor":10},{"not_picked":["Uppercut","Metallicize","Body Slam"],"picked":"SKIP","floor":11},{"not_picked":["Burning Pact+1","Seeing Red+1"],"picked":"Shrug It Off+1","floor":13},{"not_picked":["Iron Wave","Evolve"],"picked":"Whirlwind","floor":14},{"not_picked":["Berserk","Feed"],"picked":"Reaper","floor":16},{"not_picked":[],"picked":"Flex+1","floor":18},{"not_picked":[],"picked":"Battle Trance+1","floor":19},{"not_picked":[],"picked":"Spot Weakness+1","floor":20},{"not_picked":[],"picked":"Warcry+1","floor":23},{"not_picked":["Feel No Pain+1"],"picked":"SKIP","floor":25},{"not_picked":[],"picked":"Pommel Strike","floor":28},{"not_picked":["Iron Wave"],"picked":"SKIP","floor":29},{"not_picked":["Clothesline"],"picked":"SKIP","floor":31},{"not_picked":[],"picked":"Twin Strike","floor":34},{"not_picked":[],"picked":"Shrug It Off+1","floor":35},{"not_picked":["Body Slam+1"],"picked":"SKIP","floor":37},{"not_picked":["Cleave+1"],"picked":"SKIP","floor":40},{"not_picked":["Rampage"],"picked":"SKIP","floor":44},{"not_picked":["Perfected Strike+1"],"picked":"SKIP","floor":46},{"not_picked":[],"picked":"Good Instincts+1","floor":47},{"not_picked":["Warcry+1"],"picked":"SKIP","floor":48},{"not_picked":[],"picked":"Shrug It Off+1","floor":54}],"player_experience":196236,"relics_obtained":[{"floor":9,"key":"Toxic Egg 2"},{"floor":23,"key":"Bronze Scales"},{"floor":25,"key":"Paper Frog"},{"floor":26,"key":"Shuriken"},{"floor":38,"key":"WingedGreaves"},{"floor":40,"key":"Bottled Lightning"},{"floor":44,"key":"Centennial Puzzle"},{"floor":45,"key":"Gambling Chip"},{"floor":54,"key":"Turnip"}],"event_choices":[{"damage_healed":0,"gold_gain":0,"cards_transformed":["Strike_R"],"player_choice":"Transformed","damage_taken":0,"max_hp_gain":0,"max_hp_loss":0,"event_name":"Transmorgrifier","floor":2,"gold_loss":0,"cards_obtained":["Intimidate"]},{"damage_healed":0,"gold_gain":0,"player_choice":"Simplicity","damage_taken":0,"max_hp_gain":0,"max_hp_loss":0,"event_name":"Back to Basics","floor":22,"gold_loss":0,"cards_upgraded":["Strike_R","Strike_R","Strike_R","Strike_R","Defend_R","Defend_R","Defend_R","Defend_R"]},{"damage_healed":0,"gold_gain":0,"player_choice":"Ignored","damage_taken":0,"max_hp_gain":0,"max_hp_loss":0,"event_name":"Ghosts","floor":30,"gold_loss":0},{"cards_removed":["Strike_R"],"damage_healed":0,"gold_gain":0,"player_choice":"Removed Attack","damage_taken":0,"max_hp_gain":0,"max_hp_loss":0,"event_name":"Falling","floor":36,"gold_loss":0},{"damage_healed":0,"gold_gain":0,"player_choice":"Fight","damage_taken":0,"max_hp_gain":0,"max_hp_loss":0,"event_name":"Mysterious Sphere","floor":38,"gold_loss":0},{"damage_healed":0,"gold_gain":0,"player_choice":"Ignored","damage_taken":0,"max_hp_gain":0,"max_hp_loss":0,"event_name":"Tomb of Lord Red Mask","floor":41,"gold_loss":0},{"damage_healed":0,"gold_gain":0,"player_choice":"Fight","damage_taken":0,"max_hp_gain":0,"max_hp_loss":0,"event_name":"MindBloom","floor":45,"gold_loss":0},{"damage_healed":0,"gold_gain":0,"player_choice":"Memory 3","damage_taken":10,"max_hp_gain":0,"max_hp_loss":0,"event_name":"SensoryStone","floor":47,"gold_loss":0}],"is_beta":false,"boss_relics":[{"not_picked":["Empty Cage","Astrolabe"],"picked":"Busted Crown"},{"not_picked":["Velvet Choker","Runic Dome"],"picked":"Orrery"}],"items_purged_floors":[39,53],"is_endless":false,"potions_floor_spawned":[1,4,6,11,14,16,19,23,25,29,31,37,38,44,48,54],"killed_by":"The Heart","ascension_level":0}