{"gold_per_floor":[116,127,127,127,139,164,174,174,201,215,247,32,45,45,45,124,124,138,138,138,138,149,149,177,177,259,259,7,23,23,36,36,36],"floor_reached":33,"playtime":1374,"items_purged":["Doubt"],"score":468,"play_id":"5a594df6-7603-4ae9-b34f-40522333cf53","local_time":"20190721012623","is_ascension_mode":true,"campfire_choices":[{"data":"Juggernaut","floor":8,"key":"SMITH"},{"floor":15,"key":"REST"},{"data":"Offering","floor":23,"key":"SMITH"},{"floor":25,"key":"REST"},{"data":"Immolate","floor":27,"key":"SMITH"},{"data":"Dark Shackles","floor":32,"key":"SMITH"}],"neow_cost":"PERCENT_DAMAGE","seed_source_timestamp":180022319472300,"circlet_count":0,"master_deck":["AscendersBane","Strike_R+1","Strike_R+1","Defend_R+1","Defend_R+1","Defend_R+1","Defend_R+1","Bash","Juggernaut+1","Cleave","Iron Wave","Sword Boomerang+1","Dark Shackles+1","Uppercut","Armaments","Shockwave","Shrug It Off","Metallicize","Immolate+1","Good Instincts","Carnage","Offering+1","Inflame","Metallicize","Fire Breathing+1","Shrug It Off","Blood for Blood+1","Shame"],"relics":["Burning Blood","Regal Pillow","Smiling Mask","Whetstone","Bronze Scales","Empty Cage","Happy Flower","Pantograph","Medical Kit","Blood Vial"],"potions_floor_usage":[6,10,10,11,31],"damage_taken":[{"damage":11,"enemies":"Jaw Worm","floor":1,"turns":4},{"damage":2,"enemies":"2 Louse","floor":2,"turns":4},{"damage":6,"enemies":"Cultist","floor":5,"turns":5},{"damage":11,"enemies":"Lagavulin","floor":6,"turns":7},{"damage":11,"enemies":"2 Fungi Beasts","floor":7,"turns":3},{"damage":10,"enemies":"3 Louse","floor":10,"turns":3},{"damage":40,"enemies":"3 Sentries","floor":11,"turns":7},{"damage":0,"enemies":"Blue Slaver","floor":13,"turns":3},{"damage":13,"enemies":"Slime Boss","floor":16,"turns":6},{"damage":8,"enemies":"Chosen","floor":18,"turns":4},{"damage":9,"enemies":"Shell Parasite","floor":22,"turns":3},{"damage":42,"enemies":"Slavers","floor":24,"turns":5},{"damage":11,"enemies":"Centurion and Healer","floor":29,"turns":6},{"damage":6,"enemies":"Sentry and Sphere","floor":31,"turns":5},{"damage":91,"enemies":"Champ","floor":33,"turns":11}],"seed_played":"-8727465227391513604","potions_obtained":[{"floor":2,"key":"Fire Potion"},{"floor":5,"key":"Energy Potion"},{"floor":7,"key":"Regen Potion"},{"floor":11,"key":"Fruit Juice"},{"floor":24,"key":"AttackPotion"}],"is_trial":false,"path_per_floor":["M","M","?","?","M","E","M","R","T","M","E","$","M","?","R","B",null,"M","?","?","?","M","R","E","R","T","R","$","M","?","M","R","B"],"character_chosen":"IRONCLAD","items_purchased":["Immolate","Good Instincts","Medical Kit","Shrug It Off"],"campfire_rested":2,"item_purchase_floors":[12,12,28,28],"current_hp_per_floor":[45,49,46,46,46,41,36,36,36,41,12,12,18,11,50,43,71,69,69,69,54,51,51,15,55,55,55,55,50,50,52,52,0],"gold":36,"neow_bonus":"THREE_RARE_CARDS","is_prod":false,"is_daily":false,"chose_seed":false,"campfire_upgraded":4,"win_rate":0,"timestamp":1563686783,"path_taken":["M","M","?","?","M","E","?","R","T","M","E","$","M","?","R","BOSS","M","?","?","?","M","R","E","R","T","R","$","M","?","M","R","BOSS"],"build_version":"2019-07-17","purchased_purges":1,"victory":false,"max_hp_per_floor":[75,75,75,75,75,75,75,75,75,75,80,80,80,80,80,80,80,80,80,80,85,85,85,85,85,85,85,85,85,85,85,85,85],"card_choices":[{"not_picked":["Dark Embrace","Brutality"],"picked":"Juggernaut","floor":0},{"not_picked":["Flex","Iron Wave"],"picked":"Cleave","floor":1},{"not_picked":["Flex","Dual Wield"],"picked":"Iron Wave","floor":2},{"not_picked":["Spot Weakness","Body Slam"],"picked":"Uppercut","floor":5},{"not_picked":["Havoc","Pummel"],"picked":"Armaments","floor":6},{"not_picked":["True Grit","Heavy Blade"],"picked":"Shockwave","floor":7},{"not_picked":["Brutality","Wild Strike"],"picked":"Shrug It Off","floor":10},{"not_picked":["Uppercut","Sword Boomerang"],"picked":"Metallicize","floor":11},{"not_picked":["Pommel Strike","Heavy Blade"],"picked":"Carnage","floor":13},{"not_picked":["Double Tap","Dark Embrace"],"picked":"Offering","floor":16},{"not_picked":["Headbutt","Havoc"],"picked":"Inflame","floor":18},{"not_picked":["Flex","Heavy Blade","Dropkick"],"picked":"SKIP","floor":22},{"not_picked":["Carnage","Anger"],"picked":"Fire Breathing+1","floor":24},{"not_picked":["Carnage","Sword Boomerang"],"picked":"Blood for Blood+1","floor":29},{"not_picked":["Sword Boomerang","Burning Pact","Pommel Strike"],"picked":"SKIP","floor":31}],"player_experience":671504,"relics_obtained":[{"floor":6,"key":"Smiling Mask"},{"floor":9,"key":"Whetstone"},{"floor":11,"key":"Bronze Scales"},{"floor":24,"key":"Happy Flower"},{"floor":26,"key":"Pantograph"}],"event_choices":[{"damage_healed":0,"gold_gain":0,"player_choice":"Success","damage_taken":3,"relics_obtained":["Regal Pillow"],"max_hp_gain":0,"max_hp_loss":0,"event_name":"Scrap Ooze","floor":3,"gold_loss":0},{"damage_healed":0,"gold_gain":0,"player_choice":"3 cards matched","damage_taken":0,"max_hp_gain":0,"max_hp_loss":0,"event_name":"Match and Keep!","floor":4,"gold_loss":0,"cards_obtained":["Sword Boomerang","Doubt","Dark Shackles"]},{"cards_removed":["Strike_R"],"damage_healed":0,"gold_gain":0,"player_choice":"Card Removal","damage_taken":7,"max_hp_gain":0,"max_hp_loss":0,"event_name":"Golden Wing","floor":14,"gold_loss":0},{"damage_healed":0,"gold_gain":0,"player_choice":"Read","damage_taken":0,"max_hp_gain":0,"max_hp_loss":0,"event_name":"The Library","floor":19,"gold_loss":0,"cards_obtained":["Metallicize"]},{"damage_healed":0,"gold_gain":0,"player_choice":"Simplicity","damage_taken":0,"max_hp_gain":0,"max_hp_loss":0,"event_name":"Back to Basics","floor":20,"gold_loss":0,"cards_upgraded":["Strike_R","Defend_R","Defend_R","Defend_R","Defend_R"]},{"damage_healed":0,"gold_gain":0,"player_choice":"Shed Blood","damage_taken":20,"max_hp_gain":5,"max_hp_loss":0,"event_name":"Forgotten Altar","floor":21,"gold_loss":0},{"damage_healed":0,"gold_gain":0,"player_choice":"Stole Relic","damage_taken":0,"relics_obtained":["Blood Vial"],"max_hp_gain":0,"max_hp_loss":0,"event_name":"Addict","floor":30,"gold_loss":0,"cards_obtained":["Shame"]}],"is_beta":false,"boss_relics":[{"not_picked":["Coffee Dripper","Calling Bell"],"picked":"Empty Cage"}],"items_purged_floors":[12],"is_endless":false,"potions_floor_spawned":[2,5,7,11,24],"killed_by":"Champ","ascension_level":14}