{"gold_per_floor":[115,265,540,560,560,560,579,579,579,579,592,592,612,632,632,632],"floor_reached":16,"playtime":574,"items_purged":[],"score":161,"play_id":"92749acc-b7af-465c-81d2-564877715b9a","local_time":"20190118040535","is_ascension_mode":true,"campfire_choices":[{"data":"Armaments","floor":6.0,"key":"SMITH"},{"data":"Flame Barrier","floor":8.0,"key":"SMITH"},{"floor":10.0,"key":"REST"},{"floor":15,"key":"REST"}],"neow_cost":"NONE","seed_source_timestamp":636400859220824,"circlet_count":0,"master_deck":["AscendersBane","Strike_R","Strike_R","Strike_R","Strike_R","Strike_R","Defend_R","Defend_R","Defend_R","Defend_R","Bash","Armaments+1","Doubt","Thunderclap","Flame Barrier+1","Armaments","Immolate","Pain","Pommel Strike","Disarm","Evolve"],"special_seed":0,"relics":["Burning Blood","Dream Catcher"],"potions_floor_usage":[16],"damage_taken":[{"damage":2.0,"enemies":"Jaw Worm","floor":1.0,"turns":7.0},{"damage":10.0,"enemies":"Small Slimes","floor":4.0,"turns":7.0},{"damage":8.0,"enemies":"Cultist","floor":7.0,"turns":4.0},{"damage":27,"enemies":"Exordium Wildlife","floor":11,"turns":7},{"damage":26,"enemies":"Gremlin Gang","floor":13,"turns":4},{"damage":20,"enemies":"Blue Slaver","floor":14,"turns":5},{"damage":73,"enemies":"Slime Boss","floor":16,"turns":10}],"seed_played":"4402829260180154401","potions_obtained":[{"floor":5.0,"key":"FairyPotion"},{"floor":5.0,"key":"Block Potion"},{"floor":13,"key":"LiquidBronze"}],"is_trial":false,"path_per_floor":["M","?","?","M","?","R","M","R","T","R","M","?","M","M","R","B"],"character_chosen":"IRONCLAD","items_purchased":[],"campfire_rested":2,"item_purchase_floors":[],"current_hp_per_floor":[79,79,79,75,75,75,73,73,73,82,61,61,41,27,51,0],"gold":632,"neow_bonus":"TEN_PERCENT_HP_BONUS","is_prod":false,"is_daily":false,"chose_seed":false,"campfire_upgraded":2,"win_rate":0,"timestamp":1547802335,"path_taken":["M","?","?","?","?","R","M","R","T","R","?","?","M","M","R","BOSS"],"build_version":"2019-01-16","purchased_purges":0,"victory":false,"max_hp_per_floor":[82,82,82,82,82,82,82,82,82,82,82,82,82,82,82,82],"card_choices":[{"not_picked":["Pommel Strike","Flex"],"picked":"Armaments","floor":1.0},{"not_picked":["Clash","Sword Boomerang"],"picked":"Thunderclap","floor":4.0},{"not_picked":["Shrug It Off","Iron Wave"],"picked":"Flame Barrier","floor":7.0},{"not_picked":["Wild Strike","Flex"],"picked":"Armaments","floor":10.0},{"not_picked":["Flex","Carnage"],"picked":"Immolate","floor":11},{"not_picked":["Seeing Red","Twin Strike"],"picked":"Pommel Strike","floor":13},{"not_picked":["Twin Strike","Pommel Strike"],"picked":"Disarm","floor":14},{"not_picked":["Heavy Blade","Clothesline"],"picked":"Evolve","floor":15}],"player_experience":855606,"relics_obtained":[{"floor":9.0,"key":"Dream Catcher"}],"event_choices":[{"damage_healed":0.0,"max_hp_gain":0.0,"max_hp_loss":0.0,"gold_gain":150.0,"event_name":"Liars Game","player_choice":"AGREE","floor":2.0,"gold_loss":0.0,"damage_taken":0.0,"cards_obtained":["Doubt"]},{"damage_healed":0.0,"max_hp_gain":0.0,"max_hp_loss":0.0,"gold_gain":275.0,"event_name":"Golden Shrine","player_choice":"Desecrate","floor":3.0,"gold_loss":0.0,"damage_taken":0.0,"cards_obtained":["Regret"]},{"damage_healed":0.0,"max_hp_gain":0.0,"max_hp_loss":0.0,"gold_gain":0.0,"event_name":"Lab","player_choice":"Got Potions","floor":5.0,"gold_loss":0.0,"damage_taken":0.0},{"damage_healed":0,"gold_gain":0,"cards_transformed":["Regret"],"player_choice":"Transformed","damage_taken":0,"max_hp_gain":0,"max_hp_loss":0,"event_name":"Transmorgrifier","floor":12,"gold_loss":0,"cards_obtained":["Pain"]}],"is_beta":true,"boss_relics":[],"items_purged_floors":[],"is_endless":false,"potions_floor_spawned":[7,11,13,14],"killed_by":"Slime Boss","ascension_level":15}