{"gold_per_floor":[109,124,141,153,173,173,10,10,10,10,10,27,27,44,44,121,121,140,153,153,78,78,78,90,90,90,108,108,108,108,125,125,125],"floor_reached":33,"playtime":1574,"items_purged":["Strike_G"],"score":466,"play_id":"908c8782-1de5-4c74-b73b-1bffeb727a4c","local_time":"20190217172239","is_ascension_mode":true,"campfire_choices":[{"floor":6.0,"key":"REST"},{"data":"Prepared","floor":8.0,"key":"SMITH"},{"floor":13.0,"key":"REST"},{"data":"Calculated Gamble","floor":15.0,"key":"SMITH"},{"floor":23.0,"key":"REST"},{"floor":25.0,"key":"REST"},{"data":"Acrobatics","floor":29,"key":"SMITH"},{"floor":32,"key":"REST"}],"neow_cost":"PERCENT_DAMAGE","seed_source_timestamp":332578340394454,"circlet_count":0,"master_deck":["AscendersBane","Defend_G","Defend_G","Defend_G","Defend_G","Defend_G","Strike_G","Strike_G","Survivor","Neutralize","Backflip","Infinite Blades","Acrobatics+1","Prepared+1","Dagger Spray","PiercingWail","Calculated Gamble+1","Malaise","Cloak And Dagger","Infinite Blades","PiercingWail","Dagger Throw","Reflex"],"special_seed":0,"relics":["Ring of the Snake","Tingsha","Bag of Preparation","Letter Opener","WristBlade","Mercury Hourglass"],"potions_floor_usage":[33,33],"damage_taken":[{"damage":1.0,"enemies":"Cultist","floor":1.0,"turns":5.0},{"damage":11.0,"enemies":"Jaw Worm","floor":2.0,"turns":6.0},{"damage":1.0,"enemies":"Small Slimes","floor":3.0,"turns":5.0},{"damage":18.0,"enemies":"3 Louse","floor":4.0,"turns":6.0},{"damage":1.0,"enemies":"2 Fungi Beasts","floor":5.0,"turns":5.0},{"damage":10.0,"enemies":"Exordium Thugs","floor":12.0,"turns":5.0},{"damage":0.0,"enemies":"Lots of Slimes","floor":14.0,"turns":3.0},{"damage":15.0,"enemies":"Hexaghost","floor":16.0,"turns":9.0},{"damage":3.0,"enemies":"Chosen","floor":18.0,"turns":6.0},{"damage":12.0,"enemies":"Spheric Guardian","floor":19.0,"turns":4.0},{"damage":7.0,"enemies":"Snecko","floor":24.0,"turns":4.0},{"damage":2.0,"enemies":"Centurion and Healer","floor":27.0,"turns":5.0},{"damage":15,"enemies":"Sentry and Sphere","floor":31,"turns":4},{"damage":70,"enemies":"Collector","floor":33,"turns":8}],"seed_played":"-9144071404770405180","potions_obtained":[{"floor":4.0,"key":"Strength Potion"},{"floor":14.0,"key":"Fire Potion"},{"floor":16.0,"key":"Energy Potion"},{"floor":19.0,"key":"Explosive Potion"},{"floor":27.0,"key":"Poison Potion"}],"is_trial":false,"path_per_floor":["M","M","M","M","M","R","$","R","T","$","?","M","R","M","R","B",null,"M","M","?","$","?","R","M","R","T","M","?","R","?","M","R","B"],"character_chosen":"THE_SILENT","items_purchased":["Bag of Preparation"],"campfire_rested":5,"item_purchase_floors":[7],"current_hp_per_floor":[43,32,31,13,12,31,31,31,31,31,31,21,40,40,40,25,56,53,41,35,35,17,38,31,52,52,50,50,50,50,35,56,0],"gold":125,"neow_bonus":"ONE_RARE_RELIC","is_prod":false,"is_daily":false,"chose_seed":false,"campfire_upgraded":3,"win_rate":0,"timestamp":1550442159,"path_taken":["M","M","M","M","M","R","$","R","T","$","?","M","R","M","R","BOSS","M","M","?","?","?","R","M","R","T","M","?","R","?","M","R","BOSS"],"build_version":"2019-02-06","purchased_purges":1,"victory":false,"max_hp_per_floor":[66,66,66,66,66,66,66,66,66,66,66,66,66,66,66,66,66,66,66,66,66,71,71,71,71,71,71,71,71,71,71,71,71],"card_choices":[{"not_picked":["Flying Knee","Slice"],"picked":"Backflip","floor":1.0},{"not_picked":["Concentrate","Dagger Throw"],"picked":"Infinite Blades","floor":2.0},{"not_picked":["Tactician","Bane"],"picked":"Acrobatics","floor":3.0},{"not_picked":["Blade Dance","Eviscerate","Finisher"],"picked":"SKIP","floor":4.0},{"not_picked":["Poisoned Stab","Backflip"],"picked":"Prepared","floor":5.0},{"not_picked":["Outmaneuver","Poisoned Stab"],"picked":"PiercingWail","floor":12.0},{"not_picked":["Choke","PiercingWail"],"picked":"Calculated Gamble","floor":14.0},{"not_picked":["Grand Finale","Corpse Explosion"],"picked":"Malaise","floor":16.0},{"not_picked":["Setup","Bouncing Flask"],"picked":"Cloak And Dagger","floor":18.0},{"not_picked":["Cloak And Dagger","Noxious Fumes"],"picked":"Infinite Blades","floor":19.0},{"not_picked":["Expertise","Outmaneuver"],"picked":"PiercingWail","floor":24.0},{"not_picked":["Bane","Poisoned Stab"],"picked":"Dagger Throw","floor":27.0},{"not_picked":["Accuracy","Flying Knee"],"picked":"Reflex","floor":31}],"player_experience":988472,"relics_obtained":[{"floor":9.0,"key":"Letter Opener"},{"floor":26.0,"key":"Mercury Hourglass"}],"event_choices":[{"damage_healed":0.0,"max_hp_gain":0.0,"max_hp_loss":0.0,"gold_gain":0.0,"cards_transformed":["Strike_G"],"event_name":"Living Wall","player_choice":"Change","floor":11.0,"gold_loss":0.0,"damage_taken":0.0,"cards_obtained":["Dagger Spray"]},{"damage_healed":0.0,"max_hp_gain":0.0,"max_hp_loss":0.0,"gold_gain":0.0,"event_name":"Knowing Skull","player_choice":"","floor":20.0,"potions_obtained":[],"gold_loss":0.0,"damage_taken":6.0,"cards_obtained":[]},{"damage_healed":0.0,"max_hp_gain":5.0,"max_hp_loss":0.0,"gold_gain":0.0,"event_name":"Forgotten Altar","player_choice":"Shed Blood","floor":22.0,"gold_loss":0.0,"damage_taken":23.0},{"damage_healed":0,"gold_gain":0,"player_choice":"Ignored","damage_taken":0,"max_hp_gain":0,"max_hp_loss":0,"event_name":"Cursed Tome","floor":28,"gold_loss":0},{"cards_removed":["Strike_G"],"damage_healed":0,"gold_gain":0,"player_choice":"Purged","damage_taken":0,"max_hp_gain":0,"max_hp_loss":0,"event_name":"Purifier","floor":30,"gold_loss":0}],"is_beta":true,"boss_relics":[{"not_picked":["Cursed Key","Coffee Dripper"],"picked":"WristBlade"}],"items_purged_floors":[21],"is_endless":false,"potions_floor_spawned":[4,14,16,19,27],"killed_by":"Collector","ascension_level":19}