{"gold_per_floor":[114,132,132,207,207,207,207,220,220,36,68,68,79,97,97,232,232,215,229,229,229,240,240,315,315,315,115,128,139,158,168,168,168],"floor_reached":33,"playtime":3470,"items_purged":[],"score":274,"play_id":"a878a6e4-971d-4d07-844e-37046fbb5321","local_time":"20181108210533","is_ascension_mode":false,"campfire_choices":[{"data":"Iron Wave","floor":6,"key":"SMITH"},{"data":"Magnetism","floor":15,"key":"SMITH"},{"data":"Feed","floor":23,"key":"SMITH"},{"data":"Evolve","floor":25,"key":"SMITH"},{"data":"Rage","floor":32,"key":"SMITH"}],"neow_cost":"NONE","seed_source_timestamp":98938370334195,"circlet_count":0,"master_deck":["Defend_R","Defend_R","Defend_R","Bash+1","Iron Wave+1","Headbutt+1","Evolve+1","Magnetism+1","Power Through","Rage+1","Feed+1","Seeing Red","Iron Wave","Bite","Bite","Bite","Bite","Bite","Body Slam+1","Parasite","Rupture","Bloodletting","True Grit"],"relics":["Burning Blood","Blue Candle","Sundial","Meat on the Bone","Bottled Flame","Cursed Key","FossilizedHelix","Strange Spoon"],"potions_floor_usage":[14,16,18,22,30,33,33],"damage_taken":[{"damage":0,"enemies":"Cultist","floor":1,"turns":3},{"damage":2,"enemies":"2 Louse","floor":2,"turns":3},{"damage":0,"enemies":"Small Slimes","floor":8,"turns":2},{"damage":47,"enemies":"Lagavulin","floor":11,"turns":9},{"damage":10,"enemies":"Looter","floor":13,"turns":3},{"damage":0,"enemies":"Large Slime","floor":14,"turns":5},{"damage":19,"enemies":"Slime Boss","floor":16,"turns":15},{"damage":15,"enemies":"2 Thieves","floor":18,"turns":4},{"damage":33,"enemies":"Spheric Guardian","floor":19,"turns":7},{"damage":15,"enemies":"Cultist and Chosen","floor":22,"turns":6},{"damage":0,"enemies":"Chosen and Byrds","floor":28,"turns":7},{"damage":9,"enemies":"Shelled Parasite and Fungi","floor":29,"turns":7},{"damage":48,"enemies":"3 Cultists","floor":30,"turns":6},{"damage":34,"enemies":"Snake Plant","floor":31,"turns":7},{"damage":78,"enemies":"Champ","floor":33,"turns":11}],"seed_played":"-2315367850611053604","potions_obtained":[{"floor":8,"key":"Ancient Potion"},{"floor":11,"key":"BloodPotion"},{"floor":13,"key":"EssenceOfSteel"},{"floor":14,"key":"SkillPotion"},{"floor":22,"key":"AttackPotion"},{"floor":28,"key":"SkillPotion"},{"floor":29,"key":"Dexterity Potion"}],"is_trial":false,"path_per_floor":["M","M","?","?","?","R","T","M","T","$","E","$","M","M","R","B",null,"M","M","?","?","M","R","?","R","T","$","M","M","M","M","R","B"],"character_chosen":"IRONCLAD","items_purchased":["Magnetism","Strange Spoon"],"campfire_rested":0,"item_purchase_floors":[10,27],"current_hp_per_floor":[80,80,73,62,46,46,46,52,52,52,23,23,31,57,57,56,80,71,59,58,58,54,54,48,48,48,48,69,69,52,46,46,0],"gold":168,"neow_bonus":"UPGRADE_CARD","is_prod":false,"is_daily":false,"chose_seed":false,"campfire_upgraded":5,"win_rate":0,"timestamp":1541729133,"path_taken":["M","M","?","?","?","R","?","M","T","?","E","$","M","?","R","BOSS","M","M","?","?","?","R","?","R","T","?","?","M","?","M","R","BOSS"],"build_version":"2018-11-07","purchased_purges":0,"victory":false,"max_hp_per_floor":[80,80,80,80,80,80,80,80,80,80,80,80,80,80,80,80,80,80,83,58,58,61,61,61,61,61,61,69,69,73,77,77,77],"card_choices":[{"not_picked":["Flex","Bloodletting"],"picked":"Iron Wave","floor":1},{"not_picked":["Dual Wield","Body Slam"],"picked":"Headbutt","floor":2},{"not_picked":["Searing Blow","Sword Boomerang"],"picked":"Evolve","floor":8},{"not_picked":["Pummel","Limit Break","Perfected Strike"],"picked":"SKIP","floor":11},{"not_picked":["Combust","Armaments"],"picked":"Power Through","floor":13},{"not_picked":["Spot Weakness","Wild Strike"],"picked":"Rage","floor":14},{"not_picked":["Berserk","Double Tap"],"picked":"Feed","floor":16},{"not_picked":["Flex","Blood for Blood+1"],"picked":"Seeing Red","floor":18},{"not_picked":["Pommel Strike","Sever Soul"],"picked":"Iron Wave","floor":19},{"not_picked":["Perfected Strike+1","Clothesline+1"],"picked":"Body Slam+1","floor":22},{"not_picked":["Clash","Reckless Charge"],"picked":"Rupture","floor":28},{"not_picked":["Sentinel","Pommel Strike"],"picked":"Bloodletting","floor":29},{"not_picked":["Iron Wave","Twin Strike","Heavy Blade"],"picked":"SKIP","floor":30},{"not_picked":["Body Slam","Clothesline"],"picked":"True Grit","floor":31}],"player_experience":220133,"relics_obtained":[{"floor":7,"key":"Sundial"},{"floor":9,"key":"Meat on the Bone"},{"floor":11,"key":"Bottled Flame"},{"floor":26,"key":"FossilizedHelix"}],"event_choices":[{"damage_healed":0,"gold_gain":0,"player_choice":"Success","damage_taken":7,"relics_obtained":["Blue Candle"],"max_hp_gain":0,"max_hp_loss":0,"event_name":"Scrap Ooze","floor":3,"gold_loss":0},{"damage_healed":0,"gold_gain":75,"player_choice":"Gather Gold","damage_taken":11,"max_hp_gain":0,"max_hp_loss":0,"event_name":"World of Goop","floor":4,"gold_loss":0},{"damage_healed":0,"gold_gain":0,"player_choice":"Entered Light","damage_taken":16,"max_hp_gain":0,"max_hp_loss":0,"event_name":"Shining Light","floor":5,"gold_loss":0,"cards_upgraded":["Strike_R","Headbutt"]},{"damage_healed":0,"gold_gain":0,"player_choice":"Became a vampire","damage_taken":0,"max_hp_gain":0,"max_hp_loss":25,"event_name":"Vampires","floor":20,"gold_loss":0,"cards_obtained":["Bite","Bite","Bite","Bite","Bite"]},{"cards_removed":["Defend_R"],"damage_healed":0,"gold_gain":0,"player_choice":"Offered Basic","damage_taken":0,"max_hp_gain":0,"max_hp_loss":0,"event_name":"Bonfire Elementals","floor":21,"gold_loss":0},{"damage_healed":0,"gold_gain":75,"player_choice":"Touch","damage_taken":6,"max_hp_gain":0,"max_hp_loss":0,"event_name":"FaceTrader","floor":24,"gold_loss":0}],"is_beta":true,"boss_relics":[{"not_picked":["Sozu","Philosopher\u0027s Stone"],"picked":"Cursed Key"}],"items_purged_floors":[],"is_endless":false,"potions_floor_spawned":[8,11,13,14,22,28,29],"killed_by":"Champ","ascension_level":0}