{"gold_per_floor":[110,9,9,20,39,39,54,81,107,127,127,162,162,174,174,273,273,290,139,139,154,164,195,206,237,237,74,74],"floor_reached":28,"playtime":2150,"items_purged":["Strike_R"],"score":284,"play_id":"92823cc5-adb8-4952-8ef8-a3a5df4b1386","local_time":"20190707102955","is_ascension_mode":true,"campfire_choices":[{"data":"Armaments","floor":6,"key":"SMITH"},{"data":"Shockwave","floor":11,"key":"SMITH"},{"data":"Whirlwind","floor":13,"key":"SMITH"},{"data":"Disarm","floor":15,"key":"SMITH"}],"neow_cost":"PERCENT_DAMAGE","seed_source_timestamp":996425383362000,"circlet_count":0,"master_deck":["Strike_R","Strike_R","Strike_R","Defend_R","Defend_R+1","Defend_R+1","Defend_R","Cleave","Shockwave+1","Armaments+1","Cleave","Iron Wave","Juggernaut","Shrug It Off","Whirlwind+1","Disarm+1","Barricade","Body Slam","Inflame","Dual Wield","Pommel Strike+1","Exhume","Offering"],"relics":["Burning Blood","Oddly Smooth Stone","Bag of Preparation","Red Skull","Busted Crown","Nloth\u0027s Gift","Self Forming Clay","Champion Belt","Ancient Tea Set"],"potions_floor_usage":[8,23,23,28,28],"damage_taken":[{"damage":5,"enemies":"Cultist","floor":1,"turns":4},{"damage":6,"enemies":"Small Slimes","floor":4,"turns":2},{"damage":1,"enemies":"Jaw Worm","floor":5,"turns":5},{"damage":0,"enemies":"Exordium Thugs","floor":7,"turns":4},{"damage":8,"enemies":"Lagavulin","floor":8,"turns":6},{"damage":8,"enemies":"Large Slime","floor":10,"turns":7},{"damage":20,"enemies":"Gremlin Nob","floor":12,"turns":5},{"damage":0,"enemies":"Lots of Slimes","floor":14,"turns":1},{"damage":5,"enemies":"Hexaghost","floor":16,"turns":12},{"damage":0,"enemies":"Chosen","floor":18,"turns":6},{"damage":0,"enemies":"Shell Parasite","floor":21,"turns":7},{"damage":14,"enemies":"Snake Plant","floor":22,"turns":6},{"damage":19,"enemies":"Slavers","floor":23,"turns":4},{"damage":3,"enemies":"Centurion and Healer","floor":24,"turns":7},{"damage":33,"enemies":"Gremlin Leader","floor":25,"turns":5},{"damage":41,"enemies":"Slavers","floor":28,"turns":1}],"seed_played":"1287113692428182324","potions_obtained":[{"floor":5,"key":"Ancient Potion"},{"floor":7,"key":"Fire Potion"},{"floor":10,"key":"Swift Potion"},{"floor":21,"key":"Fire Potion"},{"floor":22,"key":"Strength Potion"},{"floor":25,"key":"GamblersBrew"}],"is_trial":false,"path_per_floor":["M","$","?","M","M","R","M","E","T","M","R","E","R","M","R","B",null,"M","$","?","M","M","E","M","E","T","$","E"],"character_chosen":"IRONCLAD","items_purchased":["Cleave","Shockwave","Inflame","Offering"],"campfire_rested":0,"item_purchase_floors":[2,2,19,27],"current_hp_per_floor":[57,57,57,57,62,62,68,66,66,64,64,50,50,56,56,57,80,80,80,80,80,72,59,62,35,35,35,0],"gold":74,"neow_bonus":"REMOVE_TWO","is_prod":false,"is_daily":false,"chose_seed":false,"campfire_upgraded":4,"win_rate":0,"timestamp":1562509795,"path_taken":["M","$","?","M","M","R","?","E","T","M","R","E","R","M","R","BOSS","M","$","?","?","?","E","M","E","T","$","E"],"build_version":"2019-07-05","purchased_purges":1,"victory":false,"max_hp_per_floor":[80,80,80,80,80,80,80,80,80,80,80,80,80,80,80,80,80,80,80,80,80,80,80,80,80,80,80,80],"card_choices":[{"not_picked":["Havoc","Heavy Blade"],"picked":"Headbutt","floor":1},{"not_picked":["Corruption","Shrug It Off"],"picked":"Armaments","floor":4},{"not_picked":["Heavy Blade","Corruption"],"picked":"Cleave","floor":5},{"not_picked":["Wild Strike","Ghostly Armor"],"picked":"Iron Wave","floor":7},{"not_picked":["Flame Barrier","Thunderclap"],"picked":"Juggernaut","floor":8},{"not_picked":["Second Wind","Twin Strike"],"picked":"Shrug It Off","floor":10},{"not_picked":["Shockwave","Seeing Red"],"picked":"Whirlwind","floor":12},{"not_picked":["Body Slam","Spot Weakness"],"picked":"Disarm","floor":14},{"not_picked":["Double Tap","Dark Embrace"],"picked":"Barricade","floor":16},{"not_picked":[],"picked":"Body Slam","floor":18},{"not_picked":[],"picked":"Dual Wield","floor":21},{"not_picked":["Cleave"],"picked":"SKIP","floor":22},{"not_picked":[],"picked":"Pommel Strike+1","floor":23},{"not_picked":["Rage"],"picked":"SKIP","floor":24},{"not_picked":[],"picked":"Exhume","floor":25}],"player_experience":579538,"relics_obtained":[{"floor":8,"key":"Bag of Preparation"},{"floor":9,"key":"Red Skull"},{"floor":12,"key":"War Paint"},{"floor":23,"key":"Self Forming Clay"},{"floor":25,"key":"Champion Belt"},{"floor":26,"key":"Ancient Tea Set"}],"event_choices":[{"cards_removed":["Headbutt"],"damage_healed":0,"gold_gain":0,"player_choice":"Gave Card","damage_taken":0,"relics_obtained":["Oddly Smooth Stone"],"max_hp_gain":0,"max_hp_loss":0,"event_name":"WeMeetAgain","floor":3,"gold_loss":0},{"damage_healed":0,"gold_gain":0,"player_choice":"Traded Relic","damage_taken":0,"relics_obtained":["Nloth\u0027s Gift"],"max_hp_gain":0,"max_hp_loss":0,"event_name":"N\u0027loth","floor":20,"relics_lost":["War Paint"],"gold_loss":0}],"is_beta":false,"boss_relics":[{"not_picked":["Ectoplasm","Fusion Hammer"],"picked":"Busted Crown"}],"items_purged_floors":[19],"is_endless":false,"potions_floor_spawned":[5,7,10,21,22,25],"killed_by":"Slavers","ascension_level":1}