{"gold_per_floor":[110,185,30,40,40,71,83,95,107,132,172,198,210,250,262,376,388,416,428,440,367,395,407,451,480,492,504],"floor_reached":27,"playtime":907,"items_purged":[],"score":370,"play_id":"a8e9285c-340b-4768-a79f-31588d17f0b6","local_time":"20190719221108","is_ascension_mode":true,"campfire_choices":[{"floor":7,"key":"REST"},{"floor":13,"key":"REST"},{"floor":15,"key":"REST"},{"data":"Noxious Fumes","floor":23,"key":"SMITH"}],"neow_cost":"NONE","seed_source_timestamp":82375433472300,"circlet_count":0,"master_deck":["Strike_G","Strike_G","Strike_G","Defend_G","Defend_G","Defend_G","Defend_G","Defend_G","Survivor","Neutralize","Slice","Well Laid Plans","Noxious Fumes+1","Flying Knee","Bouncing Flask","Corpse Explosion","Poisoned Stab","Slice","Venomology","Slice+1","Reflex","A Thousand Cuts","Dagger Spray","Predator"],"relics":["Ring of the Snake","NeowsBlessing","Vajra","Paper Crane","MawBank","Gremlin Horn","Snake Skull","Meat on the Bone","Busted Crown","Peace Pipe","Bag of Preparation","Ornamental Fan"],"potions_floor_usage":[16,18,24,25,25,27],"damage_taken":[{"damage":0,"enemies":"2 Louse","floor":1,"turns":1},{"damage":0,"enemies":"Small Slimes","floor":4,"turns":1},{"damage":0,"enemies":"3 Sentries","floor":6,"turns":2},{"damage":7,"enemies":"Jaw Worm","floor":10,"turns":3},{"damage":16,"enemies":"Gremlin Nob","floor":11,"turns":4},{"damage":15,"enemies":"Lots of Slimes","floor":12,"turns":3},{"damage":21,"enemies":"3 Sentries","floor":14,"turns":3},{"damage":7,"enemies":"Hexaghost","floor":16,"turns":8},{"damage":13,"enemies":"Shell Parasite","floor":18,"turns":3},{"damage":2,"enemies":"Chosen","floor":22,"turns":4},{"damage":19,"enemies":"Gremlin Leader","floor":24,"turns":5},{"damage":17,"enemies":"Snecko","floor":25,"turns":4},{"damage":60,"enemies":"Slavers","floor":27,"turns":3}],"seed_played":"1760641023575528558","potions_obtained":[{"floor":11,"key":"FairyPotion"},{"floor":14,"key":"PowerPotion"},{"floor":16,"key":"SkillPotion"},{"floor":25,"key":"FearPotion"}],"is_trial":false,"path_per_floor":["M","?","$","M","?","E","R","?","T","M","E","M","R","E","R","B",null,"M","?","?","?","M","R","E","M","T","E"],"character_chosen":"THE_SILENT","items_purchased":["Vajra"],"campfire_rested":3,"item_purchase_floors":[3],"current_hp_per_floor":[63,52,52,52,19,19,40,40,40,33,17,2,23,2,23,28,60,47,70,70,70,68,68,49,46,46,0],"gold":504,"neow_bonus":"THREE_ENEMY_KILL","is_prod":false,"is_daily":false,"chose_seed":false,"campfire_upgraded":1,"win_rate":0,"timestamp":1563588668,"path_taken":["M","?","$","M","?","E","R","?","T","M","E","?","R","E","R","BOSS","M","?","?","?","M","R","E","M","T","E"],"build_version":"2019-07-17","purchased_purges":0,"victory":false,"max_hp_per_floor":[70,70,70,70,70,70,70,70,70,70,70,70,70,70,70,70,70,70,70,70,70,70,70,70,70,70,70],"card_choices":[{"not_picked":["Prepared","Quick Slash"],"picked":"Slice","floor":1},{"not_picked":["Acrobatics","Escape Plan"],"picked":"Well Laid Plans","floor":4},{"not_picked":["Blade Dance","Deadly Poison"],"picked":"Noxious Fumes","floor":6},{"not_picked":["Bane","Outmaneuver","Setup"],"picked":"SKIP","floor":10},{"not_picked":["Endless Agony","Poisoned Stab"],"picked":"Corpse Explosion","floor":11},{"not_picked":["Slice","Leg Sweep"],"picked":"Poisoned Stab","floor":12},{"not_picked":["Calculated Gamble","Tactician"],"picked":"Slice","floor":14},{"not_picked":["Tools of the Trade","Doppelganger"],"picked":"Venomology","floor":16},{"not_picked":[],"picked":"Slice+1","floor":18},{"not_picked":["Acrobatics"],"picked":"SKIP","floor":22},{"not_picked":[],"picked":"Dagger Spray","floor":24},{"not_picked":[],"picked":"Predator","floor":25}],"player_experience":659871,"relics_obtained":[{"floor":6,"key":"MawBank"},{"floor":9,"key":"Gremlin Horn"},{"floor":11,"key":"Snake Skull"},{"floor":14,"key":"Meat on the Bone"},{"floor":24,"key":"Bag of Preparation"},{"floor":26,"key":"Ornamental Fan"}],"event_choices":[{"damage_healed":0,"gold_gain":75,"player_choice":"Gather Gold","damage_taken":11,"max_hp_gain":0,"max_hp_loss":0,"event_name":"World of Goop","floor":2,"gold_loss":0},{"damage_healed":0,"gold_gain":0,"player_choice":"Success","damage_taken":33,"relics_obtained":["Paper Crane"],"max_hp_gain":0,"max_hp_loss":0,"event_name":"Scrap Ooze","floor":5,"gold_loss":0},{"damage_healed":0,"gold_gain":0,"player_choice":"2 cards matched","damage_taken":0,"max_hp_gain":0,"max_hp_loss":0,"event_name":"Match and Keep!","floor":8,"gold_loss":0,"cards_obtained":["Flying Knee","Bouncing Flask"]},{"damage_healed":23,"gold_gain":0,"player_choice":"Heal","damage_taken":0,"max_hp_gain":0,"max_hp_loss":0,"event_name":"The Library","floor":19,"gold_loss":0},{"damage_healed":0,"gold_gain":0,"cards_transformed":["Strike_G","Strike_G"],"player_choice":"Became Test Subject","damage_taken":0,"max_hp_gain":0,"max_hp_loss":0,"event_name":"Drug Dealer","floor":20,"gold_loss":0,"cards_obtained":["Reflex","A Thousand Cuts"]},{"damage_healed":0,"gold_gain":0,"player_choice":"Obtained Relic","damage_taken":0,"relics_obtained":["Peace Pipe"],"max_hp_gain":0,"max_hp_loss":0,"event_name":"Addict","floor":21,"gold_loss":85}],"is_beta":false,"boss_relics":[{"not_picked":["Ring of the Serpent","Philosopher\u0027s Stone"],"picked":"Busted Crown"}],"items_purged_floors":[],"is_endless":false,"potions_floor_spawned":[11,14,16,25],"killed_by":"Slavers","ascension_level":7}