{"gold_per_floor":[110,110,127,143,162,162,172,172,172,186,31,31,31,47,47,142,142,161,161,178,93,93,93,120,120,144,94,94,105,105,137,137,137],"floor_reached":33,"playtime":1879,"items_purged":["Strike_R"],"score":445,"play_id":"32ac0f92-25d7-46d3-9093-27c211cd2e6f","local_time":"20190102013836","is_ascension_mode":true,"campfire_choices":[{"data":"Sentinel","floor":6,"key":"SMITH"},{"data":"Body Slam","floor":15,"key":"SMITH"},{"data":"Feed","floor":23,"key":"SMITH"},{"floor":25,"key":"REST"},{"data":"Bash","floor":28,"key":"SMITH"},{"floor":32,"key":"REST"}],"neow_cost":"NONE","seed_source_timestamp":134013586633739,"circlet_count":0,"master_deck":["AscendersBane","Strike_R","Defend_R","Defend_R","Defend_R","Defend_R","Bash+1","Body Slam+1","Metallicize","Sentinel+1","Pommel Strike","Intimidate","Offering","Feed+1","Armaments+1","Bludgeon+1","Infernal Blade+1","Evolve","Twin Strike+1","Evolve+1","Body Slam+1"],"relics":["Burning Blood","Bag of Marbles","FaceOfCleric","Shuriken","Omamori","Astrolabe","Regal Pillow","Mango","Smiling Mask","Centennial Puzzle","MutagenicStrength","Red Mask"],"potions_floor_usage":[10,24,33],"damage_taken":[{"damage":6,"enemies":"Small Slimes","floor":1,"turns":7},{"damage":1,"enemies":"Cultist","floor":3,"turns":3},{"damage":13,"enemies":"Jaw Worm","floor":4,"turns":4},{"damage":12,"enemies":"Exordium Wildlife","floor":5,"turns":4},{"damage":16,"enemies":"Large Slime","floor":7,"turns":9},{"damage":0,"enemies":"3 Louse","floor":10,"turns":3},{"damage":8,"enemies":"Blue Slaver","floor":14,"turns":5},{"damage":48,"enemies":"Slime Boss","floor":16,"turns":13},{"damage":6,"enemies":"Spheric Guardian","floor":18,"turns":2},{"damage":13,"enemies":"3 Byrds","floor":20,"turns":11},{"damage":61,"enemies":"Book of Stabbing","floor":24,"turns":7},{"damage":16,"enemies":"Snecko","floor":29,"turns":4},{"damage":31,"enemies":"Masked Bandits","floor":31,"turns":5},{"damage":149,"enemies":"Collector","floor":33,"turns":10}],"seed_played":"-6296218031418092554","potions_obtained":[{"floor":4,"key":"SteroidPotion"},{"floor":7,"key":"BloodPotion"},{"floor":10,"key":"Strength Potion"},{"floor":31,"key":"Regen Potion"}],"is_trial":false,"path_per_floor":["M","?","M","M","M","R","M","?","T","M","$","$","?","M","R","B",null,"M","?","M","?","?","R","E","R","T","$","R","M","?","?","R","B"],"character_chosen":"IRONCLAD","items_purchased":["Omamori"],"campfire_rested":2,"item_purchase_floors":[11],"current_hp_per_floor":[72,72,78,72,67,67,58,63,63,78,78,78,78,77,77,36,78,79,79,77,77,91,91,37,85,85,85,85,80,80,60,111,0],"gold":137,"neow_bonus":"RANDOM_COMMON_RELIC","is_prod":false,"is_daily":false,"chose_seed":false,"campfire_upgraded":4,"win_rate":0,"timestamp":1546411116,"path_taken":["M","?","M","?","M","R","M","?","T","M","?","$","?","M","R","BOSS","M","?","M","?","?","R","E","R","T","$","R","?","?","?","R","BOSS"],"build_version":"2019-01-01v2","purchased_purges":1,"victory":false,"max_hp_per_floor":[80,80,81,82,83,83,84,89,89,90,90,90,90,91,91,92,92,93,93,98,98,112,112,113,113,113,113,113,118,118,123,123,123],"card_choices":[{"not_picked":["Twin Strike","True Grit"],"picked":"Corruption","floor":1},{"not_picked":["Anger","Sword Boomerang"],"picked":"Body Slam","floor":3},{"not_picked":["Blood for Blood","Flex"],"picked":"Metallicize","floor":4},{"not_picked":["Heavy Blade","Iron Wave"],"picked":"Sentinel","floor":5},{"not_picked":["Perfected Strike","Sword Boomerang"],"picked":"Pommel Strike","floor":7},{"not_picked":["Twin Strike","Clash"],"picked":"Intimidate","floor":10},{"not_picked":["Battle Trance","Blood for Blood"],"picked":"Offering","floor":14},{"not_picked":["Juggernaut","Brutality"],"picked":"Feed","floor":16},{"not_picked":["Twin Strike","Blood for Blood"],"picked":"Evolve","floor":18},{"not_picked":["Clash","Heavy Blade"],"picked":"Twin Strike+1","floor":20},{"not_picked":["Rupture","Fire Breathing"],"picked":"Evolve+1","floor":24},{"not_picked":["Flex+1","Cleave","Headbutt"],"picked":"SKIP","floor":29},{"not_picked":["Impervious","Thunderclap"],"picked":"Body Slam+1","floor":31}],"player_experience":725494,"relics_obtained":[{"floor":9,"key":"Shuriken"},{"floor":24,"key":"Smiling Mask"},{"floor":26,"key":"Centennial Puzzle"},{"floor":31,"key":"Red Mask"}],"event_choices":[{"damage_healed":0,"gold_gain":0,"player_choice":"Trade","damage_taken":0,"relics_obtained":["FaceOfCleric"],"max_hp_gain":0,"max_hp_loss":0,"event_name":"FaceTrader","floor":2,"gold_loss":0},{"damage_healed":0,"gold_gain":0,"player_choice":"Donut","damage_taken":0,"max_hp_gain":5,"max_hp_loss":0,"event_name":"Big Fish","floor":8,"gold_loss":0},{"cards_removed":["Strike_R"],"damage_healed":0,"gold_gain":0,"player_choice":"Forget","damage_taken":0,"max_hp_gain":0,"max_hp_loss":0,"event_name":"Living Wall","floor":13,"gold_loss":0},{"damage_healed":0,"gold_gain":0,"player_choice":"Ignored","damage_taken":0,"max_hp_gain":0,"max_hp_loss":0,"event_name":"Beggar","floor":19,"gold_loss":0},{"damage_healed":0,"gold_gain":0,"player_choice":"Obtained Relic","damage_taken":0,"relics_obtained":["Regal Pillow"],"max_hp_gain":0,"max_hp_loss":0,"event_name":"Addict","floor":21,"gold_loss":85},{"damage_healed":0,"gold_gain":0,"player_choice":"Opened","damage_taken":0,"relics_obtained":["Mango"],"max_hp_gain":0,"max_hp_loss":0,"event_name":"The Mausoleum","floor":22,"gold_loss":0},{"damage_healed":0,"gold_gain":0,"player_choice":"Inject Mutagens","damage_taken":0,"relics_obtained":["MutagenicStrength"],"max_hp_gain":0,"max_hp_loss":0,"event_name":"Drug Dealer","floor":30,"gold_loss":0},{"damage_healed":0,"gold_gain":0,"player_choice":"Fought Bandits","damage_taken":0,"max_hp_gain":0,"max_hp_loss":0,"event_name":"Masked Bandits","floor":31,"gold_loss":0}],"is_beta":true,"boss_relics":[{"not_picked":["Calling Bell","Pandora\u0027s Box"],"picked":"Astrolabe"}],"items_purged_floors":[27],"is_endless":false,"potions_floor_spawned":[4,7,10,18,31],"killed_by":"Collector","ascension_level":11}