{"path_per_floor":["M","M","M","?","?","R","?","R","T","M","M","M","E","M","R","B",null,"M","M","M","?","$","R","?","R","T","M","M","M","$","M","R","B",null,"M","M","M","M","?"],"character_chosen":"THE_SILENT","items_purchased":["Noxious Fumes","Pear","Omamori"],"gold_per_floor":[219,230,242,242,242,242,242,242,242,267,291,312,343,364,364,484,484,497,521,541,541,190,190,190,190,190,204,219,243,97,110,110,241,241,262,275,299,313,313],"floor_reached":40,"campfire_rested":2,"playtime":4058,"current_hp_per_floor":[70,69,69,66,66,66,66,66,66,62,60,58,44,44,65,46,70,55,54,49,49,59,59,59,59,59,52,39,48,48,42,66,29,80,78,77,64,54,54],"items_purged":["Strike_G"],"gold":313,"score":346,"play_id":"8311a9bb-2b76-452c-b4b7-8e3700077930","is_prod":false,"is_daily":false,"is_ascension_mode":false,"campfire_upgraded":4,"path_taken":["M","M","M","?","?","R","?","R","T","M","M","M","E","M","R","BOSS","M","M","?","?","$","R","?","R","T","M","M","?","$","M","R","BOSS","M","M","?","?","?","E"],"build_version":"2018-02-12-PROD1","purchased_purges":3,"victory":false,"master_deck":["Defend_G","Defend_G","Defend_G","Defend_G","Defend_G","Strike_G+1","Strike_G","Strike_G","Strike_G","Survivor","Neutralize","Acrobatics+1","Dodge and Roll+1","Poisoned Stab+1","Quick Slash","Die Die Die","Outmaneuver","Catalyst","A Thousand Cuts+1","Noxious Fumes+1","Backflip+1","Noxious Fumes+1","Backflip","Leg Sweep","Venomology","Clumsy","A Thousand Cuts+1"],"max_hp_per_floor":[70,70,70,70,70,70,70,70,70,70,70,70,70,70,70,70,70,70,70,70,70,80,80,80,80,80,80,80,80,80,80,80,80,80,80,80,80,80,80],"relics":["Ring of the Snake","Anchor","Golden Idol","Whetstone","Thread and Needle","White Beast Statue","Snake Skull","Pear","Bag of Preparation","Omamori","Calling Bell","Happy Flower","Torii"],"card_choices":[{"not_picked":["Well Laid Plans","Bane"],"picked":"Acrobatics"},{"not_picked":["Outmaneuver","Bane"],"picked":"Dodge and Roll"},{"not_picked":["Calculated Gamble","Slice"],"picked":"Poisoned Stab"},{"not_picked":["Deflect","Infinite Blades"],"picked":"Quick Slash"},{"not_picked":["Dagger Spray","Deadly Poison"],"picked":"Die Die Die"},{"not_picked":["Dagger Spray","Quick Slash"],"picked":"Outmaneuver"},{"not_picked":["Dagger Throw","Deadly Poison"],"picked":"Catalyst"},{"not_picked":["Doppelganger","Envenom"],"picked":"A Thousand Cuts"},{"not_picked":["Expertise","Flying Knee"],"picked":"Noxious Fumes"},{"not_picked":["Poisoned Stab","Dagger Spray"],"picked":"Backflip"},{"not_picked":["Flying Knee","Prepared"],"picked":"Backflip"},{"not_picked":["Dash","Endless Agony"],"picked":"Leg Sweep"},{"not_picked":["Tools of the Trade","Phantasmal Killer"],"picked":"Venomology"}],"player_experience":87274,"potions_floor_usage":[12,12,13,20,20,29,29,33,33,33,36,37,37,38,38,38,40,40,40],"damage_taken":[{"damage":0,"enemies":"Jaw Worm","floor":1,"turns":6},{"damage":1,"enemies":"Cultist","floor":2,"turns":6},{"damage":0,"enemies":"2 Louse","floor":3,"turns":4},{"damage":4,"enemies":"Looter","floor":10,"turns":3},{"damage":2,"enemies":"2 Fungi Beasts","floor":11,"turns":4},{"damage":2,"enemies":"Lots of Slimes","floor":12,"turns":4},{"damage":14,"enemies":"Gremlin Nob","floor":13,"turns":4},{"damage":0,"enemies":"Gremlin Gang","floor":14,"turns":2},{"damage":19,"enemies":"The Guardian","floor":16,"turns":15},{"damage":15,"enemies":"Chosen","floor":18,"turns":8},{"damage":1,"enemies":"Shell Parasite","floor":19,"turns":6},{"damage":17,"enemies":"Chosen and Byrds","floor":20,"turns":7},{"damage":7,"enemies":"Centurion and Healer","floor":27,"turns":5},{"damage":13,"enemies":"Snecko","floor":28,"turns":5},{"damage":0,"enemies":"3 Cultists","floor":29,"turns":5},{"damage":6,"enemies":"Sentry and Sphere","floor":31,"turns":5},{"damage":37,"enemies":"Automaton","floor":33,"turns":11},{"damage":2,"enemies":"Orb Walker","floor":35,"turns":5},{"damage":1,"enemies":"3 Darklings","floor":36,"turns":4},{"damage":24,"enemies":"Maw","floor":37,"turns":8},{"damage":10,"enemies":"Sphere and 2 Shapes","floor":38,"turns":6},{"damage":58,"enemies":"Giant Head","floor":40,"turns":9}],"event_choices":[{"event_name":"Scrap Ooze","player_choice":"success","floor":4,"damage_taken":3},{"event_name":"Golden Idol","player_choice":"Take Wound","floor":5,"damage_taken":0},{"event_name":"Fountain of Cleansing","player_choice":"Removed Curse","floor":7,"damage_taken":0},{"event_name":"Accursed Blacksmith","player_choice":"Rummage","floor":21,"damage_taken":0},{"event_name":"Vampires","player_choice":"Ignored","floor":24,"damage_taken":0},{"event_name":"Duplicator","player_choice":"One dupe","floor":39,"damage_taken":0}],"boss_relics":[{"not_picked":["Question Card","Lizard Tail"],"picked":"White Beast Statue"},{"not_picked":["Cursed Key","Velvet Choker"],"picked":"Calling Bell"}],"potions_floor_spawned":[1,11,12,18,19,20,27,28,29,31,33,35,36,37,38],"seed_played":"4901477366944394878","killed_by":"Giant Head","ascension_level":0,"is_trial":false}