{"gold_per_floor":[119,129,58,76,76,76,96,126,126,159,175,192,205,238,238,343,343,356,376,376,12,22,49,49,68,68,79,8,28,60,60,60,60],"floor_reached":33,"playtime":3069,"items_purged":[],"score":352,"play_id":"18f146ad-248a-4ed5-88ef-7e1fc7edfeee","local_time":"20190506215230","is_ascension_mode":true,"campfire_choices":[{"floor":6,"key":"RECALL"},{"floor":15,"key":"REST"},{"floor":24,"key":"REST"},{"floor":32,"key":"REST"}],"neow_cost":"TEN_PERCENT_HP_LOSS","seed_source_timestamp":6882816663013,"circlet_count":0,"master_deck":["Bash","Ghostly Armor","Ghostly Armor","Seeing Red+1","Iron Wave","Inflame","Armaments","Rage","Seeing Red","Thunderclap","Carnage","Spot Weakness","Cleave","Disarm","Fiend Fire","Sever Soul","Exhume","Anger","Pummel","Evolve","Clothesline","Spot Weakness","Sever Soul+1","Iron Wave","Battle Trance","Bash","Thunderclap","Limit Break","Trip","Havoc","Double Tap","Sentinel","Ghostly Armor+1","Inflame","Anger"],"relics":["Burning Blood","Mango","Charon\u0027s Ashes","Paper Frog","Pandora\u0027s Box","Bronze Scales","Singing Bowl","Bottled Lightning","Letter Opener","Dodecahedron"],"potions_floor_usage":[8,8,12,16,19,22,23,29],"damage_taken":[{"damage":0,"enemies":"Cultist","floor":1,"turns":5},{"damage":7,"enemies":"Jaw Worm","floor":2,"turns":6},{"damage":5,"enemies":"Small Slimes","floor":4,"turns":4},{"damage":5,"enemies":"Looter","floor":7,"turns":3},{"damage":32,"enemies":"Lagavulin","floor":8,"turns":7},{"damage":15,"enemies":"3 Sentries","floor":10,"turns":10},{"damage":4,"enemies":"Blue Slaver","floor":11,"turns":3},{"damage":3,"enemies":"Exordium Thugs","floor":12,"turns":4},{"damage":10,"enemies":"Looter","floor":13,"turns":4},{"damage":36,"enemies":"Lagavulin","floor":14,"turns":6},{"damage":42,"enemies":"Slime Boss","floor":16,"turns":10},{"damage":0,"enemies":"Spheric Guardian","floor":18,"turns":3},{"damage":28,"enemies":"2 Thieves","floor":19,"turns":3},{"damage":27,"enemies":"Centurion and Healer","floor":22,"turns":6},{"damage":28,"enemies":"Book of Stabbing","floor":23,"turns":5},{"damage":12,"enemies":"3 Cultists","floor":25,"turns":5},{"damage":6,"enemies":"Cultist and Chosen","floor":27,"turns":4},{"damage":27,"enemies":"Chosen and Byrds","floor":29,"turns":5},{"damage":18,"enemies":"Gremlin Leader","floor":30,"turns":6},{"damage":42,"enemies":"Collector","floor":33,"turns":6}],"seed_played":"7012651521464906548","potions_obtained":[{"floor":1,"key":"SteroidPotion"},{"floor":2,"key":"FearPotion"},{"floor":11,"key":"SpeedPotion"},{"floor":14,"key":"Fire Potion"},{"floor":18,"key":"Swift Potion"},{"floor":22,"key":"AttackPotion"},{"floor":25,"key":"Strength Potion"},{"floor":30,"key":"GamblersBrew"}],"is_trial":false,"path_per_floor":["M","M","$","M","?","R","M","E","T","E","M","M","M","E","R","B",null,"M","M","?","$","M","E","R","M","T","M","$","M","E","?","R","B"],"character_chosen":"IRONCLAD","items_purchased":["Inflame","Bronze Scales","Limit Break","Trip","Energy Potion","Inflame"],"campfire_rested":3,"item_purchase_floors":[3,21,21,21,21,28],"current_hp_per_floor":[72,71,71,72,72,72,72,60,60,51,53,56,52,22,47,11,86,86,64,64,64,43,21,46,40,40,40,40,21,9,9,35,0],"gold":60,"neow_bonus":"TRANSFORM_TWO_CARDS","is_prod":false,"is_daily":false,"chose_seed":false,"campfire_upgraded":0,"win_rate":0,"timestamp":1557193950,"path_taken":["M","M","$","M","?","R","?","E","T","E","M","M","M","E","R","BOSS","M","M","?","$","M","E","R","?","T","M","$","M","E","?","R","BOSS"],"build_version":"2019-01-23","purchased_purges":0,"victory":false,"max_hp_per_floor":[72,72,72,72,72,72,72,86,86,86,86,86,86,86,86,86,86,86,86,86,86,86,86,86,86,86,86,86,88,88,88,88,88],"card_choices":[{"not_picked":["Twin Strike","Pommel Strike"],"picked":"Seeing Red","floor":1},{"not_picked":["Pommel Strike","Second Wind"],"picked":"Iron Wave","floor":2},{"not_picked":["True Grit","Hemokinesis"],"picked":"Armaments","floor":4},{"not_picked":["Dual Wield","Iron Wave"],"picked":"Rage","floor":7},{"not_picked":["Dual Wield","Headbutt"],"picked":"Seeing Red","floor":8},{"not_picked":["Dark Embrace","Twin Strike"],"picked":"Thunderclap","floor":10},{"not_picked":["Battle Trance","Twin Strike"],"picked":"Carnage","floor":11},{"not_picked":["Fire Breathing","Armaments"],"picked":"Spot Weakness","floor":12},{"not_picked":["Wild Strike","Searing Blow"],"picked":"Cleave","floor":13},{"not_picked":["Second Wind","Corruption"],"picked":"Disarm","floor":14},{"not_picked":["Dark Embrace","Berserk"],"picked":"Fiend Fire","floor":16},{"not_picked":["Twin Strike","Pummel"],"picked":"Sever Soul+1","floor":18},{"not_picked":["Body Slam","Shrug It Off"],"picked":"Iron Wave","floor":19},{"not_picked":["True Grit","Body Slam+1"],"picked":"Havoc","floor":22},{"not_picked":["Armaments","Rampage"],"picked":"Double Tap","floor":23},{"not_picked":["Uppercut","Body Slam"],"picked":"Sentinel","floor":25},{"not_picked":["Battle Trance","Sword Boomerang"],"picked":"Ghostly Armor+1","floor":27},{"not_picked":["Twin Strike","Fiend Fire","True Grit"],"picked":"Singing Bowl","floor":29},{"not_picked":["Clash","Blood for Blood"],"picked":"Anger","floor":30}],"player_experience":316396,"relics_obtained":[{"floor":8,"key":"Mango"},{"floor":10,"key":"Charon\u0027s Ashes"},{"floor":14,"key":"Paper Frog"},{"floor":23,"key":"Singing Bowl"},{"floor":26,"key":"Bottled Lightning"},{"floor":30,"key":"Letter Opener"}],"event_choices":[{"damage_healed":0,"gold_gain":0,"player_choice":"Upgraded","damage_taken":0,"max_hp_gain":0,"max_hp_loss":0,"event_name":"Upgrade Shrine","floor":5,"gold_loss":0,"cards_upgraded":["Seeing Red"]},{"damage_healed":0,"gold_gain":0,"player_choice":"3 cards matched","damage_taken":0,"max_hp_gain":0,"max_hp_loss":0,"event_name":"Match and Keep!","floor":20,"gold_loss":0,"cards_obtained":["Battle Trance","Bash","Thunderclap"]},{"damage_healed":0,"gold_gain":0,"player_choice":"Gave Potion","damage_taken":0,"relics_obtained":["Dodecahedron"],"max_hp_gain":0,"max_hp_loss":0,"event_name":"WeMeetAgain","floor":31,"gold_loss":0}],"is_beta":false,"boss_relics":[{"not_picked":["Coffee Dripper","Busted Crown"],"picked":"Pandora\u0027s Box"}],"items_purged_floors":[],"is_endless":false,"potions_floor_spawned":[1,2,11,14,18,22,25,30],"killed_by":"Collector","ascension_level":1}