{"gold_per_floor":[117,132,144,164,239,265,265,294,346,346],"floor_reached":10,"playtime":355,"items_purged":[],"score":133,"play_id":"014a43b1-87de-4819-8e61-f7c317467bde","local_time":"20190717211654","is_ascension_mode":true,"campfire_choices":[{"floor":7,"key":"REST"}],"neow_cost":"NONE","seed_source_timestamp":1901045566825800,"circlet_count":0,"master_deck":["AscendersBane","Strike_R","Strike_R","Strike_R","Strike_R","Strike_R","Defend_R","Defend_R","Defend_R","Defend_R","Bash+1","Iron Wave","Shrug It Off","Clothesline","Pummel","Reckless Charge"],"relics":["Burning Blood","The Courier","Matryoshka","PreservedInsect","Smiling Mask"],"potions_floor_usage":[6,10],"damage_taken":[{"damage":13,"enemies":"2 Louse","floor":1,"turns":3},{"damage":4,"enemies":"Jaw Worm","floor":2,"turns":4},{"damage":0,"enemies":"Small Slimes","floor":3,"turns":4},{"damage":10,"enemies":"Red Slaver","floor":4,"turns":3},{"damage":33,"enemies":"Lagavulin","floor":6,"turns":6},{"damage":44,"enemies":"3 Sentries","floor":8,"turns":12},{"damage":21,"enemies":"Gremlin Nob","floor":10,"turns":3}],"seed_played":"-1795839613653418881","potions_obtained":[{"floor":4,"key":"Poison Potion"},{"floor":8,"key":"Weak Potion"}],"is_trial":false,"path_per_floor":["M","M","M","M","?","E","R","E","T","E"],"character_chosen":"IRONCLAD","items_purchased":[],"campfire_rested":1,"item_purchase_floors":[],"current_hp_per_floor":[61,63,69,65,54,27,49,11,11,0],"gold":346,"neow_bonus":"UPGRADE_CARD","is_prod":false,"is_daily":false,"chose_seed":false,"campfire_upgraded":0,"win_rate":0,"timestamp":1563412614,"path_taken":["M","M","M","M","?","E","R","E","T","E"],"build_version":"2019-07-17","purchased_purges":0,"victory":false,"max_hp_per_floor":[75,75,75,75,75,75,75,75,75,75],"card_choices":[{"not_picked":["Pommel Strike","Rage"],"picked":"Iron Wave","floor":1},{"not_picked":["Reckless Charge","Bloodletting","Rage"],"picked":"SKIP","floor":2},{"not_picked":["Warcry","Feel No Pain"],"picked":"Shrug It Off","floor":3},{"not_picked":["Wild Strike","Armaments"],"picked":"Clothesline","floor":4},{"not_picked":["Twin Strike","Hemokinesis"],"picked":"Pummel","floor":6},{"not_picked":["Twin Strike","Armaments"],"picked":"Reckless Charge","floor":8}],"player_experience":658463,"relics_obtained":[{"floor":6,"key":"The Courier"},{"floor":8,"key":"Matryoshka"},{"floor":9,"key":"PreservedInsect"},{"floor":9,"key":"Smiling Mask"}],"event_choices":[{"damage_healed":0,"gold_gain":75,"player_choice":"Gather Gold","damage_taken":11,"max_hp_gain":0,"max_hp_loss":0,"event_name":"World of Goop","floor":5,"gold_loss":0}],"is_beta":false,"boss_relics":[],"items_purged_floors":[],"is_endless":false,"potions_floor_spawned":[4,8],"killed_by":"Gremlin Nob","ascension_level":14}