{"gold_per_floor":[109,129,79,93,104,104,139,139,163,193,193,211,228,228,228,323,323,342,114,114,564,15,44,44,76,76,76,76,109,128,139,139,236,236,253,266,59,6,20,48,48,75,127,77,88,88,103,0,0,0,0,0,0,25,25],"floor_reached":55,"playtime":4131,"items_purged":[],"score":855,"play_id":"e11fe139-c76b-438a-a9b8-252a11870ac5","local_time":"20190615220043","is_ascension_mode":true,"campfire_choices":[{"floor":6.0,"key":"RECALL"},{"data":"Genetic Algorithm","floor":8.0,"key":"SMITH"},{"floor":11.0,"key":"REST"},{"floor":15.0,"key":"REST"},{"data":"Defragment","floor":24.0,"key":"SMITH"},{"floor":27,"key":"REST"},{"floor":32,"key":"REST"},{"floor":41,"key":"REST"},{"floor":46,"key":"REST"},{"floor":49,"key":"REST"},{"data":"Self Repair","floor":52,"key":"SMITH"}],"neow_cost":"CURSE","seed_source_timestamp":0,"circlet_count":0,"master_deck":["Strike_B","Strike_B","Strike_B","Strike_B","Defend_B","Defend_B","Defend_B","Defend_B","Zap","Dualcast","Melter","Cold Snap","Genetic Algorithm+1","Go for the Eyes","Core Surge","Sweeping Beam","Ball Lightning","Defragment+1","Beam Cell","Gash","Multi-Cast","Self Repair","Loop","Defragment+1","Melter","Coolheaded","Self Repair+1","Conserve Battery+1","Static Discharge","Electrodynamics","Coolheaded+1","Streamline+1","Seek","Stack+1","Genetic Algorithm+1","Fusion+1","Reinforced Body+1","Consume+1","Gash+1","Doom and Gloom+1"],"special_seed":0,"relics":["Cracked Core","Pocketwatch","Dream Catcher","Boot","White Beast Statue","ClockworkSouvenir","Lee\u0027s Waffle","Juzu Bracelet","Kunai","Bottled Lightning","Sundial","DataDisk","Inserter","DollysMirror","Shuriken","Pear","Emotion Chip","Pen Nib","Red Mask","War Paint"],"potions_floor_usage":[25,29,31,39,39,40,40,42,45,47,50,55,55],"damage_taken":[{"damage":0.0,"enemies":"Small Slimes","floor":1.0,"turns":3.0},{"damage":6.0,"enemies":"Jaw Worm","floor":2.0,"turns":2.0},{"damage":0.0,"enemies":"Cultist","floor":4.0,"turns":3.0},{"damage":6.0,"enemies":"Red Slaver","floor":5.0,"turns":4.0},{"damage":23.0,"enemies":"3 Sentries","floor":7.0,"turns":7.0},{"damage":12.0,"enemies":"Lagavulin","floor":10.0,"turns":5.0},{"damage":10.0,"enemies":"Lots of Slimes","floor":12.0,"turns":2.0},{"damage":13.0,"enemies":"Exordium Wildlife","floor":13.0,"turns":3.0},{"damage":28.0,"enemies":"Hexaghost","floor":16.0,"turns":9.0},{"damage":0.0,"enemies":"Spheric Guardian","floor":18.0,"turns":2.0},{"damage":53.0,"enemies":"Slavers","floor":23.0,"turns":5.0},{"damage":22,"enemies":"Gremlin Leader","floor":25,"turns":9},{"damage":40,"enemies":"Book of Stabbing","floor":29,"turns":7},{"damage":0,"enemies":"Chosen","floor":30,"turns":3},{"damage":2,"enemies":"Shelled Parasite and Fungi","floor":31,"turns":5},{"damage":36,"enemies":"Collector","floor":33,"turns":9},{"damage":7,"enemies":"3 Shapes","floor":35,"turns":4},{"damage":35,"enemies":"3 Darklings","floor":36,"turns":3},{"damage":5,"enemies":"Sphere and 2 Shapes","floor":39,"turns":4},{"damage":52,"enemies":"Nemesis","floor":40,"turns":9},{"damage":58,"enemies":"Reptomancer","floor":42,"turns":10},{"damage":1,"enemies":"4 Shapes","floor":45,"turns":6},{"damage":39,"enemies":"Jaw Worm Horde","floor":47,"turns":4},{"damage":46,"enemies":"Donu and Deca","floor":50,"turns":8},{"damage":52,"enemies":"Shield and Spear","floor":54,"turns":6},{"damage":66,"enemies":"The Heart","floor":55,"turns":3}],"seed_played":"-6074277712371775806","potions_obtained":[{"floor":1.0,"key":"Dexterity Potion"},{"floor":4.0,"key":"SkillPotion"},{"floor":7.0,"key":"Explosive Potion"},{"floor":12.0,"key":"GamblersBrew"},{"floor":18.0,"key":"Energy Potion"},{"floor":23.0,"key":"SkillPotion"},{"floor":25,"key":"GamblersBrew"},{"floor":29,"key":"Swift Potion"},{"floor":30,"key":"PowerPotion"},{"floor":31,"key":"SneckoOil"},{"floor":33,"key":"Weak Potion"},{"floor":35,"key":"AttackPotion"},{"floor":39,"key":"Regen Potion"},{"floor":40,"key":"Strength Potion"},{"floor":42,"key":"GamblersBrew"},{"floor":45,"key":"Ancient Potion"},{"floor":47,"key":"Weak Potion"},{"floor":54,"key":"EssenceOfSteel"}],"is_trial":false,"path_per_floor":["M","M","?","M","M","R","E","R","T","E","R","M","M","?","R","B",null,"M","$","?","?","$","E","R","E","T","R","?","E","M","M","R","B",null,"M","M","$","?","M","E","R","E","T","$","M","R","M","?","R","B",null,"R","$","E","B"],"character_chosen":"DEFECT","items_purchased":["ClockworkSouvenir","Loop","Lee\u0027s Waffle","Regen Potion","Juzu Bracelet","Defragment","Melter","DollysMirror","Block Potion"],"campfire_rested":7,"item_purchase_floors":[19,19,22,22,22,22,22,37,44],"current_hp_per_floor":[75,69,69,69,63,63,40,40,40,28,50,40,27,27,49,21,75,75,75,61,13,87,50,50,35,35,61,61,35,35,47,73,44,87,87,52,52,52,54,41,70,26,26,26,39,68,43,43,72,26,97,97,97,62,0],"gold":25,"neow_bonus":"ONE_RARE_RELIC","is_prod":false,"is_daily":false,"chose_seed":false,"campfire_upgraded":3,"win_rate":0,"timestamp":1560650443,"path_taken":["M","M","?","M","M","R","E","R","T","E","R","M","M","?","R","BOSS","M","$","?","?","$","E","R","E","T","R","?","E","M","M","R","BOSS","M","M","$","?","M","E","R","E","T","$","M","R","M","?","R","BOSS","R","$","E","BOSS"],"build_version":"2019-01-23","purchased_purges":0,"victory":false,"max_hp_per_floor":[75,75,75,75,75,75,75,75,75,75,75,75,75,75,75,75,75,75,75,80,80,87,87,87,87,87,87,87,87,87,87,87,87,87,87,87,87,87,87,97,97,97,97,97,97,97,97,97,97,97,97,97,97,97,97],"card_choices":[{"not_picked":["Chaos","Steam Power"],"picked":"Melter","floor":1.0},{"not_picked":["Barrage","Leap"],"picked":"Cold Snap","floor":2.0},{"not_picked":["Go for the Eyes","Hologram"],"picked":"Genetic Algorithm","floor":4.0},{"not_picked":["Consume","Compile Driver"],"picked":"Go for the Eyes","floor":5.0},{"not_picked":["Cold Snap","Auto Shields"],"picked":"Core Surge","floor":7.0},{"not_picked":["Force Field","Gash"],"picked":"Sweeping Beam","floor":10.0},{"not_picked":["Leap","Barrage"],"picked":"Ball Lightning","floor":11.0},{"not_picked":["Go for the Eyes","Lockon"],"picked":"Defragment","floor":12.0},{"not_picked":["Leap","Rebound"],"picked":"Beam Cell","floor":13.0},{"not_picked":["Biased Cognition","Steam"],"picked":"Gash","floor":15.0},{"not_picked":["Creative AI","Core Surge"],"picked":"Multi-Cast","floor":16.0},{"not_picked":["Recycle","Scrape"],"picked":"Self Repair","floor":18.0},{"not_picked":["Force Field","Redo"],"picked":"Coolheaded","floor":23.0},{"not_picked":["Beam Cell","Streamline"],"picked":"Self Repair","floor":25},{"not_picked":["Stack","Reinforced Body"],"picked":"Conserve Battery+1","floor":27},{"not_picked":["Barrage+1","Compile Driver"],"picked":"Static Discharge","floor":29},{"not_picked":["Turbo","Barrage"],"picked":"Electrodynamics","floor":30},{"not_picked":["Stack","Cold Snap"],"picked":"Coolheaded","floor":31},{"not_picked":["Chaos","Force Field"],"picked":"Streamline+1","floor":32},{"not_picked":["Thunder Strike","Meteor Strike"],"picked":"Seek","floor":33},{"not_picked":["Turbo","White Noise","Auto Shields"],"picked":"SKIP","floor":35},{"not_picked":["Coolheaded+1","Undo+1"],"picked":"Stack+1","floor":36},{"not_picked":["Compile Driver+1","Conserve Battery","Steam Power+1"],"picked":"SKIP","floor":39},{"not_picked":["Cold Snap+1","Conserve Battery+1"],"picked":"Fusion","floor":40},{"not_picked":["Capacitor","Undo+1"],"picked":"Reinforced Body+1","floor":41},{"not_picked":["Genetic Algorithm+1","Blizzard","Rebound+1"],"picked":"SKIP","floor":42},{"not_picked":["Conserve Battery+1","Sunder"],"picked":"Consume+1","floor":45},{"not_picked":["Heatsinks+1","Stack+1"],"picked":"Gash+1","floor":46},{"not_picked":["Reprogram","Chill","Beam Cell"],"picked":"SKIP","floor":47},{"not_picked":["Reinforced Body","Reboot"],"picked":"Doom and Gloom+1","floor":54}],"player_experience":482356,"relics_obtained":[{"floor":7.0,"key":"Dream Catcher"},{"floor":10.0,"key":"Boot"},{"floor":23.0,"key":"Kunai"},{"floor":25,"key":"Bottled Lightning"},{"floor":26,"key":"Sundial"},{"floor":29,"key":"DataDisk"},{"floor":40,"key":"Pear"},{"floor":42,"key":"Emotion Chip"},{"floor":43,"key":"Pen Nib"},{"floor":54,"key":"War Paint"}],"event_choices":[{"cards_removed":["Normality"],"damage_healed":0.0,"max_hp_gain":0.0,"max_hp_loss":0.0,"gold_gain":0.0,"event_name":"The Cleric","player_choice":"Card Removal","floor":3.0,"gold_loss":50.0,"damage_taken":0.0},{"damage_healed":0.0,"max_hp_gain":0.0,"max_hp_loss":0.0,"gold_gain":0.0,"event_name":"Scrap Ooze","player_choice":"Fled","floor":14.0,"gold_loss":0.0,"damage_taken":0.0},{"damage_healed":0.0,"max_hp_gain":5.0,"max_hp_loss":0.0,"gold_gain":0.0,"event_name":"Forgotten Altar","player_choice":"Shed Blood","floor":20.0,"gold_loss":0.0,"damage_taken":19.0},{"damage_healed":0.0,"max_hp_gain":0.0,"max_hp_loss":0.0,"gold_gain":450.0,"event_name":"Knowing Skull","player_choice":"GOLD GOLD GOLD GOLD GOLD ","floor":21.0,"potions_obtained":[],"gold_loss":0.0,"damage_taken":48.0,"cards_obtained":[]},{"damage_healed":0,"gold_gain":0,"player_choice":"Forge","damage_taken":0,"max_hp_gain":0,"max_hp_loss":0,"event_name":"Accursed Blacksmith","floor":28,"gold_loss":0,"cards_upgraded":["Defragment"]},{"damage_healed":0,"gold_gain":0,"player_choice":"Paid Gold","damage_taken":0,"relics_obtained":["Shuriken"],"max_hp_gain":0,"max_hp_loss":0,"event_name":"WeMeetAgain","floor":38,"gold_loss":53},{"damage_healed":0,"gold_gain":0,"player_choice":"Paid","damage_taken":0,"relics_obtained":["Red Mask"],"max_hp_gain":0,"max_hp_loss":0,"event_name":"Tomb of Lord Red Mask","floor":48,"gold_loss":103}],"is_beta":false,"boss_relics":[{"not_picked":["Cursed Key","Runic Pyramid"],"picked":"White Beast Statue"},{"not_picked":["Calling Bell","Busted Crown"],"picked":"Inserter"}],"items_purged_floors":[],"is_endless":false,"potions_floor_spawned":[1,4,7,12,18,23,25,29,30,31,33,35,36,39,40,42,45,47,54],"killed_by":"The Heart","ascension_level":1}