{"gold_per_floor":[110,110,126,126,15,15,45,58,58,58,28,28,28,44,44,146,146,161,161,228,238,288,319,117,128,153,153,163,227,376,426,426,526,526,545,595,745,795,327,327,377,377,377,427,427,38,38,52,52,52],"floor_reached":51,"playtime":5479,"items_purged":["Strike_R"],"score":784,"play_id":"25138ac2-ef8b-4a80-8fcc-ce9f3ea9fe20","local_time":"20190703235507","is_ascension_mode":false,"campfire_choices":[{"data":"Shrug It Off","floor":6,"key":"SMITH"},{"data":"Body Slam","floor":13,"key":"SMITH"},{"floor":15,"key":"REST"},{"floor":27,"key":"REST"},{"floor":32,"key":"REST"},{"data":"Juggernaut","floor":40,"key":"SMITH"},{"data":"Finesse","floor":45,"key":"SMITH"},{"floor":47,"key":"REST"},{"data":"Barricade","floor":49,"key":"SMITH"}],"neow_cost":"NONE","seed_source_timestamp":983414472779376,"circlet_count":0,"master_deck":["Strike_R+1","Defend_R","Defend_R+1","Bash+1","Shrug It Off+1","Entrench+1","Metallicize","Warcry+1","Body Slam+1","Juggernaut+1","Dropkick+1","Infernal Blade+1","Berserk+1","Rampage+1","Finesse+1","Brutality","Armaments+1","Bandage Up","Chrysalis","Seeing Red","Master of Strategy","Bloodletting","Barricade+1"],"relics":["Burning Blood","Strawberry","Kunai","Lantern","Astrolabe","SsserpentHead","Torii","Oddly Smooth Stone","Runic Cube","Nunchaku","Bottled Flame","Matryoshka","Potion Belt","Juzu Bracelet","Dream Catcher","Whetstone","War Paint"],"potions_floor_usage":[16,16,23,25,25,33,35,50],"damage_taken":[{"damage":8,"enemies":"2 Louse","floor":1,"turns":4},{"damage":4,"enemies":"Cultist","floor":3,"turns":5},{"damage":41,"enemies":"3 Sentries","floor":7,"turns":14},{"damage":0,"enemies":"Small Slimes","floor":8,"turns":5},{"damage":0,"enemies":"Looter","floor":11,"turns":4},{"damage":0,"enemies":"Exordium Wildlife","floor":14,"turns":3},{"damage":31,"enemies":"Slime Boss","floor":16,"turns":18},{"damage":15,"enemies":"Shell Parasite","floor":18,"turns":3},{"damage":13,"enemies":"3 Byrds","floor":20,"turns":5},{"damage":26,"enemies":"Shelled Parasite and Fungi","floor":21,"turns":5},{"damage":50,"enemies":"Slavers","floor":23,"turns":5},{"damage":2,"enemies":"Centurion and Healer","floor":25,"turns":5},{"damage":2,"enemies":"Sentry and Sphere","floor":28,"turns":5},{"damage":11,"enemies":"Shelled Parasite and Fungi","floor":29,"turns":4},{"damage":50,"enemies":"Collector","floor":33,"turns":9},{"damage":22,"enemies":"3 Shapes","floor":35,"turns":4},{"damage":28,"enemies":"Mind Bloom Boss Battle","floor":37,"turns":6},{"damage":9,"enemies":"Orb Walker","floor":48,"turns":5},{"damage":29,"enemies":"Awakened One","floor":50,"turns":6}],"seed_played":"-8789397628580343279","potions_obtained":[{"floor":3,"key":"Swift Potion"},{"floor":7,"key":"Dexterity Potion"},{"floor":8,"key":"Weak Potion"},{"floor":14,"key":"AttackPotion"},{"floor":28,"key":"LiquidBronze"},{"floor":33,"key":"Explosive Potion"}],"is_trial":false,"path_per_floor":["M","?","M","?","$","R","E","M","T","?","M","$","R","M","R","B",null,"M","?","M","M","?","E","$","M","T","R","M","M","?","?","R","B",null,"M","?","?","T","$","R","T","$","T","?","R","$","R","M","R","B",null],"character_chosen":"IRONCLAD","items_purchased":["Metallicize","Finesse","SpeedPotion","SpeedPotion","Chrysalis","Matryoshka","Seeing Red","Master of Strategy","War Paint","Swift Potion"],"campfire_rested":4,"item_purchase_floors":[5,24,24,24,39,39,39,46,46,46],"current_hp_per_floor":[85,85,87,70,70,70,35,41,41,34,40,40,40,46,72,47,87,78,78,71,51,51,7,7,11,11,37,41,36,36,36,62,18,87,71,71,53,53,53,53,53,53,53,53,53,53,79,80,80,61],"gold":52,"neow_bonus":"RANDOM_COMMON_RELIC","is_prod":false,"is_daily":false,"chose_seed":false,"campfire_upgraded":5,"win_rate":0.0,"timestamp":1562223307,"path_taken":["M","?","?","?","$","R","E","M","T","?","M","?","R","M","R","BOSS","M","?","?","M","?","E","$","M","T","R","M","?","?","?","R","BOSS","M","?","?","?","?","R","?","$","T","?","R","$","R","M","R","BOSS"],"build_version":"2019-07-01","purchased_purges":1,"victory":true,"max_hp_per_floor":[87,87,87,87,87,87,87,87,87,87,87,87,87,87,87,87,87,87,87,87,87,87,87,87,87,87,87,87,87,87,87,87,87,87,87,87,87,87,87,87,87,87,87,87,87,87,87,87,87,87],"card_choices":[{"not_picked":["Flame Barrier","Bloodletting"],"picked":"Shrug It Off","floor":1},{"not_picked":["Rage","Pommel Strike"],"picked":"Entrench","floor":3},{"not_picked":["Spot Weakness","Clash","Pommel Strike"],"picked":"SKIP","floor":7},{"not_picked":["Iron Wave","Hemokinesis"],"picked":"Warcry","floor":8},{"not_picked":["Thunderclap","Warcry"],"picked":"Body Slam","floor":11},{"not_picked":["Iron Wave","Pommel Strike","Combust"],"picked":"SKIP","floor":14},{"not_picked":["Double Tap","Brutality"],"picked":"Juggernaut","floor":16},{"not_picked":["Anger+1","Spot Weakness","Rupture"],"picked":"SKIP","floor":18},{"not_picked":["Entrench","Heavy Blade+1","Spot Weakness+1"],"picked":"SKIP","floor":20},{"not_picked":["True Grit","Twin Strike","Fire Breathing"],"picked":"SKIP","floor":21},{"not_picked":["Dual Wield","Clash+1"],"picked":"Rampage","floor":23},{"not_picked":["Thunderclap","Pommel Strike","Infernal Blade"],"picked":"SKIP","floor":25},{"not_picked":["Cleave","Fire Breathing+1","Shrug It Off"],"picked":"SKIP","floor":28},{"not_picked":["Twin Strike","Sword Boomerang","Cleave"],"picked":"SKIP","floor":29},{"not_picked":["Limit Break","Juggernaut"],"picked":"Brutality","floor":33},{"not_picked":["Headbutt","Sword Boomerang"],"picked":"Armaments+1","floor":35},{"not_picked":["Trip","Dramatic Entrance"],"picked":"Bandage Up","floor":36},{"not_picked":["Twin Strike+1","Heavy Blade+1"],"picked":"Bloodletting","floor":47},{"not_picked":["Warcry+1","Entrench"],"picked":"Barricade","floor":48}],"player_experience":21275,"relics_obtained":[{"floor":7,"key":"Kunai"},{"floor":9,"key":"Lantern"},{"floor":23,"key":"Torii"},{"floor":26,"key":"Oddly Smooth Stone"},{"floor":37,"key":"Nunchaku"},{"floor":38,"key":"Bottled Flame"},{"floor":41,"key":"Potion Belt"},{"floor":41,"key":"Juzu Bracelet"},{"floor":43,"key":"Dream Catcher"},{"floor":43,"key":"Whetstone"}],"event_choices":[{"cards_removed":["Strike_R"],"damage_healed":0,"gold_gain":0,"player_choice":"Purged","damage_taken":0,"max_hp_gain":0,"max_hp_loss":0,"event_name":"Purifier","floor":2,"gold_loss":0},{"damage_healed":0,"gold_gain":0,"player_choice":"Entered Light","damage_taken":17,"max_hp_gain":0,"max_hp_loss":0,"event_name":"Shining Light","floor":4,"gold_loss":0,"cards_upgraded":["Entrench","Strike_R"]},{"cards_removed":["Defend_R"],"damage_healed":0,"gold_gain":0,"player_choice":"Card Removal","damage_taken":7,"max_hp_gain":0,"max_hp_loss":0,"event_name":"Golden Wing","floor":10,"gold_loss":0},{"damage_healed":0,"gold_gain":0,"player_choice":"Trade","damage_taken":0,"relics_obtained":["SsserpentHead"],"max_hp_gain":0,"max_hp_loss":0,"event_name":"FaceTrader","floor":19,"gold_loss":0},{"damage_healed":0,"gold_gain":0,"player_choice":"0 cards matched","damage_taken":0,"max_hp_gain":0,"max_hp_loss":0,"event_name":"Match and Keep!","floor":22,"gold_loss":0,"cards_obtained":[]},{"damage_healed":0,"gold_gain":99,"player_choice":"Stole From Cult","damage_taken":0,"max_hp_gain":0,"max_hp_loss":0,"event_name":"Nest","floor":30,"gold_loss":0},{"damage_healed":0,"gold_gain":0,"player_choice":"Ignored","damage_taken":0,"max_hp_gain":0,"max_hp_loss":0,"event_name":"The Mausoleum","floor":31,"gold_loss":0},{"damage_healed":0,"gold_gain":0,"player_choice":"Memory 1","damage_taken":0,"max_hp_gain":0,"max_hp_loss":0,"event_name":"SensoryStone","floor":36,"gold_loss":0},{"damage_healed":0,"gold_gain":0,"player_choice":"Fight","damage_taken":0,"max_hp_gain":0,"max_hp_loss":0,"event_name":"MindBloom","floor":37,"gold_loss":0},{"damage_healed":0,"gold_gain":0,"player_choice":"Ignored","damage_taken":0,"max_hp_gain":0,"max_hp_loss":0,"event_name":"Tomb of Lord Red Mask","floor":44,"gold_loss":0}],"is_beta":false,"boss_relics":[{"not_picked":["Orrery","Runic Dome"],"picked":"Astrolabe"},{"not_picked":["Mark of Pain","Fusion Hammer"],"picked":"Runic Cube"}],"items_purged_floors":[5],"is_endless":false,"potions_floor_spawned":[3,7,8,14,28,33],"ascension_level":0}