{"gold_per_floor":[113,126,141,159,175,210,310,310,333,360,360,372,399,413,413,518,518,502,522,437,437],"floor_reached":21,"playtime":1706,"items_purged":[],"score":251,"play_id":"e588668e-7ca0-4932-8780-c1f4ed33bebe","local_time":"20190714232620","is_ascension_mode":true,"campfire_choices":[{"data":"Chaos","floor":8,"key":"SMITH"},{"data":"Conserve Battery","floor":11,"key":"SMITH"},{"data":"Hyperbeam","floor":15,"key":"SMITH"}],"neow_cost":"NONE","seed_source_timestamp":250586306621900,"circlet_count":0,"master_deck":["Strike_B","Strike_B","Strike_B","Strike_B","Defend_B","Defend_B+1","Defend_B","Defend_B","Zap","Dualcast","Chaos+1","Melter","Conserve Battery+1","Conserve Battery+1","Undo","Go for the Eyes","Glacier","Hyperbeam+1","Gash","Hologram","Machine Learning","Chaos"],"relics":["FrozenCore","NeowsBlessing","DataDisk","War Paint","Happy Flower","PreservedInsect","Frozen Egg 2"],"potions_floor_usage":[6,10,13,16],"damage_taken":[{"damage":0,"enemies":"Small Slimes","floor":1,"turns":1},{"damage":0,"enemies":"Cultist","floor":2,"turns":1},{"damage":0,"enemies":"Jaw Worm","floor":3,"turns":1},{"damage":4,"enemies":"2 Fungi Beasts","floor":4,"turns":5},{"damage":1,"enemies":"Looter","floor":5,"turns":3},{"damage":1,"enemies":"Lagavulin","floor":6,"turns":7},{"damage":8,"enemies":"Gremlin Nob","floor":10,"turns":4},{"damage":7,"enemies":"3 Louse","floor":12,"turns":5},{"damage":0,"enemies":"Lagavulin","floor":13,"turns":8},{"damage":3,"enemies":"Exordium Wildlife","floor":14,"turns":3},{"damage":4,"enemies":"Slime Boss","floor":16,"turns":10},{"damage":16,"enemies":"2 Thieves","floor":18,"turns":5},{"damage":5,"enemies":"Shell Parasite","floor":19,"turns":7},{"damage":15,"enemies":"Cultist and Chosen","floor":21,"turns":6}],"seed_played":"-4095106357721839892","potions_obtained":[{"floor":5,"key":"SteroidPotion"},{"floor":6,"key":"Fire Potion"},{"floor":10,"key":"SkillPotion"},{"floor":13,"key":"Strength Potion"}],"is_trial":false,"path_per_floor":["M","M","M","M","M","E","?","R","T","E","R","M","E","M","R","B",null,"M","M","?","M"],"character_chosen":"DEFECT","items_purchased":[],"campfire_rested":0,"item_purchase_floors":[],"current_hp_per_floor":[75,75,75,71,70,69,69,69,69,61,61,54,54,51,51,47,75,59,54,54,39],"gold":437,"neow_bonus":"THREE_ENEMY_KILL","is_prod":false,"is_daily":false,"chose_seed":false,"campfire_upgraded":3,"win_rate":0,"timestamp":1563161180,"path_taken":["M","M","M","M","M","E","?","R","T","E","R","?","E","M","R","BOSS","M","M","?","M"],"build_version":"2019-07-05","purchased_purges":0,"victory":false,"max_hp_per_floor":[75,75,75,75,75,75,75,75,75,75,75,75,75,75,75,75,75,75,75,75,75],"card_choices":[{"not_picked":["Turbo","Ball Lightning"],"picked":"Chaos","floor":1},{"not_picked":["Lockon","Compile Driver"],"picked":"Melter","floor":2},{"not_picked":["Streamline","Hello World"],"picked":"Conserve Battery","floor":3},{"not_picked":["Beam Cell","Leap"],"picked":"Conserve Battery","floor":4},{"not_picked":["Aggregate","Sweeping Beam"],"picked":"Undo","floor":5},{"not_picked":["Steam Power","Barrage"],"picked":"Go for the Eyes","floor":6},{"not_picked":["Doom and Gloom","Sweeping Beam"],"picked":"Glacier","floor":10},{"not_picked":["Storm","Leap"],"picked":"Hyperbeam","floor":12},{"not_picked":["Conserve Battery","Barrage"],"picked":"Gash","floor":13},{"not_picked":["Hello World","Aggregate"],"picked":"Hologram","floor":14},{"not_picked":["Meteor Strike","Buffer"],"picked":"Machine Learning","floor":16},{"not_picked":["Turbo","Streamline"],"picked":"Chaos","floor":18},{"not_picked":["Compile Driver","Coolheaded","Genetic Algorithm"],"picked":"SKIP","floor":19}],"player_experience":720514,"relics_obtained":[{"floor":6,"key":"DataDisk"},{"floor":9,"key":"War Paint"},{"floor":10,"key":"Happy Flower"},{"floor":13,"key":"PreservedInsect"}],"event_choices":[{"damage_healed":0,"gold_gain":100,"player_choice":"Gold","damage_taken":0,"max_hp_gain":0,"max_hp_loss":0,"event_name":"Wheel of Change","floor":7,"gold_loss":0},{"damage_healed":0,"gold_gain":0,"player_choice":"Obtained Relic","damage_taken":0,"relics_obtained":["Frozen Egg 2"],"max_hp_gain":0,"max_hp_loss":0,"event_name":"Addict","floor":20,"gold_loss":85}],"is_beta":false,"boss_relics":[{"not_picked":["Fusion Hammer","Calling Bell"],"picked":"FrozenCore"}],"items_purged_floors":[],"is_endless":false,"potions_floor_spawned":[5,6,10,13],"killed_by":"Cultist and Chosen","ascension_level":2}