{"gold_per_floor":[119,129,129,139,139,139,150,150,150,168,183,212,34,45,45,144,144,156,172,206,156,171,171,171],"floor_reached":24,"playtime":1685,"items_purged":[],"score":215,"play_id":"03a6c460-2d73-407a-8399-2609fe8f9c93","local_time":"20181106005750","is_ascension_mode":false,"campfire_choices":[{"data":"Armaments","floor":6,"key":"SMITH"},{"data":"Metallicize","floor":8,"key":"SMITH"},{"data":"Juggernaut","floor":15,"key":"SMITH"},{"data":"Feed","floor":23,"key":"SMITH"}],"neow_cost":"NONE","seed_source_timestamp":113869044262422,"circlet_count":0,"master_deck":["Strike_R","Strike_R","Strike_R","Strike_R","Strike_R","Defend_R","Defend_R","Defend_R","Defend_R","Bash","Shockwave","Perfected Strike","Deep Breath","Juggernaut+1","Armaments+1","Metallicize+1","Clothesline","Shockwave","Fire Breathing","Searing Blow","Fire Breathing","Feed+1","Perfected Strike+1","Rampage","Armaments+1","Searing Blow"],"relics":["Burning Blood","NeowsBlessing","Darkstone Periapt","Odd Mushroom","Anchor","White Beast Statue","Red Mask"],"potions_floor_usage":[7,12,16,16,19,20,22,22,22,24],"damage_taken":[{"damage":0,"enemies":"Jaw Worm","floor":1,"turns":1},{"damage":0,"enemies":"Cultist","floor":2,"turns":1},{"damage":0,"enemies":"Small Slimes","floor":4,"turns":1},{"damage":13,"enemies":"Red Slaver","floor":7,"turns":4},{"damage":10,"enemies":"Looter","floor":10,"turns":3},{"damage":3,"enemies":"Exordium Thugs","floor":11,"turns":5},{"damage":26,"enemies":"The Mushroom Lair","floor":12,"turns":5},{"damage":1,"enemies":"3 Louse","floor":14,"turns":4},{"damage":28,"enemies":"The Guardian","floor":16,"turns":10},{"damage":9,"enemies":"Chosen","floor":18,"turns":6},{"damage":24,"enemies":"Spheric Guardian","floor":19,"turns":6},{"damage":50,"enemies":"Masked Bandits","floor":20,"turns":6},{"damage":10,"enemies":"Centurion and Healer","floor":22,"turns":5},{"damage":26,"enemies":"Cultist and Chosen","floor":24,"turns":6}],"seed_played":"-3730757249798291415","potions_obtained":[{"floor":4,"key":"Fruit Juice"},{"floor":5,"key":"Regen Potion"},{"floor":5,"key":"LiquidBronze"},{"floor":7,"key":"Weak Potion"},{"floor":12,"key":"Poison Potion"},{"floor":14,"key":"EssenceOfSteel"},{"floor":16,"key":"AttackPotion"},{"floor":18,"key":"Block Potion"},{"floor":19,"key":"Energy Potion"},{"floor":20,"key":"Fire Potion"},{"floor":22,"key":"Dexterity Potion"}],"is_trial":false,"path_per_floor":["M","M","?","M","?","R","M","R","T","M","M","?","$","M","R","B",null,"M","M","?","?","M","R","M"],"character_chosen":"IRONCLAD","items_purchased":["Anchor","Searing Blow"],"campfire_rested":0,"item_purchase_floors":[13,13],"current_hp_per_floor":[80,80,80,80,80,80,78,78,78,74,77,57,57,62,62,55,85,82,64,23,23,22,22,0],"gold":171,"neow_bonus":"THREE_ENEMY_KILL","is_prod":false,"is_daily":false,"chose_seed":false,"campfire_upgraded":4,"win_rate":0.0,"timestamp":1541483870,"path_taken":["M","M","?","?","?","R","M","R","T","?","M","?","?","M","R","BOSS","M","M","?","?","M","R","?"],"build_version":"2018-11-02","purchased_purges":0,"victory":false,"max_hp_per_floor":[80,80,80,80,80,80,85,85,85,85,85,85,85,85,85,85,85,85,85,88,88,91,91,95],"card_choices":[{"not_picked":["Sword Boomerang","Cleave"],"picked":"Shockwave","floor":1},{"not_picked":["Body Slam","Power Through"],"picked":"Perfected Strike","floor":2},{"not_picked":["Warcry","Iron Wave"],"picked":"Armaments","floor":4},{"not_picked":["Body Slam","Warcry"],"picked":"Metallicize","floor":7},{"not_picked":["Body Slam","Thunderclap"],"picked":"Clothesline","floor":10},{"not_picked":["Corruption","Clothesline"],"picked":"Shockwave","floor":11},{"not_picked":["Cleave","Battle Trance"],"picked":"Fire Breathing","floor":12},{"not_picked":["Ghostly Armor","Perfected Strike"],"picked":"Fire Breathing","floor":14},{"not_picked":["Dark Embrace","Demon Form"],"picked":"Feed","floor":16},{"not_picked":["True Grit+1","Anger"],"picked":"Perfected Strike+1","floor":18},{"not_picked":["True Grit","Thunderclap+1"],"picked":"Rampage","floor":19},{"not_picked":["Clash","Flex"],"picked":"Armaments+1","floor":20},{"not_picked":["Cleave+1","Headbutt"],"picked":"Searing Blow","floor":22}],"player_experience":131700,"relics_obtained":[{"floor":9,"key":"Darkstone Periapt"},{"floor":12,"key":"Odd Mushroom"},{"floor":20,"key":"Red Mask"}],"event_choices":[{"damage_healed":0,"gold_gain":0,"player_choice":"2 cards matched","damage_taken":0,"max_hp_gain":0,"max_hp_loss":0,"event_name":"Match and Keep!","floor":3,"gold_loss":0,"cards_obtained":["Deep Breath","Juggernaut"]},{"damage_healed":0,"gold_gain":0,"player_choice":"Got Potions","damage_taken":0,"max_hp_gain":0,"max_hp_loss":0,"event_name":"Lab","floor":5,"gold_loss":0},{"damage_healed":0,"gold_gain":0,"player_choice":"Fought Mushrooms","damage_taken":0,"max_hp_gain":0,"max_hp_loss":0,"event_name":"Mushrooms","floor":12,"gold_loss":0},{"damage_healed":0,"gold_gain":0,"player_choice":"Fought Bandits","damage_taken":0,"max_hp_gain":0,"max_hp_loss":0,"event_name":"Masked Bandits","floor":20,"gold_loss":0},{"damage_healed":0,"gold_gain":0,"player_choice":"Bet on Murderer","damage_taken":0,"max_hp_gain":0,"max_hp_loss":0,"event_name":"The Joust","floor":21,"gold_loss":50}],"is_beta":true,"boss_relics":[{"not_picked":["Philosopher\u0027s Stone","Eternal Feather"],"picked":"White Beast Statue"}],"items_purged_floors":[],"is_endless":false,"potions_floor_spawned":[4,7,12,14,16,18,19,20,22],"killed_by":"Cultist and Chosen","ascension_level":0}