{"gold_per_floor":[119,129,139,149,161,161,161,161,161,161,174,188,199,37,37,137,137,149,149,60,72,72,72,83,83,83,99,110,123,45,45,45,45],"floor_reached":33,"playtime":2635,"items_purged":[],"score":292,"play_id":"149fc52e-68b5-442f-a595-72f45f0939d6","local_time":"20190704221743","is_ascension_mode":true,"campfire_choices":[{"data":"Consume","floor":6,"key":"SMITH"},{"data":"Conserve Battery","floor":8,"key":"SMITH"},{"data":"Zap","floor":10,"key":"SMITH"},{"data":"Madness","floor":15,"key":"SMITH"},{"data":"Ghostly","floor":23,"key":"SMITH"},{"data":"Ghostly","floor":25,"key":"SMITH"},{"data":"Conserve Battery","floor":32,"key":"SMITH"}],"neow_cost":"NONE","seed_source_timestamp":1024387563539800,"circlet_count":0,"master_deck":["Strike_B","Strike_B","Strike_B","Strike_B","Defend_B","Defend_B","Defend_B","Defend_B","Zap+1","Dualcast","Leap","Consume+1","Conserve Battery+1","Steam","Creative AI","Streamline","Gash","Static Discharge+1","Madness+1","Static Discharge+1","Conserve Battery+1","Leap","Ghostly+1","Ghostly","Ghostly","Ghostly","Ghostly+1","Self Repair+1","Loop+1","Glacier+1","Steam","Seek","Auto Shields+1","Loop+1"],"relics":["Cracked Core","Frozen Egg 2","Inserter","Enchiridion","Prayer Wheel"],"potions_floor_usage":[11,12,12,28,33],"damage_taken":[{"damage":1,"enemies":"Cultist","floor":1,"turns":3},{"damage":1,"enemies":"Small Slimes","floor":2,"turns":3},{"damage":2,"enemies":"Jaw Worm","floor":3,"turns":6},{"damage":6,"enemies":"Large Slime","floor":4,"turns":7},{"damage":4,"enemies":"Looter","floor":5,"turns":4},{"damage":8,"enemies":"Exordium Wildlife","floor":11,"turns":5},{"damage":13,"enemies":"Large Slime","floor":12,"turns":6},{"damage":12,"enemies":"Lots of Slimes","floor":13,"turns":5},{"damage":27,"enemies":"Slime Boss","floor":16,"turns":7},{"damage":22,"enemies":"Chosen","floor":18,"turns":5},{"damage":11,"enemies":"3 Byrds","floor":21,"turns":3},{"damage":15,"enemies":"Shelled Parasite and Fungi","floor":24,"turns":6},{"damage":2,"enemies":"Snake Plant","floor":27,"turns":4},{"damage":19,"enemies":"Snecko","floor":28,"turns":4},{"damage":8,"enemies":"Centurion and Healer","floor":29,"turns":13},{"damage":43,"enemies":"Automaton","floor":33,"turns":6}],"seed_played":"-2453751806867990958","potions_obtained":[{"floor":3,"key":"SpeedPotion"},{"floor":5,"key":"Energy Potion"},{"floor":11,"key":"Weak Potion"},{"floor":21,"key":"Block Potion"},{"floor":24,"key":"PowerPotion"},{"floor":28,"key":"SteroidPotion"}],"is_trial":false,"path_per_floor":["M","M","M","M","M","R","?","R","T","R","M","M","M","$","R","B",null,"M","?","$","M","?","R","M","R","T","M","M","M","$","?","R","B"],"character_chosen":"DEFECT","items_purchased":["Static Discharge+1","Madness","Static Discharge+1","Conserve Battery","Loop+1"],"campfire_rested":0,"item_purchase_floors":[14,14,20,20,30],"current_hp_per_floor":[81,80,78,72,68,68,73,73,73,73,65,52,40,40,40,13,87,65,49,49,38,38,38,23,23,23,31,32,34,34,43,43,0],"gold":45,"neow_bonus":"TEN_PERCENT_HP_BONUS","is_prod":false,"is_daily":false,"chose_seed":false,"campfire_upgraded":7,"win_rate":0,"timestamp":1562293063,"path_taken":["M","M","M","M","M","R","?","R","T","R","M","M","M","$","R","BOSS","M","?","$","M","?","R","M","R","T","M","M","M","$","?","R","BOSS"],"build_version":"2019-07-01","purchased_purges":0,"victory":false,"max_hp_per_floor":[82,82,82,82,82,82,87,87,87,87,87,87,87,87,87,87,87,87,87,87,87,43,43,43,43,43,43,43,43,43,43,43,43],"card_choices":[{"not_picked":["Steam","Barrage"],"picked":"Leap","floor":1},{"not_picked":["FTL","Gash"],"picked":"Consume","floor":2},{"not_picked":["Gash","Beam Cell"],"picked":"Conserve Battery","floor":3},{"not_picked":["Compile Driver","Hello World"],"picked":"Steam","floor":4},{"not_picked":["Cold Snap","Beam Cell"],"picked":"Creative AI","floor":5},{"not_picked":["Compile Driver","Aggregate","Skim"],"picked":"SKIP","floor":11},{"not_picked":["Turbo","Steam Power"],"picked":"Streamline","floor":12},{"not_picked":["Coolheaded","Fusion"],"picked":"Gash","floor":13},{"not_picked":["Sunder+1","Streamline","Go for the Eyes"],"picked":"SKIP","floor":18},{"not_picked":["White Noise","Stack"],"picked":"Leap","floor":21},{"not_picked":["Heatsinks+1","Fission"],"picked":"Self Repair+1","floor":24},{"not_picked":["Coolheaded","Streamline+1"],"picked":"Loop+1","floor":27},{"not_picked":["Turbo","Cold Snap"],"picked":"Glacier+1","floor":27},{"not_picked":["Turbo","Rebound"],"picked":"Steam","floor":28},{"not_picked":["Aggregate","Static Discharge+1","Lockon"],"picked":"SKIP","floor":28},{"not_picked":["Stack+1","Gash"],"picked":"Seek","floor":29},{"not_picked":["Rebound","Barrage"],"picked":"Auto Shields+1","floor":29}],"player_experience":606056,"relics_obtained":[{"floor":9,"key":"Frozen Egg 2"},{"floor":19,"key":"Enchiridion"},{"floor":26,"key":"Prayer Wheel"}],"event_choices":[{"damage_healed":0,"gold_gain":0,"player_choice":"Donut","damage_taken":0,"max_hp_gain":5,"max_hp_loss":0,"event_name":"Big Fish","floor":7,"gold_loss":0},{"damage_healed":0,"gold_gain":0,"player_choice":"Obtained Book","damage_taken":16,"max_hp_gain":0,"max_hp_loss":0,"event_name":"Cursed Tome","floor":19,"gold_loss":0},{"damage_healed":0,"gold_gain":0,"player_choice":"Became a Ghost","damage_taken":0,"max_hp_gain":0,"max_hp_loss":44,"event_name":"Ghosts","floor":22,"gold_loss":0,"cards_obtained":["Ghostly","Ghostly","Ghostly","Ghostly","Ghostly"]},{"damage_healed":14,"gold_gain":0,"player_choice":"Heal","damage_taken":0,"max_hp_gain":0,"max_hp_loss":0,"event_name":"The Library","floor":31,"gold_loss":0}],"is_beta":false,"boss_relics":[{"not_picked":["Coffee Dripper","Astrolabe"],"picked":"Inserter"}],"items_purged_floors":[],"is_endless":false,"potions_floor_spawned":[3,5,11,21,24,28],"killed_by":"Automaton","ascension_level":2}