{"gold_per_floor":[118,129,129,142,162,162,197,197,197,221,240,255,98,117,117,215,215,229,240,257,257,276,82,108,34,61,61,133,165,90,106,106,210,210,225,243,256,356,22,57,57,76,76,101,101,21,38,71,71,71],"floor_reached":51,"playtime":4903,"items_purged":["Writhe"],"score":840,"play_id":"62388fe5-3585-4d22-9a62-21d56c95ced1","local_time":"20190629183034","is_ascension_mode":true,"campfire_choices":[{"data":"Streamline","floor":6,"key":"SMITH"},{"data":"Forethought","floor":15,"key":"SMITH"},{"data":"Sunder","floor":27,"key":"SMITH"},{"data":"Electrodynamics","floor":32,"key":"SMITH"},{"data":"Storm","floor":41,"key":"SMITH"},{"data":"Loop","floor":45,"key":"SMITH"},{"floor":49,"key":"REST"}],"neow_cost":"NONE","seed_source_timestamp":576474338548000,"circlet_count":0,"master_deck":["Strike_B+1","Strike_B+1","Defend_B+1","Defend_B+1","Defend_B+1","Defend_B+1","Zap+1","Dualcast+1","Go for the Eyes","Leap+1","Self Repair","Streamline+1","Gash","Electrodynamics+1","Hello World","Glacier","Hologram","Loop+1","Forethought+1","Melter","Conserve Battery","All For One","Injury","Doubt","Coolheaded+1","Leap","Capacitor+1","Gash+1","Conserve Battery+1","Double Energy+1","Sunder+1","Leap+1","Undo+1","Amplify","Storm+1","Parasite","Recycle+1","Rebound","Jack Of All Trades","BootSequence+1","Aggregate+1","Injury","Capacitor","Defragment","Stack+1","Conserve Battery+1"],"relics":["Cracked Core","Darkstone Periapt","Bottled Tornado","Odd Mushroom","Calling Bell","Pen Nib","Cables","Calipers","Lantern","Singing Bowl","Blood Vial","Mummified Hand","Ancient Tea Set","Cursed Key","Prayer Wheel","Meat on the Bone","Oddly Smooth Stone","Gremlin Horn","War Paint","Pocketwatch"],"potions_floor_usage":[16,24,24,33,37,38,38,44,44,44,48],"damage_taken":[{"damage":2,"enemies":"2 Louse","floor":1,"turns":3},{"damage":0,"enemies":"Jaw Worm","floor":2,"turns":3},{"damage":0,"enemies":"Cultist","floor":4,"turns":4},{"damage":6,"enemies":"Exordium Thugs","floor":5,"turns":4},{"damage":9,"enemies":"Gremlin Nob","floor":7,"turns":4},{"damage":3,"enemies":"The Mushroom Lair","floor":10,"turns":3},{"damage":3,"enemies":"Red Slaver","floor":11,"turns":2},{"damage":3,"enemies":"Looter","floor":12,"turns":3},{"damage":4,"enemies":"Blue Slaver","floor":14,"turns":3},{"damage":33,"enemies":"Hexaghost","floor":16,"turns":10},{"damage":17,"enemies":"Chosen","floor":18,"turns":5},{"damage":0,"enemies":"Shell Parasite","floor":19,"turns":6},{"damage":2,"enemies":"3 Cultists","floor":20,"turns":6},{"damage":0,"enemies":"Snecko","floor":22,"turns":4},{"damage":34,"enemies":"Book of Stabbing","floor":24,"turns":8},{"damage":29,"enemies":"Slavers","floor":29,"turns":4},{"damage":0,"enemies":"Sentry and Sphere","floor":31,"turns":3},{"damage":20,"enemies":"Collector","floor":33,"turns":10},{"damage":0,"enemies":"Orb Walker","floor":35,"turns":2},{"damage":0,"enemies":"3 Shapes","floor":36,"turns":3},{"damage":11,"enemies":"Writhing Mass","floor":37,"turns":7},{"damage":27,"enemies":"Mind Bloom Boss Battle","floor":38,"turns":6},{"damage":14,"enemies":"Reptomancer","floor":40,"turns":6},{"damage":0,"enemies":"3 Darklings","floor":42,"turns":4},{"damage":43,"enemies":"Nemesis","floor":44,"turns":7},{"damage":0,"enemies":"Sphere and 2 Shapes","floor":47,"turns":3},{"damage":38,"enemies":"Giant Head","floor":48,"turns":10},{"damage":38,"enemies":"Donu and Deca","floor":50,"turns":11}],"seed_played":"-8904831791693215157","potions_obtained":[{"floor":1,"key":"Poison Potion"},{"floor":4,"key":"Regen Potion"},{"floor":5,"key":"Energy Potion"},{"floor":18,"key":"EssenceOfSteel"},{"floor":24,"key":"Swift Potion"},{"floor":31,"key":"SteroidPotion"},{"floor":33,"key":"FocusPotion"},{"floor":37,"key":"SteroidPotion"},{"floor":40,"key":"Regen Potion"},{"floor":42,"key":"SkillPotion"},{"floor":47,"key":"Dexterity Potion"}],"is_trial":false,"path_per_floor":["M","M","?","M","M","R","E","?","T","?","M","M","$","M","R","B",null,"M","M","M","?","M","$","E","$","T","R","T","E","$","M","R","B",null,"M","M","M","?","$","E","R","M","T","E","R","$","M","E","R","B",null],"character_chosen":"DEFECT","items_purchased":["Forethought","Melter","Conserve Battery","Lantern","Sunder","Jack Of All Trades","Meat on the Bone","Defragment"],"campfire_rested":1,"item_purchase_floors":[13,13,23,23,25,39,39,46],"current_hp_per_floor":[73,73,58,65,66,66,64,64,64,61,65,69,69,72,72,39,93,83,90,93,93,93,93,80,80,80,80,80,60,60,69,69,58,93,93,95,97,86,86,84,84,88,94,72,72,72,76,59,92,63],"gold":71,"neow_bonus":"TRANSFORM_CARD","is_prod":false,"is_daily":false,"chose_seed":false,"campfire_upgraded":6,"win_rate":0,"timestamp":1561847434,"path_taken":["M","M","?","M","M","R","E","?","T","?","M","M","?","M","R","BOSS","M","M","M","?","M","$","E","$","T","R","?","E","$","M","R","BOSS","M","M","M","?","?","E","R","M","T","E","R","$","M","E","R","BOSS"],"build_version":"2019-01-23","purchased_purges":1,"victory":true,"max_hp_per_floor":[75,75,75,75,75,75,75,75,75,75,75,75,75,75,75,75,93,93,93,93,93,93,93,93,93,93,93,93,93,93,93,93,93,93,93,95,101,101,101,101,101,103,109,109,109,109,111,111,111,111],"card_choices":[{"not_picked":["Recycle","Capacitor"],"picked":"Leap","floor":1},{"not_picked":["Barrage","Hologram"],"picked":"Self Repair","floor":2},{"not_picked":["Gash","Rainbow"],"picked":"Streamline","floor":4},{"not_picked":["Genetic Algorithm","Self Repair"],"picked":"Gash","floor":5},{"not_picked":["Stack","Lockon"],"picked":"Electrodynamics","floor":7},{"not_picked":["Cold Snap","Self Repair"],"picked":"Glacier","floor":10},{"not_picked":["Coolheaded","Cold Snap"],"picked":"Hologram","floor":11},{"not_picked":["Glacier","Gash"],"picked":"Loop","floor":12},{"not_picked":["Turbo","Hello World"],"picked":"Conserve Battery","floor":14},{"not_picked":["Buffer","Reboot"],"picked":"All For One","floor":16},{"not_picked":["Amplify","Ball Lightning"],"picked":"Coolheaded+1","floor":18},{"not_picked":["Barrage","Gash+1"],"picked":"Leap","floor":19},{"not_picked":["Reinforced Body","Cold Snap"],"picked":"Capacitor+1","floor":20},{"not_picked":["Buffer","Beam Cell"],"picked":"Gash+1","floor":22},{"not_picked":["Lockon","Stack"],"picked":"Double Energy+1","floor":24},{"not_picked":["Coolheaded+1","Stack"],"picked":"Leap+1","floor":29},{"not_picked":["Aggregate+1","Barrage+1"],"picked":"Undo+1","floor":31},{"not_picked":["Multi-Cast","Buffer"],"picked":"Amplify","floor":33},{"not_picked":["Gash+1","Barrage+1"],"picked":"Storm","floor":35},{"not_picked":["Recycle","Leap","Genetic Algorithm"],"picked":"Singing Bowl","floor":36},{"not_picked":["Heatsinks","Conserve Battery"],"picked":"Recycle+1","floor":37},{"not_picked":["Cold Snap+1","Fusion"],"picked":"Rebound","floor":38},{"not_picked":["Stack","Static Discharge"],"picked":"BootSequence+1","floor":40},{"not_picked":["Steam Power+1","Undo+1","Streamline"],"picked":"Singing Bowl","floor":42},{"not_picked":["Steam","Steam Power"],"picked":"Aggregate+1","floor":42},{"not_picked":["Coolheaded+1","Go for the Eyes"],"picked":"Capacitor","floor":44},{"not_picked":["Recycle+1","Rebound+1"],"picked":"Stack+1","floor":47},{"not_picked":["Undo","Steam Power+1","Electrodynamics"],"picked":"Singing Bowl","floor":47},{"not_picked":["Barrage","Sunder"],"picked":"Conserve Battery+1","floor":48}],"player_experience":513925,"relics_obtained":[{"floor":7,"key":"Darkstone Periapt"},{"floor":9,"key":"Bottled Tornado"},{"floor":10,"key":"Odd Mushroom"},{"floor":17,"key":"Pen Nib"},{"floor":17,"key":"Cables"},{"floor":17,"key":"Calipers"},{"floor":24,"key":"Singing Bowl"},{"floor":26,"key":"Blood Vial"},{"floor":28,"key":"Mummified Hand"},{"floor":29,"key":"Ancient Tea Set"},{"floor":38,"key":"Prayer Wheel"},{"floor":40,"key":"Oddly Smooth Stone"},{"floor":43,"key":"Gremlin Horn"},{"floor":44,"key":"War Paint"},{"floor":48,"key":"Pocketwatch"}],"event_choices":[{"damage_healed":0,"gold_gain":0,"player_choice":"Entered Light","damage_taken":15,"max_hp_gain":0,"max_hp_loss":0,"event_name":"Shining Light","floor":3,"gold_loss":0,"cards_upgraded":["Zap","Dualcast"]},{"damage_healed":0,"gold_gain":0,"cards_transformed":["Strike_B"],"player_choice":"Change","damage_taken":0,"max_hp_gain":0,"max_hp_loss":0,"event_name":"Living Wall","floor":8,"gold_loss":0,"cards_obtained":["Hello World"]},{"damage_healed":0,"gold_gain":0,"player_choice":"Fought Mushrooms","damage_taken":0,"max_hp_gain":0,"max_hp_loss":0,"event_name":"Mushrooms","floor":10,"gold_loss":0},{"damage_healed":0,"gold_gain":0,"player_choice":"Simplicity","damage_taken":0,"max_hp_gain":0,"max_hp_loss":0,"event_name":"Back to Basics","floor":21,"gold_loss":0,"cards_upgraded":["Strike_B","Strike_B","Defend_B","Defend_B","Defend_B","Defend_B"]},{"damage_healed":0,"gold_gain":0,"player_choice":"Fight","damage_taken":0,"max_hp_gain":0,"max_hp_loss":0,"event_name":"MindBloom","floor":38,"gold_loss":0}],"is_beta":false,"boss_relics":[{"not_picked":["Black Star","Fusion Hammer"],"picked":"Calling Bell"},{"not_picked":["Coffee Dripper","Snecko Eye"],"picked":"Cursed Key"}],"items_purged_floors":[30],"is_endless":false,"potions_floor_spawned":[1,4,5,11,14,18,24,31,33,37,40,42,47],"ascension_level":1}