{"gold_per_floor":[113,113,126,143,153,153,175,191,215,265,284,284,298,311,311,311],"floor_reached":16,"playtime":745,"items_purged":[],"score":187,"play_id":"0cf406a4-7e61-4000-85df-26083e28a0ba","local_time":"20190217161107","is_ascension_mode":true,"campfire_choices":[{"data":"Neutralize","floor":6,"key":"SMITH"},{"data":"Noxious Fumes","floor":12,"key":"SMITH"},{"data":"Dodge and Roll","floor":15,"key":"SMITH"}],"neow_cost":"NONE","seed_source_timestamp":0,"circlet_count":0,"master_deck":["AscendersBane","Defend_G","Defend_G","Defend_G","Defend_G","Defend_G","Strike_G","Strike_G","Strike_G","Strike_G","Strike_G","Survivor","Neutralize+1","Crippling Poison","Predator","Escape Plan","Dodge and Roll+1","Crippling Poison","Adrenaline","Noxious Fumes+1","Dodge and Roll","Cloak And Dagger"],"special_seed":0,"relics":["Ring of the Snake","Odd Mushroom","Oddly Smooth Stone"],"potions_floor_usage":[7,16,16],"damage_taken":[{"damage":2,"enemies":"2 Louse","floor":1,"turns":3},{"damage":0,"enemies":"Small Slimes","floor":3,"turns":5},{"damage":0,"enemies":"Cultist","floor":4,"turns":4},{"damage":7,"enemies":"2 Fungi Beasts","floor":5,"turns":4},{"damage":1,"enemies":"The Mushroom Lair","floor":7,"turns":3},{"damage":0,"enemies":"Looter","floor":8,"turns":5},{"damage":8,"enemies":"Large Slime","floor":11,"turns":9},{"damage":0,"enemies":"Exordium Thugs","floor":13,"turns":6},{"damage":13,"enemies":"3 Louse","floor":14,"turns":3},{"damage":44,"enemies":"Slime Boss","floor":16,"turns":9}],"seed_played":"-5562572237170653349","potions_obtained":[{"floor":4,"key":"Fire Potion"},{"floor":5,"key":"AttackPotion"},{"floor":13,"key":"GamblersBrew"}],"is_trial":false,"path_per_floor":["M","?","M","M","M","R","?","M","T","?","M","R","M","M","R","B"],"character_chosen":"THE_SILENT","items_purchased":[],"campfire_rested":0,"item_purchase_floors":[],"current_hp_per_floor":[63,68,68,68,61,61,60,60,60,60,52,52,52,39,39,0],"gold":311,"neow_bonus":"TEN_PERCENT_HP_BONUS","is_prod":false,"is_daily":false,"chose_seed":false,"campfire_upgraded":3,"win_rate":0,"timestamp":1550437867,"path_taken":["M","?","M","M","M","R","?","M","T","?","?","R","M","M","R","BOSS"],"build_version":"2019-02-06","purchased_purges":0,"victory":false,"max_hp_per_floor":[72,77,77,77,77,77,77,77,77,77,77,77,77,77,77,77],"card_choices":[{"not_picked":["Poisoned Stab","Blade Dance"],"picked":"Crippling Poison","floor":1},{"not_picked":["Quick Slash","Dodge and Roll"],"picked":"Predator","floor":3},{"not_picked":["Dagger Throw","Calculated Gamble"],"picked":"Escape Plan","floor":4},{"not_picked":["Masterful Stab","Choke"],"picked":"Dodge and Roll","floor":5},{"not_picked":["Accuracy","Dagger Spray"],"picked":"Crippling Poison","floor":7},{"not_picked":["Masterful Stab","Acrobatics"],"picked":"Adrenaline","floor":8},{"not_picked":["All Out Attack","Underhanded Strike"],"picked":"Noxious Fumes","floor":11},{"not_picked":["Quick Slash","Poisoned Stab"],"picked":"Dodge and Roll","floor":13},{"not_picked":["Quick Slash","Setup"],"picked":"Cloak And Dagger","floor":14}],"player_experience":987080,"relics_obtained":[{"floor":7,"key":"Odd Mushroom"},{"floor":9,"key":"Oddly Smooth Stone"}],"event_choices":[{"damage_healed":0,"gold_gain":0,"player_choice":"Donut","damage_taken":0,"max_hp_gain":5,"max_hp_loss":0,"event_name":"Big Fish","floor":2,"gold_loss":0},{"damage_healed":0,"gold_gain":0,"player_choice":"Fought Mushrooms","damage_taken":0,"max_hp_gain":0,"max_hp_loss":0,"event_name":"Mushrooms","floor":7,"gold_loss":0},{"damage_healed":0,"gold_gain":50,"player_choice":"Pray","damage_taken":0,"max_hp_gain":0,"max_hp_loss":0,"event_name":"Golden Shrine","floor":10,"gold_loss":0}],"is_beta":true,"boss_relics":[],"items_purged_floors":[],"is_endless":false,"potions_floor_spawned":[4,5,13,14],"killed_by":"Slime Boss","ascension_level":19}