{"gold_per_floor":[111,111,127,127,127,171,189,228,228,228,244,269,283,283],"floor_reached":14,"playtime":446,"items_purged":[],"score":140,"play_id":"b58f60fa-f12d-41df-82c3-9d9f6d3b19ac","local_time":"20190609154502","is_ascension_mode":true,"campfire_choices":[{"floor":10,"key":"REST"}],"neow_cost":"NONE","seed_source_timestamp":253217586119197,"circlet_count":0,"master_deck":["Defend_G","Defend_G","Defend_G","Defend_G","Defend_G","Strike_G","Strike_G","Strike_G","Strike_G","Strike_G","Survivor","Neutralize","Poisoned Stab","Regret","Caltrops","Injury","Blur","Deadly Poison","Poisoned Stab","Outmaneuver","Bouncing Flask","Bane"],"relics":["Ring of the Snake","NeowsBlessing","The Courier","Golden Idol","Mercury Hourglass","Darkstone Periapt","Mummified Hand"],"potions_floor_usage":[14],"damage_taken":[{"damage":0,"enemies":"Cultist","floor":1,"turns":1},{"damage":0,"enemies":"2 Louse","floor":3,"turns":1},{"damage":0,"enemies":"Gremlin Nob","floor":6,"turns":1},{"damage":3,"enemies":"Jaw Worm","floor":7,"turns":4},{"damage":42,"enemies":"Lagavulin","floor":8,"turns":9},{"damage":11,"enemies":"Blue Slaver","floor":11,"turns":3},{"damage":5,"enemies":"Red Slaver","floor":12,"turns":3},{"damage":11,"enemies":"Looter","floor":13,"turns":3},{"damage":33,"enemies":"Gremlin Nob","floor":14,"turns":4}],"seed_played":"-8347088223043175337","potions_obtained":[{"floor":3,"key":"SteroidPotion"},{"floor":8,"key":"FairyPotion"},{"floor":12,"key":"LiquidBronze"}],"is_trial":false,"path_per_floor":["M","?","M","?","?","E","M","E","T","R","M","M","M","E"],"character_chosen":"THE_SILENT","items_purchased":[],"campfire_rested":1,"item_purchase_floors":[],"current_hp_per_floor":[70,70,70,70,70,70,67,25,25,46,35,30,19,0],"gold":283,"neow_bonus":"THREE_ENEMY_KILL","is_prod":false,"is_daily":false,"chose_seed":false,"campfire_upgraded":0,"win_rate":0,"timestamp":1560109502,"path_taken":["M","?","M","?","?","E","?","E","T","R","M","M","M","E"],"build_version":"2019-01-23","purchased_purges":0,"victory":false,"max_hp_per_floor":[70,70,70,70,70,70,70,70,70,70,70,70,70,70],"card_choices":[{"not_picked":["Dodge and Roll","Acrobatics"],"picked":"Poisoned Stab","floor":1},{"not_picked":["Dagger Throw","Poisoned Stab"],"picked":"Caltrops","floor":3},{"not_picked":["Underhanded Strike","Dodge and Roll"],"picked":"Blur","floor":6},{"not_picked":["Sucker Punch","PiercingWail"],"picked":"Deadly Poison","floor":7},{"not_picked":["Skewer","Endless Agony"],"picked":"Poisoned Stab","floor":8},{"not_picked":["Calculated Gamble","Predator"],"picked":"Outmaneuver","floor":11},{"not_picked":["Cloak And Dagger","Dagger Throw"],"picked":"Bouncing Flask","floor":12},{"not_picked":["Deflect","Die Die Die"],"picked":"Bane","floor":13}],"player_experience":446084,"relics_obtained":[{"floor":6,"key":"Mercury Hourglass"},{"floor":8,"key":"Darkstone Periapt"},{"floor":9,"key":"Mummified Hand"}],"event_choices":[{"damage_healed":0,"gold_gain":0,"player_choice":"Box","damage_taken":0,"relics_obtained":["The Courier"],"max_hp_gain":0,"max_hp_loss":0,"event_name":"Big Fish","floor":2,"gold_loss":0,"cards_obtained":["Regret"]},{"damage_healed":0,"gold_gain":0,"player_choice":"Leave","damage_taken":0,"max_hp_gain":0,"max_hp_loss":0,"event_name":"The Cleric","floor":4,"gold_loss":0},{"damage_healed":0,"gold_gain":0,"player_choice":"Take Wound","damage_taken":0,"relics_obtained":["Golden Idol"],"max_hp_gain":0,"max_hp_loss":0,"event_name":"Golden Idol","floor":5,"gold_loss":0,"cards_obtained":["Injury"]}],"is_beta":false,"boss_relics":[],"items_purged_floors":[],"is_endless":false,"potions_floor_spawned":[3,8,12,13],"killed_by":"Gremlin Nob","ascension_level":2}