{"gold_per_floor":[119,136,155,1,0,0,20,20,94,94,105,122,122,138,138,214,214,232,250,250,250,262,262,212,2,52,86,86,96,96,111,111,185,185,204,204,220,238,57,57],"floor_reached":40,"playtime":2821,"items_purged":["Strike_R","Normality"],"score":750,"play_id":"957f1ed2-77c9-41c0-8a4d-fb492385a345","local_time":"20190117102228","is_ascension_mode":true,"campfire_choices":[{"floor":6.0,"key":"DIG"},{"floor":8.0,"key":"DIG"},{"floor":10.0,"key":"DIG"},{"floor":15.0,"key":"DIG"},{"floor":23.0,"key":"DIG"},{"floor":28.0,"key":"DIG"},{"floor":32.0,"key":"DIG"}],"neow_cost":"PERCENT_DAMAGE","seed_source_timestamp":570064244505256,"circlet_count":0,"master_deck":["AscendersBane","Strike_R","Strike_R","Strike_R","Defend_R","Defend_R","Defend_R","Defend_R","Bash","True Grit","Ghostly Armor","Disarm","Disarm","Body Slam","Inflame","Feel No Pain","Shrug It Off","Intimidate","Feed","Clumsy","Clumsy","Burning Pact","Writhe","Feel No Pain+1","Offering","Juggernaut+1"],"special_seed":0,"relics":["Burning Blood","Shovel","Dream Catcher","Regal Pillow","Darkstone Periapt","Dead Branch","Anchor","Pen Nib","Calling Bell","Vajra","Singing Bowl","Nunchaku","Frozen Egg 2","Happy Flower","Lee\u0027s Waffle","Bag of Preparation","Gremlin Horn","Sundial","Omamori","Mummified Hand","Runic Cube"],"potions_floor_usage":[33,35],"damage_taken":[{"damage":1.0,"enemies":"Cultist","floor":1.0,"turns":3.0},{"damage":1.0,"enemies":"Jaw Worm","floor":2.0,"turns":5.0},{"damage":1.0,"enemies":"Small Slimes","floor":3.0,"turns":5.0},{"damage":0.0,"enemies":"Looter","floor":5.0,"turns":5.0},{"damage":16.0,"enemies":"Exordium Thugs","floor":7.0,"turns":7.0},{"damage":0.0,"enemies":"Blue Slaver","floor":11.0,"turns":8.0},{"damage":3.0,"enemies":"2 Fungi Beasts","floor":12.0,"turns":6.0},{"damage":3.0,"enemies":"Large Slime","floor":14.0,"turns":12.0},{"damage":32.0,"enemies":"Hexaghost","floor":16.0,"turns":8.0},{"damage":17.0,"enemies":"Chosen","floor":18.0,"turns":10.0},{"damage":16.0,"enemies":"2 Thieves","floor":19.0,"turns":5.0},{"damage":6.0,"enemies":"Snake Plant","floor":22.0,"turns":5.0},{"damage":34.0,"enemies":"Book of Stabbing","floor":27.0,"turns":11.0},{"damage":8.0,"enemies":"Shelled Parasite and Fungi","floor":29.0,"turns":7.0},{"damage":16.0,"enemies":"Centurion and Healer","floor":31.0,"turns":8.0},{"damage":40,"enemies":"Automaton","floor":33,"turns":11},{"damage":10,"enemies":"3 Darklings","floor":35,"turns":6},{"damage":26,"enemies":"Orb Walker","floor":37,"turns":7},{"damage":26,"enemies":"Jaw Worm Horde","floor":38,"turns":5},{"damage":74,"enemies":"Giant Head","floor":40,"turns":7}],"seed_played":"-9083052733746130072","potions_obtained":[{"floor":2.0,"key":"Ancient Potion"},{"floor":3.0,"key":"Block Potion"},{"floor":11.0,"key":"EntropicBrew"},{"floor":19.0,"key":"PowerPotion"},{"floor":27.0,"key":"PowerPotion"},{"floor":31.0,"key":"Explosive Potion"}],"is_trial":false,"path_per_floor":["M","M","M","$","M","R","M","R","T","R","M","M","?","M","R","B",null,"M","M","T","?","M","R","?","$","T","E","R","M","?","M","R","B",null,"M","?","M","M","$","E"],"character_chosen":"IRONCLAD","items_purchased":["Disarm","Lee\u0027s Waffle","Juggernaut+1"],"campfire_rested":0,"item_purchase_floors":[4,25,39],"current_hp_per_floor":[55,60,65,65,71,71,61,61,61,61,67,70,70,73,73,47,86,77,67,67,67,69,69,69,104,104,78,78,78,84,77,77,47,103,101,101,86,71,71,0],"gold":57,"neow_bonus":"ONE_RARE_RELIC","is_prod":false,"is_daily":false,"chose_seed":false,"campfire_upgraded":0,"win_rate":0,"timestamp":1547738548,"path_taken":["M","?","M","$","M","R","M","R","T","R","M","M","?","M","R","BOSS","M","M","?","?","M","R","?","$","T","E","R","?","?","M","R","BOSS","M","?","M","M","$","E"],"build_version":"2019-01-16","purchased_purges":2,"victory":false,"max_hp_per_floor":[75,75,75,75,75,75,75,75,75,75,75,75,75,75,75,75,93,95,95,95,95,97,97,97,104,104,106,106,108,114,117,117,121,121,123,123,128,133,133,133],"card_choices":[{"not_picked":["Heavy Blade","Body Slam"],"picked":"True Grit","floor":1.0},{"not_picked":["Perfected Strike","Anger"],"picked":"Ghostly Armor","floor":2.0},{"not_picked":["Burning Pact","Perfected Strike"],"picked":"Disarm","floor":3.0},{"not_picked":["Wild Strike","Twin Strike"],"picked":"Body Slam","floor":5.0},{"not_picked":["Blood for Blood","Combust"],"picked":"Inflame","floor":7.0},{"not_picked":["Pommel Strike","Immolate"],"picked":"Feel No Pain","floor":11.0},{"not_picked":["Sword Boomerang","Entrench"],"picked":"Shrug It Off","floor":12.0},{"not_picked":["Clash","Power Through"],"picked":"Intimidate","floor":14.0},{"not_picked":["Dark Embrace","Demon Form"],"picked":"Feed","floor":16.0},{"not_picked":["Twin Strike","Perfected Strike","Dual Wield"],"picked":"Singing Bowl","floor":18.0},{"not_picked":["Shrug It Off","Clash+1"],"picked":"Burning Pact","floor":19.0},{"not_picked":["Carnage+1","Warcry","Reckless Charge+1"],"picked":"Singing Bowl","floor":22.0},{"not_picked":["Blood for Blood","Flex","Anger"],"picked":"Singing Bowl","floor":27.0},{"not_picked":["Rupture+1","True Grit","Whirlwind"],"picked":"Singing Bowl","floor":29.0},{"not_picked":["Cleave","Clash"],"picked":"Feel No Pain+1","floor":31.0},{"not_picked":["Feed","Dark Embrace+1"],"picked":"Offering","floor":33},{"not_picked":["Cleave+1","Hemokinesis+1","Reckless Charge"],"picked":"Singing Bowl","floor":35},{"not_picked":["Twin Strike","Wild Strike","Thunderclap+1"],"picked":"Singing Bowl","floor":37},{"not_picked":["Perfected Strike","Cleave","Sword Boomerang"],"picked":"Singing Bowl","floor":38}],"player_experience":845772,"relics_obtained":[{"floor":6.0,"key":"Dream Catcher"},{"floor":8.0,"key":"Regal Pillow"},{"floor":9.0,"key":"Darkstone Periapt"},{"floor":10.0,"key":"Dead Branch"},{"floor":13.0,"key":"Anchor"},{"floor":15.0,"key":"Pen Nib"},{"floor":17.0,"key":"Vajra"},{"floor":17.0,"key":"Singing Bowl"},{"floor":17.0,"key":"Nunchaku"},{"floor":20.0,"key":"Frozen Egg 2"},{"floor":23.0,"key":"Happy Flower"},{"floor":26.0,"key":"Bag of Preparation"},{"floor":27.0,"key":"Gremlin Horn"},{"floor":28.0,"key":"Sundial"},{"floor":32.0,"key":"Mummified Hand"}],"event_choices":[{"damage_healed":0.0,"max_hp_gain":0.0,"max_hp_loss":0.0,"gold_gain":0.0,"event_name":"Wheel of Change","player_choice":"Relic","floor":13.0,"gold_loss":0.0,"damage_taken":0.0},{"damage_healed":0.0,"max_hp_gain":0.0,"max_hp_loss":0.0,"gold_gain":0.0,"event_name":"Ghosts","player_choice":"Ignored","floor":21.0,"gold_loss":0.0,"damage_taken":0.0},{"damage_healed":0.0,"max_hp_gain":0.0,"max_hp_loss":0.0,"gold_gain":0.0,"event_name":"The Joust","player_choice":"Bet on Murderer","floor":24.0,"gold_loss":50.0,"damage_taken":0.0},{"damage_healed":0.0,"max_hp_gain":0.0,"max_hp_loss":0.0,"gold_gain":0.0,"event_name":"The Mausoleum","player_choice":"Opened","floor":30.0,"gold_loss":0.0,"damage_taken":0.0,"relics_obtained":["Omamori"],"cards_obtained":["Writhe"]},{"cards_removed":["Strike_R"],"damage_healed":0,"gold_gain":0,"player_choice":"Removed Attack","damage_taken":0,"max_hp_gain":0,"max_hp_loss":0,"event_name":"Falling","floor":36,"gold_loss":0}],"is_beta":true,"boss_relics":[{"not_picked":["Lizard Tail","Pandora\u0027s Box"],"picked":"Calling Bell"},{"not_picked":["Black Blood","Coffee Dripper"],"picked":"Runic Cube"}],"items_purged_floors":[4,39],"is_endless":false,"potions_floor_spawned":[2,3,7,11,19,27,31],"killed_by":"Giant Head","ascension_level":15}