{"gold_per_floor":[110,128,128,128,128,128,140,157,157,174,194,205,205,205,205,281,331,346,25,37,37,55,55,70,87,87,99,99,99,109,138,138,212,212,224,224,224,235,7,7,42,42,42,42,72,89,89,89,89,89],"floor_reached":51,"playtime":3755,"items_purged":["Strike_G"],"score":1187,"play_id":"8d24dbae-f32a-435d-a459-0871a465e622","local_time":"20190116033248","is_ascension_mode":true,"campfire_choices":[{"floor":6.0,"key":"REST"},{"data":"Noxious Fumes","floor":13.0,"key":"SMITH"},{"data":"Dodge and Roll","floor":15.0,"key":"SMITH"},{"data":"After Image","floor":23.0,"key":"SMITH"},{"data":"Malaise","floor":28.0,"key":"SMITH"},{"floor":32.0,"key":"REST"},{"data":"Noxious Fumes","floor":40.0,"key":"SMITH"},{"floor":44,"key":"REST"},{"floor":47,"key":"REST"},{"floor":49,"key":"REST"}],"neow_cost":"PERCENT_DAMAGE","seed_source_timestamp":458214662500233,"circlet_count":0,"master_deck":["AscendersBane","Defend_G","Defend_G+1","Defend_G","Defend_G","Defend_G","Strike_G","Strike_G","Strike_G","Strike_G","Survivor","Neutralize","Panacea+1","Impatience","PiercingWail+1","Footwork+1","Noxious Fumes+1","Dodge and Roll+1","Deflect","After Image+1","Quick Slash","Malaise+1","PiercingWail","Dagger Throw+1","Adrenaline","PiercingWail","Infinite Blades","Bouncing Flask","Well Laid Plans+1","Acrobatics","Infinite Blades","Malaise","Infinite Blades","Noxious Fumes+1","After Image+1"],"special_seed":0,"relics":["Ring of the Snake","Ninja Scroll","Bag of Preparation","NlothsMask","Tiny House","Gremlin Horn","MutagenicStrength","Singing Bowl","WristBlade","Bronze Scales","Blood Vial","Bottled Lightning","Bag of Marbles"],"potions_floor_usage":[41,45,50],"damage_taken":[{"damage":0.0,"enemies":"Small Slimes","floor":1.0,"turns":6.0},{"damage":0.0,"enemies":"2 Louse","floor":2.0,"turns":6.0},{"damage":0.0,"enemies":"Cultist","floor":7.0,"turns":4.0},{"damage":0.0,"enemies":"Blue Slaver","floor":8.0,"turns":5.0},{"damage":0.0,"enemies":"Lots of Slimes","floor":10.0,"turns":8.0},{"damage":2.0,"enemies":"3 Louse","floor":11.0,"turns":4.0},{"damage":0.0,"enemies":"Large Slime","floor":12.0,"turns":9.0},{"damage":28.0,"enemies":"Slime Boss","floor":16.0,"turns":14.0},{"damage":0.0,"enemies":"3 Byrds","floor":18.0,"turns":7.0},{"damage":0.0,"enemies":"Shell Parasite","floor":20.0,"turns":8.0},{"damage":0.0,"enemies":"Shelled Parasite and Fungi","floor":22.0,"turns":8.0},{"damage":6.0,"enemies":"Snecko","floor":24.0,"turns":12.0},{"damage":0.0,"enemies":"Centurion and Healer","floor":25.0,"turns":10.0},{"damage":12.0,"enemies":"3 Cultists","floor":27.0,"turns":6.0},{"damage":0.0,"enemies":"Snake Plant","floor":30.0,"turns":6.0},{"damage":9.0,"enemies":"Slavers","floor":31.0,"turns":8.0},{"damage":54.0,"enemies":"Automaton","floor":33.0,"turns":16.0},{"damage":9.0,"enemies":"Orb Walker","floor":35.0,"turns":5.0},{"damage":0.0,"enemies":"3 Shapes","floor":38.0,"turns":6.0},{"damage":38,"enemies":"Giant Head","floor":41,"turns":10},{"damage":10,"enemies":"Reptomancer","floor":45,"turns":7},{"damage":24,"enemies":"Maw","floor":46,"turns":10},{"damage":59,"enemies":"Donu and Deca","floor":50,"turns":10}],"seed_played":"-7016780328408641079","potions_obtained":[{"floor":7.0,"key":"Regen Potion"},{"floor":10.0,"key":"Energy Potion"},{"floor":12.0,"key":"FairyPotion"},{"floor":17.0,"key":"FearPotion"},{"floor":25.0,"key":"Swift Potion"},{"floor":31.0,"key":"GamblersBrew"},{"floor":35.0,"key":"Strength Potion"},{"floor":41,"key":"Energy Potion"},{"floor":46,"key":"FearPotion"}],"is_trial":false,"path_per_floor":["M","M","?","?","?","R","M","M","T","M","M","M","R","?","R","B",null,"M","$","M","?","M","R","M","M","T","M","R","?","M","E","R","B",null,"M","?","?","M","$","R","E","?","T","R","E","M","R","?","R","B",null],"character_chosen":"THE_SILENT","items_purchased":["Adrenaline","Gremlin Horn","Bronze Scales"],"campfire_rested":5,"item_purchase_floors":[19,19,39],"current_hp_per_floor":[44,44,37,24,24,43,43,43,43,43,41,41,41,41,41,28,62,62,62,62,62,62,62,56,56,56,44,44,44,44,37,58,6,58,49,49,49,49,49,49,13,13,13,36,30,10,34,36,60,3],"gold":89,"neow_bonus":"RANDOM_COLORLESS_2","is_prod":false,"is_daily":false,"chose_seed":false,"campfire_upgraded":5,"win_rate":0,"timestamp":1547627568,"path_taken":["M","M","?","?","?","R","M","M","T","M","M","?","R","?","R","BOSS","M","?","M","?","M","R","M","M","T","M","R","?","?","E","R","BOSS","M","?","?","?","$","R","E","?","T","R","E","?","R","?","R","BOSS"],"build_version":"2019-01-14v2","purchased_purges":1,"victory":true,"max_hp_per_floor":[66,66,66,66,66,66,66,66,66,66,66,66,66,66,66,66,71,71,71,71,71,71,71,71,71,71,71,71,71,71,73,73,75,75,75,75,75,75,75,75,77,77,77,77,79,81,81,83,83,83],"card_choices":[{"not_picked":["Setup","Deflect"],"picked":"PiercingWail","floor":1.0},{"not_picked":["Deadly Poison","Expertise"],"picked":"Footwork","floor":2.0},{"not_picked":["Dagger Throw","Dodge and Roll"],"picked":"Noxious Fumes","floor":7.0},{"not_picked":["Finisher","PiercingWail"],"picked":"Dodge and Roll","floor":8.0},{"not_picked":["Cloak And Dagger","Underhanded Strike"],"picked":"Deflect","floor":10.0},{"not_picked":["Noxious Fumes","Expertise"],"picked":"After Image","floor":11.0},{"not_picked":["Flying Knee","Sucker Punch"],"picked":"Quick Slash","floor":12.0},{"not_picked":["Doppelganger","Glass Knife"],"picked":"Malaise","floor":16.0},{"not_picked":["Riddle With Holes","Sucker Punch"],"picked":"PiercingWail","floor":17.0},{"not_picked":["Calculated Gamble","Slice"],"picked":"Dagger Throw+1","floor":18.0},{"not_picked":["Tactician","Quick Slash"],"picked":"PiercingWail","floor":20.0},{"not_picked":["PiercingWail","Quick Slash+1"],"picked":"Infinite Blades","floor":22.0},{"not_picked":["Reflex","Tactician"],"picked":"Bouncing Flask","floor":24.0},{"not_picked":["Outmaneuver","Sucker Punch"],"picked":"Well Laid Plans","floor":25.0},{"not_picked":["All Out Attack","Deadly Poison","Concentrate"],"picked":"SKIP","floor":27.0},{"not_picked":["Wraith Form v2","Deflect"],"picked":"Acrobatics","floor":30.0},{"not_picked":["Deadly Poison","Distraction","Blade Dance"],"picked":"Singing Bowl","floor":31.0},{"not_picked":["Storm of Steel","Doppelganger","Grand Finale"],"picked":"Singing Bowl","floor":33.0},{"not_picked":["Expertise","Bane+1"],"picked":"Infinite Blades","floor":35.0},{"not_picked":["Accuracy","Caltrops"],"picked":"Noxious Fumes","floor":38.0},{"not_picked":["Choke+1","Backflip","Predator+1"],"picked":"Singing Bowl","floor":41},{"not_picked":["Dagger Spray+1","Outmaneuver+1","Flying Knee+1"],"picked":"Singing Bowl","floor":45},{"not_picked":["Poisoned Stab","Cloak And Dagger","Calculated Gamble"],"picked":"Singing Bowl","floor":46},{"not_picked":["Deep Breath","Madness","Enlightenment"],"picked":"Singing Bowl","floor":48}],"player_experience":819788,"relics_obtained":[{"floor":9.0,"key":"Bag of Preparation"},{"floor":31.0,"key":"Singing Bowl"},{"floor":41,"key":"Blood Vial"},{"floor":43,"key":"Bottled Lightning"},{"floor":45,"key":"Bag of Marbles"}],"event_choices":[{"damage_healed":0.0,"max_hp_gain":0.0,"max_hp_loss":0.0,"gold_gain":0.0,"event_name":"Scrap Ooze","player_choice":"Success","floor":3.0,"gold_loss":0.0,"damage_taken":7.0,"relics_obtained":["Ninja Scroll"]},{"damage_healed":0.0,"max_hp_gain":0.0,"max_hp_loss":0.0,"gold_gain":0.0,"event_name":"Shining Light","player_choice":"Entered Light","floor":4.0,"gold_loss":0.0,"damage_taken":13.0,"cards_upgraded":["Panacea","Defend_G"]},{"damage_healed":0.0,"max_hp_gain":0.0,"max_hp_loss":0.0,"gold_gain":0.0,"event_name":"Upgrade Shrine","player_choice":"Upgraded","floor":5.0,"gold_loss":0.0,"damage_taken":0.0,"cards_upgraded":["Footwork"]},{"damage_healed":0.0,"max_hp_gain":0.0,"max_hp_loss":0.0,"gold_gain":0.0,"event_name":"FaceTrader","player_choice":"Trade","floor":14.0,"gold_loss":0.0,"damage_taken":0.0,"relics_obtained":["NlothsMask"]},{"damage_healed":0.0,"max_hp_gain":0.0,"max_hp_loss":0.0,"gold_gain":0.0,"event_name":"Drug Dealer","player_choice":"Inject Mutagens","floor":21.0,"gold_loss":0.0,"damage_taken":0.0,"relics_obtained":["MutagenicStrength"]},{"damage_healed":0.0,"max_hp_gain":0.0,"max_hp_loss":0.0,"gold_gain":0.0,"event_name":"Upgrade Shrine","player_choice":"Upgraded","floor":29.0,"gold_loss":0.0,"damage_taken":0.0,"cards_upgraded":["Well Laid Plans"]},{"damage_healed":0.0,"max_hp_gain":0.0,"max_hp_loss":0.0,"gold_gain":0.0,"event_name":"Mysterious Sphere","player_choice":"Ignored","floor":36.0,"gold_loss":0.0,"damage_taken":0.0},{"damage_healed":0.0,"max_hp_gain":0.0,"max_hp_loss":0.0,"gold_gain":0.0,"event_name":"Match and Keep!","player_choice":"2 cards matched","floor":37.0,"gold_loss":0.0,"damage_taken":0.0,"cards_obtained":["Malaise","Infinite Blades"]},{"damage_healed":0,"gold_gain":0,"player_choice":"Copied","damage_taken":0,"max_hp_gain":0,"max_hp_loss":0,"event_name":"Duplicator","floor":42,"gold_loss":0,"cards_obtained":["After Image"]},{"damage_healed":0,"gold_gain":0,"player_choice":"Memory 1","damage_taken":0,"max_hp_gain":0,"max_hp_loss":0,"event_name":"SensoryStone","floor":48,"gold_loss":0}],"is_beta":true,"boss_relics":[{"not_picked":["Velvet Choker","Orrery"],"picked":"Tiny House"},{"not_picked":["Sozu","Pandora\u0027s Box"],"picked":"WristBlade"}],"items_purged_floors":[39],"is_endless":false,"potions_floor_spawned":[7,10,12,25,27,30,31,35,41,46],"ascension_level":14}