{"path_per_floor":["M","?","?","M","M","R","?","M","T","$","R","?","R","M","R","B",null,"M","?","M","?","$","R","M","?","T","R","M","R","?","M","R","B",null,"M","?","M"],"character_chosen":"IRONCLAD","items_purchased":["Pen Nib","Centennial Puzzle"],"gold_per_floor":[112,112,112,130,145,145,145,168,193,42,42,117,117,133,133,257,257,277,277,290,290,51,51,65,65,65,65,90,90,90,108,108,228,228,252,252,270],"floor_reached":38,"campfire_rested":2,"playtime":2428,"current_hp_per_floor":[80,60,60,60,55,55,48,39,39,39,39,28,52,58,58,51,80,66,66,63,63,63,80,71,71,71,71,69,69,69,76,76,47,95,82,82,66],"items_purged":[],"gold":270,"score":339,"play_id":"17a8548b-a858-4401-bf61-087adeebf16a","is_prod":false,"is_daily":false,"is_ascension_mode":false,"campfire_upgraded":6,"path_taken":["M","?","?","M","M","R","?","M","T","$","R","?","R","?","R","BOSS","M","?","?","?","$","R","M","?","T","R","M","R","?","?","R","BOSS","M","?","?","?"],"build_version":"2018-02-08-PROD1","purchased_purges":1,"victory":false,"master_deck":["Strike_R","Strike_R","Defend_R+1","Defend_R","Defend_R+1","Bash+1","Spot Weakness+1","Armaments+1","Metallicize+1","Feed+1","Uppercut+1","Spot Weakness+1","Shockwave+1","Metallicize+1","Metallicize+1","Iron Wave+1","Body Slam+1"],"max_hp_per_floor":[80,80,80,80,80,80,80,80,80,80,80,80,80,80,80,80,80,80,80,80,80,80,80,83,83,83,83,87,87,87,91,91,95,95,99,99,103],"relics":["Burning Blood","Golden Idol","War Paint","Vajra","Pen Nib","Astrolabe","Centennial Puzzle","Gambling Chip","Black Star"],"card_choices":[{"not_picked":["Intimidate","Berserk"],"picked":"Spot Weakness"},{"not_picked":["Sword Boomerang","Shrug It Off"],"picked":"Armaments"},{"not_picked":["Shrug It Off","Bloodletting"],"picked":"Metallicize"},{"not_picked":["Juggernaut","Barricade"],"picked":"Feed"},{"not_picked":["Iron Wave","Twin Strike"],"picked":"Metallicize"},{"not_picked":["Flex","Pommel Strike"],"picked":"Iron Wave"},{"not_picked":["Seeing Red","Corruption"],"picked":"Body Slam"}],"player_experience":65988,"potions_floor_usage":[18,28,28,33,33,38,38],"damage_taken":[{"damage":2,"enemies":"2 Louse","floor":1,"turns":3},{"damage":6,"enemies":"Cultist","floor":4,"turns":3},{"damage":11,"enemies":"Jaw Worm","floor":5,"turns":2},{"damage":15,"enemies":"2 Fungi Beasts","floor":8,"turns":5},{"damage":0,"enemies":"Red Slaver","floor":14,"turns":4},{"damage":13,"enemies":"The Guardian","floor":16,"turns":7},{"damage":20,"enemies":"Spheric Guardian","floor":18,"turns":6},{"damage":9,"enemies":"3 Byrds","floor":20,"turns":7},{"damage":18,"enemies":"Centurion and Healer","floor":24,"turns":8},{"damage":24,"enemies":"Cultist and Chosen","floor":28,"turns":11},{"damage":3,"enemies":"Snake Plant","floor":31,"turns":5},{"damage":54,"enemies":"Champ","floor":33,"turns":14},{"damage":23,"enemies":"3 Darklings","floor":35,"turns":8},{"damage":26,"enemies":"3 Shapes","floor":37,"turns":11},{"damage":105,"enemies":"Mysterious Sphere","floor":38,"turns":10}],"event_choices":[{"event_name":"Golden Idol","player_choice":"Take Damage","floor":2,"damage_taken":0},{"event_name":"Living Wall","player_choice":"Grow","floor":3,"damage_taken":0},{"event_name":"Scrap Ooze","player_choice":"success","floor":7,"damage_taken":7},{"event_name":"World of Goop","player_choice":"Gather Gold","floor":12,"damage_taken":0},{"event_name":"Vampires","player_choice":"Ignored","floor":19,"damage_taken":0},{"event_name":"The Library","player_choice":"Read","floor":21,"damage_taken":0},{"event_name":"The Woman in Blue","player_choice":"Bought 0 Potions","floor":25,"damage_taken":0},{"event_name":"Back to Basics","player_choice":"Elegance","floor":30,"damage_taken":0},{"event_name":"Upgrade Shrine","player_choice":"Upgraded","floor":36,"damage_taken":0},{"event_name":"Mysterious Sphere","player_choice":"Fight","floor":38,"damage_taken":0}],"boss_relics":[{"not_picked":["Eternal Feather","Cursed Key"],"picked":"Astrolabe"},{"not_picked":["Lizard Tail","Runic Pyramid"],"picked":"Black Star"}],"potions_floor_spawned":[1,4,5,20,24,31,33,37],"seed_played":"7246752686469329725","killed_by":"Mysterious Sphere","ascension_level":0,"is_trial":false}