{"gold_per_floor":[109,109,64,83,94,121,121,121,121,141,141,153,164,182,182,285,285,265,329,379,445,585,604,604,604],"floor_reached":25,"playtime":1762,"items_purged":[],"score":228,"play_id":"b2445dea-d392-45ab-b806-9153ce97b02a","local_time":"20190711173752","is_ascension_mode":true,"campfire_choices":[{"data":"Streamline","floor":7.0,"key":"SMITH"},{"data":"Glacier","floor":15.0,"key":"SMITH"},{"data":"Conserve Battery","floor":24,"key":"SMITH"}],"neow_cost":"NONE","seed_source_timestamp":0,"circlet_count":0,"master_deck":["Strike_B","Strike_B","Strike_B","Strike_B","Defend_B","Defend_B","Defend_B","Defend_B","Zap","Dualcast","Streamline+1","Pain","Conserve Battery","Ball Lightning","Rebound","Self Repair","Glacier+1","Ball Lightning+1","Conserve Battery+1","Go for the Eyes+1"],"special_seed":0,"relics":["Cracked Core","NeowsBlessing","WarpedTongs","Molten Egg 2","Smiling Mask","Incense Burner","SsserpentHead","Busted Crown"],"potions_floor_usage":[23,25],"damage_taken":[{"damage":0.0,"enemies":"Small Slimes","floor":1.0,"turns":1.0},{"damage":0.0,"enemies":"Cultist","floor":4.0,"turns":1.0},{"damage":0.0,"enemies":"Jaw Worm","floor":5.0,"turns":1.0},{"damage":19.0,"enemies":"Lagavulin","floor":6.0,"turns":6.0},{"damage":8.0,"enemies":"Exordium Thugs","floor":10.0,"turns":4.0},{"damage":3.0,"enemies":"Looter","floor":12.0,"turns":3.0},{"damage":21.0,"enemies":"Gremlin Gang","floor":13.0,"turns":4.0},{"damage":4.0,"enemies":"3 Louse","floor":14.0,"turns":3.0},{"damage":14.0,"enemies":"The Guardian","floor":16.0,"turns":7.0},{"damage":8.0,"enemies":"2 Thieves","floor":18.0,"turns":4.0},{"damage":3.0,"enemies":"Chosen","floor":19.0,"turns":4.0},{"damage":26,"enemies":"3 Cultists","floor":21,"turns":6},{"damage":4,"enemies":"Centurion and Healer","floor":23,"turns":7},{"damage":45,"enemies":"Gremlin Leader","floor":25,"turns":7}],"seed_played":"5850626858285946189","potions_obtained":[{"floor":5.0,"key":"Poison Potion"},{"floor":6.0,"key":"Ancient Potion"},{"floor":13.0,"key":"Strength Potion"},{"floor":14.0,"key":"Poison Potion"},{"floor":18.0,"key":"Fire Potion"},{"floor":21,"key":"Ancient Potion"},{"floor":23,"key":"Regen Potion"}],"is_trial":false,"path_per_floor":["M","?","$","M","M","E","R","T","T","M","?","M","M","M","R","B",null,"M","M","?","M","?","M","R","E"],"character_chosen":"DEFECT","items_purchased":["Conserve Battery"],"campfire_rested":0,"item_purchase_floors":[3],"current_hp_per_floor":[75,75,75,75,75,56,56,56,56,55,55,59,48,51,51,37,75,75,75,75,56,42,45,45,15],"gold":604,"neow_bonus":"THREE_ENEMY_KILL","is_prod":false,"is_daily":false,"chose_seed":false,"campfire_upgraded":3,"win_rate":0,"timestamp":1562881072,"path_taken":["M","?","?","M","?","E","R","?","T","M","?","M","M","M","R","BOSS","M","?","?","?","?","M","R","E"],"build_version":"2019-07-05","purchased_purges":0,"victory":false,"max_hp_per_floor":[75,75,75,75,75,75,75,75,75,75,75,75,75,75,75,75,75,75,75,75,75,75,75,75,75],"card_choices":[{"not_picked":["Ball Lightning","Heatsinks"],"picked":"Streamline","floor":1.0},{"not_picked":["Fusion","Storm"],"picked":"Ball Lightning","floor":4.0},{"not_picked":["Ball Lightning","Coolheaded"],"picked":"Rebound","floor":5.0},{"not_picked":["Creative AI","Consume"],"picked":"Self Repair","floor":6.0},{"not_picked":["Undo","Sweeping Beam+1"],"picked":"Glacier","floor":10.0},{"not_picked":["Scrape+1","Lockon+1"],"picked":"Ball Lightning+1","floor":12.0},{"not_picked":["Heatsinks","Cold Snap+1"],"picked":"Conserve Battery","floor":13.0},{"not_picked":["Loop","Barrage+1"],"picked":"Go for the Eyes+1","floor":14.0},{"not_picked":["Stack"],"picked":"SKIP","floor":18.0},{"not_picked":["Turbo"],"picked":"SKIP","floor":19.0},{"not_picked":["Steam"],"picked":"SKIP","floor":21},{"not_picked":["Steam"],"picked":"SKIP","floor":23}],"player_experience":702567,"relics_obtained":[{"floor":6.0,"key":"Molten Egg 2"},{"floor":8.0,"key":"Smiling Mask"},{"floor":9.0,"key":"Incense Burner"}],"event_choices":[{"damage_healed":0.0,"max_hp_gain":0.0,"max_hp_loss":0.0,"gold_gain":0.0,"event_name":"Accursed Blacksmith","player_choice":"Rummage","floor":2.0,"gold_loss":0.0,"damage_taken":0.0,"relics_obtained":["WarpedTongs"],"cards_obtained":["Pain"]},{"damage_healed":0.0,"max_hp_gain":0.0,"max_hp_loss":0.0,"gold_gain":0.0,"event_name":"FaceTrader","player_choice":"Trade","floor":11.0,"gold_loss":0.0,"damage_taken":0.0,"relics_obtained":["SsserpentHead"]},{"damage_healed":0.0,"max_hp_gain":0.0,"max_hp_loss":0.0,"gold_gain":0.0,"event_name":"N\u0027loth","player_choice":"Ignored","floor":20.0,"gold_loss":0.0,"damage_taken":0.0},{"damage_healed":0,"gold_gain":90,"player_choice":"GOLD ","damage_taken":14,"max_hp_gain":0,"max_hp_loss":0,"event_name":"Knowing Skull","floor":22,"potions_obtained":[],"gold_loss":0,"cards_obtained":[]}],"is_beta":false,"boss_relics":[{"not_picked":["Black Star","Astrolabe"],"picked":"Busted Crown"}],"items_purged_floors":[],"is_endless":false,"potions_floor_spawned":[5,6,13,14,18,21,23],"killed_by":"Gremlin Leader","ascension_level":2}