{"gold_per_floor":[215,231,244,519,539,539,550,550,577,591,181,131,201,201,201,304,304,320,349,366,366,380,380,380,380,405,405,425,451,451,511,511,611,611,626,626,371,371,387,387,405,405,457,471,80,80,80,94,94,94],"floor_reached":51,"playtime":2602,"items_purged":["Regret","Strike_G","Strike_G"],"score":1138,"play_id":"a469dcbe-0edd-49ca-8872-d61cf592ece0","local_time":"20190105125924","is_ascension_mode":true,"campfire_choices":[{"data":"Noxious Fumes","floor":6.0,"key":"SMITH"},{"floor":8.0,"key":"REST"},{"data":"Footwork","floor":15.0,"key":"SMITH"},{"floor":23.0,"key":"REST"},{"data":"Bouncing Flask","floor":27.0,"key":"SMITH"},{"data":"Catalyst","floor":30.0,"key":"SMITH"},{"data":"Noxious Fumes","floor":32.0,"key":"SMITH"},{"data":"Chrysalis","floor":40.0,"key":"SMITH"},{"floor":42.0,"key":"REST"},{"floor":49,"key":"REST"}],"neow_cost":"NONE","seed_source_timestamp":0,"circlet_count":0,"master_deck":["AscendersBane","Defend_G+1","Defend_G+1","Defend_G+1","Defend_G+1","Defend_G+1","Strike_G+1","Strike_G+1","Survivor+1","Neutralize+1","Noxious Fumes+1","Crippling Poison+1","Catalyst+1","Dodge and Roll+1","Bouncing Flask+1","Cloak And Dagger+1","Footwork+1","Crippling Poison+1","Corpse Explosion+1","PiercingWail+1","Dodge and Roll+1","Ghostly+1","Ghostly+1","Ghostly+1","Ghostly+1","Ghostly+1","Backflip+1","Noxious Fumes+1","Malaise+1","Chrysalis+1","Prepared+1","Cloak And Dagger+1","Blur+1","Madness+1","Madness+1"],"special_seed":0,"relics":["Ring of the Snake","Snake Skull","Centennial Puzzle","Sozu","Red Mask","PreservedInsect","Boot","Tiny Chest","Philosopher\u0027s Stone","Ancient Tea Set","Bag of Preparation","TwistedFunnel","Mark of the Bloom"],"potions_floor_usage":[],"damage_taken":[{"damage":0.0,"enemies":"2 Louse","floor":1.0,"turns":3.0},{"damage":1.0,"enemies":"Cultist","floor":2.0,"turns":4.0},{"damage":2.0,"enemies":"Jaw Worm","floor":3.0,"turns":4.0},{"damage":16.0,"enemies":"Large Slime","floor":5.0,"turns":6.0},{"damage":9.0,"enemies":"3 Louse","floor":7.0,"turns":3.0},{"damage":11.0,"enemies":"Looter","floor":10.0,"turns":4.0},{"damage":16.0,"enemies":"Slime Boss","floor":16.0,"turns":8.0},{"damage":7.0,"enemies":"2 Thieves","floor":18.0,"turns":2.0},{"damage":8.0,"enemies":"Masked Bandits","floor":19.0,"turns":3.0},{"damage":0.0,"enemies":"Spheric Guardian","floor":20.0,"turns":3.0},{"damage":7.0,"enemies":"Shelled Parasite and Fungi","floor":22.0,"turns":5.0},{"damage":0.0,"enemies":"Sentry and Sphere","floor":28.0,"turns":2.0},{"damage":0.0,"enemies":"Book of Stabbing","floor":29.0,"turns":8.0},{"damage":3.0,"enemies":"Slavers","floor":31.0,"turns":3.0},{"damage":16.0,"enemies":"Collector","floor":33.0,"turns":9.0},{"damage":0.0,"enemies":"3 Shapes","floor":35.0,"turns":5.0},{"damage":1.0,"enemies":"3 Darklings","floor":39.0,"turns":5.0},{"damage":24.0,"enemies":"Jaw Worm Horde","floor":41.0,"turns":3.0},{"damage":0.0,"enemies":"Sphere and 2 Shapes","floor":44.0,"turns":3.0},{"damage":1,"enemies":"Maw","floor":48,"turns":5},{"damage":11,"enemies":"Awakened One","floor":50,"turns":17}],"seed_played":"-1745317858800188025","potions_obtained":[{"floor":2.0,"key":"Swift Potion"},{"floor":5.0,"key":"AttackPotion"},{"floor":16.0,"key":"Poison Potion"}],"is_trial":false,"path_per_floor":["M","M","M","?","M","R","M","R","T","M","$","?","?","?","R","B",null,"M","?","M","?","M","R","?","?","T","R","M","E","R","E","R","B",null,"M","?","$","?","M","R","M","R","T","M","$","?","?","M","R","B",null],"character_chosen":"THE_SILENT","items_purchased":["Cloak And Dagger","Centennial Puzzle","Footwork","Crippling Poison","Ancient Tea Set","TwistedFunnel","Blur"],"campfire_rested":4,"item_purchase_floors":[11,11,11,11,37,45,45],"current_hp_per_floor":[63,62,60,60,44,44,35,56,56,45,45,45,45,45,45,29,60,53,45,45,32,25,47,37,37,37,37,37,37,37,34,34,18,32,32,32,32,32,31,31,7,18,18,18,18,13,13,12,12,1],"gold":94,"neow_bonus":"HUNDRED_GOLD","is_prod":false,"is_daily":false,"chose_seed":false,"campfire_upgraded":6,"win_rate":0,"timestamp":1546711164,"path_taken":["M","M","M","?","?","R","M","R","T","M","$","?","?","?","R","BOSS","M","?","M","?","M","R","?","?","T","R","M","E","R","E","R","BOSS","M","?","$","?","M","R","M","R","T","M","$","?","?","M","R","BOSS"],"build_version":"2019-01-02","purchased_purges":3,"victory":true,"max_hp_per_floor":[70,70,70,70,70,70,70,70,70,70,70,70,70,70,70,70,70,70,70,70,75,75,75,37,37,37,37,37,37,37,37,37,37,37,37,37,37,37,37,37,37,37,37,37,37,37,37,37,37,37],"card_choices":[{"not_picked":["Bane","Poisoned Stab"],"picked":"Predator","floor":1.0},{"not_picked":["Flying Knee","Masterful Stab"],"picked":"Noxious Fumes","floor":2.0},{"not_picked":["Heel Hook","Bane"],"picked":"Crippling Poison","floor":3.0},{"not_picked":["Accuracy","Endless Agony"],"picked":"Catalyst","floor":5.0},{"not_picked":["Backstab","All Out Attack"],"picked":"Dodge and Roll","floor":7.0},{"not_picked":["Acrobatics","Poisoned Stab"],"picked":"Bouncing Flask","floor":10.0},{"not_picked":["Phantasmal Killer","Die Die Die"],"picked":"Corpse Explosion","floor":16.0},{"not_picked":["Concentrate","Flechettes+1","Tactician"],"picked":"SKIP","floor":18.0},{"not_picked":["Accuracy","Tactician+1"],"picked":"PiercingWail","floor":20.0},{"not_picked":["Deflect+1","Dagger Spray+1"],"picked":"Dodge and Roll+1","floor":22.0},{"not_picked":["Slice+1","Underhanded Strike","Glass Knife"],"picked":"SKIP","floor":28.0},{"not_picked":["PiercingWail","Acrobatics"],"picked":"Backflip+1","floor":29.0},{"not_picked":["Glass Knife","Setup"],"picked":"Noxious Fumes","floor":31.0},{"not_picked":["A Thousand Cuts","Unload"],"picked":"Malaise","floor":33.0},{"not_picked":["Outmaneuver","Finisher+1","Skewer+1"],"picked":"SKIP","floor":35.0},{"not_picked":["Dark Shackles","Metamorphosis"],"picked":"Chrysalis","floor":36.0},{"not_picked":["Quick Slash","Flying Knee+1","All Out Attack"],"picked":"SKIP","floor":39.0},{"not_picked":["Cloak And Dagger","Dagger Spray+1"],"picked":"Prepared+1","floor":41.0},{"not_picked":["Bane","Infinite Blades+1"],"picked":"Cloak And Dagger+1","floor":44.0},{"not_picked":["Blade Dance","Dagger Spray","Terror"],"picked":"SKIP","floor":48}],"player_experience":746528,"relics_obtained":[{"floor":9.0,"key":"Snake Skull"},{"floor":19.0,"key":"Red Mask"},{"floor":26.0,"key":"PreservedInsect"},{"floor":29.0,"key":"Boot"},{"floor":31.0,"key":"Tiny Chest"},{"floor":43.0,"key":"Bag of Preparation"}],"event_choices":[{"damage_healed":0.0,"max_hp_gain":0.0,"max_hp_loss":0.0,"gold_gain":275.0,"event_name":"Golden Shrine","player_choice":"Desecrate","floor":4.0,"gold_loss":0.0,"damage_taken":0.0,"cards_obtained":["Regret"]},{"cards_removed":["Strike_G"],"damage_healed":0.0,"max_hp_gain":0.0,"max_hp_loss":0.0,"gold_gain":0.0,"event_name":"The Cleric","player_choice":"Card Removal","floor":12.0,"gold_loss":50.0,"damage_taken":0.0},{"damage_healed":0.0,"max_hp_gain":0.0,"max_hp_loss":0.0,"gold_gain":70.0,"event_name":"Golden Wing","player_choice":"Gained Gold","floor":13.0,"gold_loss":0.0,"damage_taken":0.0},{"damage_healed":0.0,"max_hp_gain":0.0,"max_hp_loss":0.0,"gold_gain":0.0,"event_name":"Liars Game","player_choice":"Ignored","floor":14.0,"gold_loss":0.0,"damage_taken":0.0},{"damage_healed":0.0,"max_hp_gain":0.0,"max_hp_loss":0.0,"gold_gain":0.0,"event_name":"Masked Bandits","player_choice":"Fought Bandits","floor":19.0,"gold_loss":0.0,"damage_taken":0.0},{"damage_healed":0.0,"max_hp_gain":5.0,"max_hp_loss":0.0,"gold_gain":0.0,"event_name":"Forgotten Altar","player_choice":"Shed Blood","floor":21.0,"gold_loss":0.0,"damage_taken":18.0},{"damage_healed":0.0,"max_hp_gain":0.0,"max_hp_loss":38.0,"gold_gain":0.0,"event_name":"Ghosts","player_choice":"Became a Ghost","floor":24.0,"gold_loss":0.0,"damage_taken":0.0,"cards_obtained":["Ghostly","Ghostly","Ghostly","Ghostly","Ghostly"]},{"damage_healed":0.0,"max_hp_gain":0.0,"max_hp_loss":0.0,"gold_gain":0.0,"event_name":"Cursed Tome","player_choice":"Ignored","floor":25.0,"gold_loss":0.0,"damage_taken":0.0},{"damage_healed":0.0,"max_hp_gain":0.0,"max_hp_loss":0.0,"gold_gain":0.0,"event_name":"SensoryStone","player_choice":"Memory 1","floor":36.0,"gold_loss":0.0,"damage_taken":0.0},{"cards_removed":["Predator"],"damage_healed":0.0,"max_hp_gain":0.0,"max_hp_loss":0.0,"gold_gain":0.0,"event_name":"Falling","player_choice":"Removed Attack","floor":38.0,"gold_loss":0.0,"damage_taken":0.0},{"damage_healed":0.0,"max_hp_gain":0.0,"max_hp_loss":0.0,"gold_gain":0.0,"event_name":"Winding Halls","player_choice":"Embrace Madness","floor":46.0,"gold_loss":0.0,"damage_taken":5.0,"cards_obtained":["Madness","Madness"]},{"damage_healed":0.0,"max_hp_gain":0.0,"max_hp_loss":0.0,"gold_gain":0.0,"event_name":"MindBloom","player_choice":"Upgrade","floor":47.0,"gold_loss":0.0,"damage_taken":0.0,"cards_upgraded":["Defend_G","Defend_G","Defend_G","Defend_G","Defend_G","Strike_G","Strike_G","Survivor","Neutralize","Crippling Poison","Dodge and Roll","Cloak And Dagger","Crippling Poison","Corpse Explosion","PiercingWail","Ghostly","Ghostly","Ghostly","Ghostly","Ghostly","Malaise","Blur","Madness","Madness"],"relics_obtained":["Mark of the Bloom"]}],"is_beta":true,"boss_relics":[{"not_picked":["Runic Pyramid","Velvet Choker"],"picked":"Sozu"},{"not_picked":["Busted Crown","Fusion Hammer"],"picked":"Philosopher\u0027s Stone"}],"items_purged_floors":[11,37,45],"is_endless":false,"potions_floor_spawned":[2,5,16,19,20,22,28,33,35,41,48],"ascension_level":10}