{"gold_per_floor":[109,109,120,120,140,171,171,171,197,210,230,244,16,16,16,109,109,129,172,191,191,191],"floor_reached":22,"playtime":817,"items_purged":[],"score":335,"play_id":"5fc9f054-cd28-427a-8cba-7726db672ab7","local_time":"20190126135719","is_ascension_mode":true,"campfire_choices":[{"floor":8,"key":"REST"},{"floor":15,"key":"REST"}],"neow_cost":"NONE","seed_source_timestamp":184478691751020,"circlet_count":0,"master_deck":["AscendersBane","Strike_B+1","Strike_B+1","Strike_B+1","Strike_B+1","Defend_B+1","Defend_B+1","Defend_B+1","Defend_B+1","Zap","Dualcast","Genetic Algorithm","Ball Lightning","Injury","Auto Shields","Meteor Strike","Compile Driver","Glacier","Core Surge","Static Discharge","Conserve Battery"],"special_seed":0,"relics":["Cracked Core","Golden Idol","Happy Flower","Vajra","Bag of Marbles","Runic Capacitor","Busted Crown","Red Mask"],"potions_floor_usage":[6,11,16,20],"damage_taken":[{"damage":0.0,"enemies":"2 Louse","floor":1.0,"turns":1.0},{"damage":9.0,"enemies":"Small Slimes","floor":3.0,"turns":4.0},{"damage":2.0,"enemies":"Cultist","floor":5.0,"turns":4.0},{"damage":56,"enemies":"Gremlin Nob","floor":6,"turns":5},{"damage":7,"enemies":"2 Fungi Beasts","floor":10,"turns":4},{"damage":0,"enemies":"3 Louse","floor":11,"turns":2},{"damage":11,"enemies":"Large Slime","floor":12,"turns":5},{"damage":24,"enemies":"Hexaghost","floor":16,"turns":12},{"damage":6,"enemies":"Spheric Guardian","floor":18,"turns":4},{"damage":43,"enemies":"Masked Bandits","floor":19,"turns":4},{"damage":3,"enemies":"2 Thieves","floor":20,"turns":4},{"damage":14,"enemies":"Snake Plant","floor":22,"turns":4}],"seed_played":"-7352359161381596692","potions_obtained":[{"floor":1.0,"key":"Dexterity Potion"},{"floor":5.0,"key":"PowerPotion"},{"floor":10,"key":"Explosive Potion"},{"floor":19,"key":"FocusPotion"}],"is_trial":false,"path_per_floor":["M","?","M","?","M","E","?","R","T","M","M","M","$","?","R","B",null,"M","?","M","?","M"],"character_chosen":"DEFECT","items_purchased":["Runic Capacitor"],"campfire_rested":2,"item_purchase_floors":[13],"current_hp_per_floor":[71,76,67,67,65,9,9,33,33,26,26,15,15,15,39,15,66,60,17,14,14,0],"gold":191,"neow_bonus":"TEN_PERCENT_HP_BONUS","is_prod":false,"is_daily":false,"chose_seed":false,"campfire_upgraded":0,"win_rate":0,"timestamp":1548529039,"path_taken":["M","?","M","?","M","E","?","R","T","M","?","M","$","?","R","BOSS","M","?","M","?","M"],"build_version":"2019-01-23","purchased_purges":0,"victory":false,"max_hp_per_floor":[78,83,83,83,83,83,83,83,83,83,83,83,83,83,83,83,83,83,83,83,83,83],"card_choices":[{"not_picked":["Steam","Aggregate"],"picked":"Genetic Algorithm","floor":1.0},{"not_picked":["Coolheaded","Gash"],"picked":"Ball Lightning","floor":3.0},{"not_picked":["Steam","Redo"],"picked":"Reprogram","floor":5.0},{"not_picked":["Turbo","Rebound"],"picked":"Auto Shields","floor":6},{"not_picked":["Sunder","Turbo"],"picked":"Meteor Strike","floor":10},{"not_picked":["Gash","Redo"],"picked":"Compile Driver","floor":11},{"not_picked":["Tempest","Storm"],"picked":"Glacier","floor":12},{"not_picked":["Seek","Amplify"],"picked":"Core Surge","floor":16},{"not_picked":[],"picked":"Static Discharge","floor":18},{"not_picked":[],"picked":"Conserve Battery","floor":19},{"not_picked":["Turbo"],"picked":"SKIP","floor":20}],"player_experience":873629,"relics_obtained":[{"floor":6,"key":"Happy Flower"},{"floor":9,"key":"Bag of Marbles"},{"floor":19,"key":"Red Mask"}],"event_choices":[{"damage_healed":0.0,"max_hp_gain":5.0,"max_hp_loss":0.0,"gold_gain":0.0,"event_name":"Big Fish","player_choice":"Donut","floor":2.0,"gold_loss":0.0,"damage_taken":0.0},{"damage_healed":0.0,"max_hp_gain":0.0,"max_hp_loss":0.0,"gold_gain":0.0,"event_name":"Golden Idol","player_choice":"Take Wound","floor":4.0,"gold_loss":0.0,"damage_taken":0.0,"relics_obtained":["Golden Idol"],"cards_obtained":["Injury"]},{"cards_removed":["Reprogram"],"damage_healed":0,"gold_gain":0,"player_choice":"Gave Card","damage_taken":0,"relics_obtained":["Vajra"],"max_hp_gain":0,"max_hp_loss":0,"event_name":"WeMeetAgain","floor":7,"gold_loss":0},{"damage_healed":0,"gold_gain":0,"player_choice":"Leave","damage_taken":0,"max_hp_gain":0,"max_hp_loss":0,"event_name":"The Cleric","floor":14,"gold_loss":0},{"damage_healed":0,"gold_gain":0,"player_choice":"Fought Bandits","damage_taken":0,"max_hp_gain":0,"max_hp_loss":0,"event_name":"Masked Bandits","floor":19,"gold_loss":0},{"damage_healed":0,"gold_gain":0,"player_choice":"Simplicity","damage_taken":0,"max_hp_gain":0,"max_hp_loss":0,"event_name":"Back to Basics","floor":21,"gold_loss":0,"cards_upgraded":["Strike_B","Strike_B","Strike_B","Strike_B","Defend_B","Defend_B","Defend_B","Defend_B"]}],"is_beta":true,"boss_relics":[{"not_picked":["Runic Pyramid","Lizard Tail"],"picked":"Busted Crown"}],"items_purged_floors":[],"is_endless":false,"potions_floor_spawned":[1,5,10,19],"killed_by":"Snake Plant","ascension_level":16}