{"gold_per_floor":[109,109,32,32,50,78,78,94,94,94,105,105,134,144,144,245,245,255,25,42,62,78,78,108,108,108,108,124,124,140,175,175,277,277,287,307,334,345,345,345,370,370,370,387,94,122,122,142,142,142],"floor_reached":50,"playtime":3477,"items_purged":["Strike_G"],"score":657,"play_id":"b21f36e1-37a7-4591-9a32-7789ca8abc5d","local_time":"20190701221409","is_ascension_mode":true,"campfire_choices":[{"data":"Predator","floor":7,"key":"SMITH"},{"data":"Dash","floor":10,"key":"SMITH"},{"data":"Bane","floor":15,"key":"SMITH"},{"data":"Corpse Explosion","floor":23,"key":"SMITH"},{"data":"Neutralize","floor":25,"key":"SMITH"},{"data":"Noxious Fumes","floor":27,"key":"SMITH"},{"data":"Phantasmal Killer","floor":29,"key":"SMITH"},{"floor":32,"key":"REST"},{"data":"Dagger Spray","floor":40,"key":"SMITH"},{"data":"Well Laid Plans","floor":42,"key":"SMITH"},{"data":"Panache","floor":47,"key":"SMITH"},{"data":"Good Instincts","floor":49,"key":"SMITH"}],"neow_cost":"NONE","seed_source_timestamp":764129839352100,"circlet_count":0,"master_deck":["Strike_G","Strike_G","Strike_G","Defend_G","Defend_G+1","Defend_G+1","Defend_G","Defend_G","Survivor","Neutralize","Dagger Spray","Masterful Stab","Dash+1","Predator+1","Noxious Fumes+1","Bane+1","Neutralize+1","Dagger Spray+1","Bane+1","Corpse Explosion+1","Dagger Throw","Flying Knee","Terror+1","Well Laid Plans+1","Cloak And Dagger","Quick Slash","Phantasmal Killer+1","Dagger Throw+1","Catalyst+1","Glass Knife+1","Deflect+1","Dodge and Roll","Sucker Punch","Bandage Up","Riddle With Holes+1","Deadly Poison+1","Panache+1","Good Instincts+1","Setup","Noxious Fumes"],"relics":["Ring of the Snake","NeowsBlessing","Meat on the Bone","Mercury Hourglass","Gremlin Horn","Torii","Empty Cage","Membership Card","Question Card","Letter Opener","Pen Nib","Eternal Feather","Whetstone","The Specimen","Paper Crane","Snake Skull","Orichalcum"],"potions_floor_usage":[13,16,16,21,30,30,31,33,50,50],"damage_taken":[{"damage":0,"enemies":"Cultist","floor":1,"turns":1},{"damage":0,"enemies":"2 Louse","floor":5,"turns":1},{"damage":0,"enemies":"3 Sentries","floor":6,"turns":1},{"damage":11,"enemies":"Jaw Worm","floor":8,"turns":2},{"damage":1,"enemies":"Blue Slaver","floor":11,"turns":4},{"damage":6,"enemies":"Lagavulin","floor":13,"turns":5},{"damage":3,"enemies":"Exordium Wildlife","floor":14,"turns":3},{"damage":29,"enemies":"The Guardian","floor":16,"turns":11},{"damage":0,"enemies":"3 Byrds","floor":18,"turns":3},{"damage":0,"enemies":"Shell Parasite","floor":20,"turns":4},{"damage":12,"enemies":"Centurion and Healer","floor":21,"turns":5},{"damage":5,"enemies":"Snake Plant","floor":22,"turns":4},{"damage":23,"enemies":"Slavers","floor":24,"turns":3},{"damage":9,"enemies":"Cultist and Chosen","floor":28,"turns":4},{"damage":11,"enemies":"Snecko","floor":30,"turns":3},{"damage":17,"enemies":"Book of Stabbing","floor":31,"turns":6},{"damage":32,"enemies":"Collector","floor":33,"turns":6},{"damage":17,"enemies":"3 Darklings","floor":35,"turns":2},{"damage":21,"enemies":"Orb Walker","floor":36,"turns":4},{"damage":0,"enemies":"3 Darklings","floor":38,"turns":2},{"damage":18,"enemies":"Reptomancer","floor":41,"turns":5},{"damage":1,"enemies":"Sphere and 2 Shapes","floor":44,"turns":5},{"damage":39,"enemies":"Giant Head","floor":46,"turns":6},{"damage":0,"enemies":"4 Shapes","floor":48,"turns":3},{"damage":103,"enemies":"Time Eater","floor":50,"turns":13}],"seed_played":"775197997182732257","potions_obtained":[{"floor":1,"key":"FearPotion"},{"floor":5,"key":"Energy Potion"},{"floor":14,"key":"SkillPotion"},{"floor":20,"key":"Fruit Juice"},{"floor":22,"key":"GhostInAJar"},{"floor":24,"key":"Poison Potion"},{"floor":28,"key":"EssenceOfSteel"},{"floor":31,"key":"Fire Potion"},{"floor":38,"key":"SkillPotion"},{"floor":44,"key":"SneckoOil"},{"floor":48,"key":"FairyPotion"}],"is_trial":false,"path_per_floor":["M","?","$","?","M","E","R","M","T","R","M","?","E","M","R","B",null,"M","$","M","M","M","R","E","R","T","R","M","R","M","E","R","B",null,"M","M","T","M","?","R","E","R","T","M","$","E","R","M","R","B"],"character_chosen":"THE_SILENT","items_purchased":["Masterful Stab","Membership Card","Flying Knee","Snake Skull","Panache","Good Instincts","Setup"],"campfire_rested":1,"item_purchase_floors":[3,19,19,45,45,45,45],"current_hp_per_floor":[70,70,70,56,56,56,56,45,45,45,44,44,38,47,47,30,70,70,70,70,63,58,58,47,47,47,47,38,38,39,34,56,36,75,58,49,49,49,49,70,56,75,75,74,74,47,71,71,75,0],"gold":142,"neow_bonus":"THREE_ENEMY_KILL","is_prod":false,"is_daily":false,"chose_seed":false,"campfire_upgraded":11,"win_rate":0,"timestamp":1562033649,"path_taken":["M","?","$","?","M","E","R","M","T","R","M","?","E","M","R","BOSS","M","$","M","M","M","R","E","R","T","R","M","R","M","E","R","BOSS","M","M","?","M","?","R","E","R","T","M","$","E","R","M","R","BOSS"],"build_version":"2019-07-01","purchased_purges":1,"victory":false,"max_hp_per_floor":[70,70,70,70,70,70,70,70,70,70,70,70,70,70,70,70,70,70,70,70,75,75,75,75,75,75,75,75,75,75,75,75,75,75,75,75,75,75,75,75,75,75,75,75,75,75,75,75,75,75],"card_choices":[{"not_picked":["PiercingWail","Flying Knee"],"picked":"Dagger Spray","floor":1},{"not_picked":["Calculated Gamble","Acrobatics"],"picked":"Dash","floor":5},{"not_picked":["Riddle With Holes","Caltrops"],"picked":"Predator","floor":6},{"not_picked":["Expertise","Slice"],"picked":"Noxious Fumes","floor":8},{"not_picked":["Calculated Gamble","Expertise"],"picked":"Bane","floor":11},{"not_picked":["Endless Agony","Eviscerate"],"picked":"Dagger Spray","floor":13},{"not_picked":["Concentrate","Acrobatics"],"picked":"Bane","floor":14},{"not_picked":["A Thousand Cuts","Bullet Time"],"picked":"Corpse Explosion","floor":16},{"not_picked":["Outmaneuver","Endless Agony"],"picked":"Dagger Throw","floor":18},{"not_picked":["Underhanded Strike","Backflip"],"picked":"Terror+1","floor":20},{"not_picked":["Calculated Gamble","Quick Slash"],"picked":"Well Laid Plans","floor":21},{"not_picked":["Backflip+1","Prepared"],"picked":"Cloak And Dagger","floor":22},{"not_picked":["Blade Dance","Dagger Spray"],"picked":"Quick Slash","floor":24},{"not_picked":["Bane","Flying Knee","Acrobatics"],"picked":"Phantasmal Killer","floor":28},{"not_picked":["Acrobatics+1","Accuracy+1","Backflip"],"picked":"Dagger Throw+1","floor":30},{"not_picked":["Dodge and Roll","Flying Knee","Doppelganger"],"picked":"Catalyst+1","floor":31},{"not_picked":["Unload","Storm of Steel","Venomology"],"picked":"Glass Knife","floor":33},{"not_picked":["Deadly Poison+1","Poisoned Stab+1","Backflip"],"picked":"Deflect+1","floor":35},{"not_picked":["Infinite Blades+1","Choke+1","Deadly Poison"],"picked":"Dodge and Roll","floor":36},{"not_picked":["Prepared","Backflip+1","Underhanded Strike"],"picked":"Sucker Punch","floor":38},{"not_picked":["HandOfGreed","Finesse","Mind Blast"],"picked":"Bandage Up","floor":39},{"not_picked":["Flying Knee","Cloak And Dagger","Choke+1"],"picked":"Riddle With Holes+1","floor":41},{"not_picked":["Acrobatics+1","Slice","Outmaneuver+1"],"picked":"Deadly Poison+1","floor":44},{"not_picked":["Heel Hook+1","Calculated Gamble","PiercingWail"],"picked":"Noxious Fumes","floor":46},{"not_picked":["Flechettes+1","Crippling Poison","Backflip","Tactician"],"picked":"SKIP","floor":48}],"player_experience":546043,"relics_obtained":[{"floor":6,"key":"Mercury Hourglass"},{"floor":9,"key":"Gremlin Horn"},{"floor":13,"key":"Torii"},{"floor":24,"key":"Question Card"},{"floor":26,"key":"Letter Opener"},{"floor":31,"key":"Pen Nib"},{"floor":37,"key":"Whetstone"},{"floor":41,"key":"The Specimen"},{"floor":43,"key":"Paper Crane"},{"floor":46,"key":"Orichalcum"}],"event_choices":[{"damage_healed":0,"gold_gain":0,"player_choice":"Box","damage_taken":0,"relics_obtained":["Meat on the Bone"],"max_hp_gain":0,"max_hp_loss":0,"event_name":"Big Fish","floor":2,"gold_loss":0,"cards_obtained":["Regret"]},{"damage_healed":0,"gold_gain":0,"player_choice":"Entered Light","damage_taken":14,"max_hp_gain":0,"max_hp_loss":0,"event_name":"Shining Light","floor":4,"gold_loss":0,"cards_upgraded":["Defend_G","Defend_G"]},{"damage_healed":0,"gold_gain":0,"player_choice":"1 cards matched","damage_taken":0,"max_hp_gain":0,"max_hp_loss":0,"event_name":"Match and Keep!","floor":12,"gold_loss":0,"cards_obtained":["Neutralize"]},{"damage_healed":0,"gold_gain":0,"player_choice":"Memory 1","damage_taken":0,"max_hp_gain":0,"max_hp_loss":0,"event_name":"SensoryStone","floor":39,"gold_loss":0}],"is_beta":false,"boss_relics":[{"not_picked":["Calling Bell","Ectoplasm"],"picked":"Empty Cage"},{"not_picked":["Tiny House","Cursed Key"],"picked":"Eternal Feather"}],"items_purged_floors":[45],"is_endless":false,"potions_floor_spawned":[1,5,14,20,22,24,28,31,38,44,48],"killed_by":"Time Eater","ascension_level":1}