{"gold_per_floor":[99],"floor_reached":1,"playtime":109,"items_purged":[],"score":30,"play_id":"9c46ee83-d0e1-4405-98d9-0305b2273939","local_time":"20190428224453","daily_mods":["Draft","Specialized","Heirloom","Elite Swarm","Uncertain Future"],"is_ascension_mode":false,"campfire_choices":[],"neow_cost":"","seed_source_timestamp":0,"circlet_count":0,"master_deck":["Demon Form","Wraith Form v2","Echo Form","Conserve Battery","Conserve Battery","Conserve Battery","Conserve Battery","Conserve Battery","Barrage","Self Repair","Rebound","Coolheaded","Melter","Double Energy","Chaos","Ball Lightning","Stack","Go for the Eyes","FTL","Conserve Battery","Streamline","Steam","Fusion"],"relics":["Cracked Core","Incense Burner"],"potions_floor_usage":[],"damage_taken":[{"damage":0,"enemies":"Jaw Worm","floor":1,"turns":1}],"seed_played":"-7986796638644247893","potions_obtained":[],"is_trial":true,"path_per_floor":["M"],"character_chosen":"DEFECT","items_purchased":[],"campfire_rested":0,"item_purchase_floors":[],"current_hp_per_floor":[75],"gold":99,"neow_bonus":"","is_prod":false,"is_daily":false,"chose_seed":false,"campfire_upgraded":0,"win_rate":0,"timestamp":1556505893,"path_taken":["M"],"build_version":"2019-01-23","purchased_purges":0,"victory":false,"max_hp_per_floor":[75],"card_choices":[{"not_picked":["Chill","Scrape"],"picked":"Barrage","floor":0},{"not_picked":["Coolheaded","Gash"],"picked":"Self Repair","floor":0},{"not_picked":["Barrage","Hello World"],"picked":"Rebound","floor":0},{"not_picked":["Recycle","FTL"],"picked":"Coolheaded","floor":0},{"not_picked":["Streamline","Sweeping Beam"],"picked":"Melter","floor":0},{"not_picked":["Barrage","Reinforced Body"],"picked":"Double Energy","floor":0},{"not_picked":["Force Field","Go for the Eyes"],"picked":"Chaos","floor":0},{"not_picked":["Gash","Double Energy"],"picked":"Ball Lightning","floor":0},{"not_picked":["Cold Snap","Sweeping Beam"],"picked":"Stack","floor":0},{"not_picked":["Rebound","Steam Power"],"picked":"Go for the Eyes","floor":0},{"not_picked":["Streamline","Turbo"],"picked":"FTL","floor":0},{"not_picked":["Gash","Go for the Eyes"],"picked":"Conserve Battery","floor":0},{"not_picked":["Reprogram","Compile Driver"],"picked":"Streamline","floor":0},{"not_picked":["Streamline","Stack"],"picked":"Steam","floor":0},{"not_picked":["Coolheaded","Steam Power"],"picked":"Fusion","floor":0}],"player_experience":302001,"relics_obtained":[],"event_choices":[],"is_beta":false,"boss_relics":[],"items_purged_floors":[],"is_endless":false,"potions_floor_spawned":[],"killed_by":"Jaw Worm","ascension_level":0}