{"gold_per_floor":[115,130,205,355,365,365,383,383,383,402,402,417,433,446,446,446],"floor_reached":16,"playtime":655,"items_purged":[],"score":212,"play_id":"68225929-7609-4547-8ddd-acd8fe857e22","local_time":"20190306160053","is_ascension_mode":true,"campfire_choices":[{"data":"Feed","floor":6.0,"key":"SMITH"},{"data":"Uppercut","floor":8.0,"key":"SMITH"},{"floor":15,"key":"REST"}],"neow_cost":"NONE","seed_source_timestamp":190380935681190,"circlet_count":0,"master_deck":["AscendersBane","Strike_R","Strike_R","Strike_R","Strike_R","Strike_R","Defend_R","Defend_R","Defend_R","Defend_R","Bash","Feed+1","Uppercut+1","Headbutt","Doubt","Iron Wave","Body Slam","Armaments","Searing Blow+1","Sword Boomerang+1"],"special_seed":0,"relics":["Burning Blood","Matryoshka","Molten Egg 2"],"potions_floor_usage":[16,16],"damage_taken":[{"damage":3.0,"enemies":"2 Louse","floor":1.0,"turns":6.0},{"damage":2.0,"enemies":"Small Slimes","floor":2.0,"turns":6.0},{"damage":0.0,"enemies":"Cultist","floor":5.0,"turns":2.0},{"damage":16.0,"enemies":"Blue Slaver","floor":7.0,"turns":6.0},{"damage":22.0,"enemies":"Lots of Slimes","floor":10.0,"turns":6.0},{"damage":23,"enemies":"Red Slaver","floor":12,"turns":7},{"damage":13,"enemies":"2 Fungi Beasts","floor":13,"turns":4},{"damage":27,"enemies":"Large Slime","floor":14,"turns":9},{"damage":61,"enemies":"The Guardian","floor":16,"turns":14}],"seed_played":"-7208718507848059643","potions_obtained":[{"floor":1.0,"key":"LiquidBronze"},{"floor":10.0,"key":"EssenceOfSteel"},{"floor":12,"key":"GamblersBrew"}],"is_trial":false,"path_per_floor":["M","M","?","?","M","R","M","R","T","M","?","M","M","M","R","B"],"character_chosen":"IRONCLAD","items_purchased":[],"campfire_rested":1,"item_purchase_floors":[],"current_hp_per_floor":[74,81,70,70,79,79,73,73,73,61,61,48,45,28,59,0],"gold":446,"neow_bonus":"ONE_RANDOM_RARE_CARD","is_prod":false,"is_daily":false,"chose_seed":false,"campfire_upgraded":2,"win_rate":0,"timestamp":1551906053,"path_taken":["M","M","?","?","M","R","M","R","T","M","?","M","M","M","R","BOSS"],"build_version":"2019-02-06","purchased_purges":0,"victory":false,"max_hp_per_floor":[78,81,81,81,84,84,88,88,88,92,92,96,100,104,104,104],"card_choices":[{"not_picked":["Blood for Blood","Clash"],"picked":"Uppercut","floor":1.0},{"not_picked":["Carnage","Warcry"],"picked":"Headbutt","floor":2.0},{"not_picked":["Cleave","Carnage"],"picked":"Iron Wave","floor":5.0},{"not_picked":["Bloodletting","Anger"],"picked":"Body Slam","floor":7.0},{"not_picked":["Fire Breathing","Infernal Blade"],"picked":"Armaments","floor":10.0},{"not_picked":["Fiend Fire+1","Pommel Strike+1"],"picked":"Searing Blow+1","floor":12},{"not_picked":["Flex","Twin Strike+1","Sever Soul+1"],"picked":"SKIP","floor":13},{"not_picked":["True Grit","Evolve"],"picked":"Sword Boomerang+1","floor":14}],"player_experience":1035939,"relics_obtained":[{"floor":9.0,"key":"Matryoshka"}],"event_choices":[{"damage_healed":0.0,"max_hp_gain":0.0,"max_hp_loss":0.0,"gold_gain":75.0,"event_name":"World of Goop","player_choice":"Gather Gold","floor":3.0,"gold_loss":0.0,"damage_taken":11.0},{"damage_healed":0.0,"max_hp_gain":0.0,"max_hp_loss":0.0,"gold_gain":150.0,"event_name":"Liars Game","player_choice":"AGREE","floor":4.0,"gold_loss":0.0,"damage_taken":0.0,"cards_obtained":["Doubt"]},{"damage_healed":0.0,"max_hp_gain":0.0,"max_hp_loss":0.0,"gold_gain":0.0,"event_name":"WeMeetAgain","player_choice":"Gave Potion","floor":11.0,"gold_loss":0.0,"damage_taken":0.0,"relics_obtained":["Molten Egg 2"]}],"is_beta":true,"boss_relics":[],"items_purged_floors":[],"is_endless":false,"potions_floor_spawned":[1,10,12],"killed_by":"The Guardian","ascension_level":19}