{"gold_per_floor":[116,135,150,96,108,139,97,97,97,97,97],"floor_reached":11,"playtime":1367,"items_purged":[],"score":73,"play_id":"85f96ef0-045f-44e0-80c5-dec60377aeff","local_time":"20180723214230","is_ascension_mode":false,"campfire_choices":[{"floor":10,"key":"REST"}],"neow_cost":"NONE","seed_source_timestamp":1117088236157382,"circlet_count":0,"master_deck":["Defend_G","Defend_G","Defend_G","Defend_G","Defend_G","Strike_G","Strike_G","Strike_G","Strike_G","Strike_G","Survivor","Neutralize","Outmaneuver","Blade Dance","Flying Knee","Dagger Spray","Escape Plan","Backflip"],"relics":["Ring of the Snake","Anchor","Girya","Gremlin Horn","Letter Opener"],"potions_floor_usage":[6,11],"damage_taken":[{"damage":2,"enemies":"Small Slimes","floor":1,"turns":5},{"damage":2,"enemies":"2 Louse","floor":2,"turns":3},{"damage":2,"enemies":"Jaw Worm","floor":3,"turns":4},{"damage":6,"enemies":"Exordium Thugs","floor":5,"turns":5},{"damage":41,"enemies":"Lagavulin","floor":6,"turns":8},{"damage":44,"enemies":"Gremlin Nob","floor":11,"turns":4}],"seed_played":"-5434033300635579916","potions_obtained":[{"floor":2,"key":"GamblersBrew"},{"floor":5,"key":"Fire Potion"},{"floor":6,"key":"SkillPotion"}],"is_trial":false,"path_per_floor":["M","M","M","$","M","E","?","T","T","R"],"character_chosen":"THE_SILENT","items_purchased":["Dagger Spray"],"campfire_rested":1,"item_purchase_floors":[4],"current_hp_per_floor":[68,66,64,64,58,17,17,17,17,38,0],"gold":97,"neow_bonus":"RANDOM_COMMON_RELIC","is_prod":false,"is_daily":false,"chose_seed":false,"campfire_upgraded":0,"win_rate":0.0,"timestamp":1532396550,"path_taken":["M","M","M","$","M","E","?","?","T","R","E"],"build_version":"2018-07-19v2","purchased_purges":0,"victory":false,"max_hp_per_floor":[70,70,70,70,70,70,70,70,70,70,70],"card_choices":[{"not_picked":["Backflip","Riddle With Holes"],"picked":"Outmaneuver","floor":1},{"not_picked":["Flechettes","Prepared"],"picked":"Blade Dance","floor":2},{"not_picked":["Crippling Poison","Outmaneuver"],"picked":"Flying Knee","floor":3},{"not_picked":["Poisoned Stab","Catalyst"],"picked":"Escape Plan","floor":5},{"not_picked":["Dagger Throw","Well Laid Plans"],"picked":"Backflip","floor":6}],"player_experience":147683,"relics_obtained":[{"floor":6,"key":"Girya"},{"floor":8,"key":"Gremlin Horn"},{"floor":9,"key":"Letter Opener"}],"event_choices":[{"event_name":"World of Goop","player_choice":"Left","floor":7,"damage_taken":0}],"is_beta":false,"boss_relics":[],"items_purged_floors":[],"is_endless":false,"potions_floor_spawned":[2,5,6],"killed_by":"Gremlin Nob","ascension_level":0}