{"gold_per_floor":[113,113,129,129,142,173,189,208,208,222,222,232,249,279,279,383,383,400,325],"floor_reached":19,"playtime":1899,"items_purged":[],"score":192,"play_id":"f3770f4f-3b65-4e75-8e18-38312913f0fc","local_time":"20190704004039","is_ascension_mode":true,"campfire_choices":[{"data":"Riddle With Holes","floor":11,"key":"SMITH"},{"data":"Footwork","floor":15,"key":"SMITH"}],"neow_cost":"NONE","seed_source_timestamp":947299643954100,"circlet_count":0,"master_deck":["Strike_G","Strike_G","Strike_G","Strike_G","Defend_G","Defend_G","Defend_G","Defend_G","Defend_G","Survivor","Neutralize","Slice","Riddle With Holes+1","Slice","Masterful Stab","Noxious Fumes","Predator","Dash","PiercingWail","Noxious Fumes","Bouncing Flask","Footwork+1","Unload"],"relics":["Ring of the Snake","NeowsBlessing","Strawberry","Happy Flower","Juzu Bracelet","Eternal Feather"],"potions_floor_usage":[14,14,16,19],"damage_taken":[{"damage":0,"enemies":"Small Slimes","floor":1,"turns":1},{"damage":0,"enemies":"2 Louse","floor":3,"turns":1},{"damage":0,"enemies":"Cultist","floor":5,"turns":1},{"damage":23,"enemies":"Gremlin Nob","floor":6,"turns":5},{"damage":0,"enemies":"Blue Slaver","floor":7,"turns":4},{"damage":0,"enemies":"2 Fungi Beasts","floor":8,"turns":2},{"damage":2,"enemies":"Large Slime","floor":10,"turns":5},{"damage":3,"enemies":"Gremlin Gang","floor":12,"turns":2},{"damage":0,"enemies":"2 Fungi Beasts","floor":13,"turns":3},{"damage":4,"enemies":"Lagavulin","floor":14,"turns":5},{"damage":6,"enemies":"The Guardian","floor":16,"turns":9},{"damage":19,"enemies":"Shell Parasite","floor":18,"turns":5},{"damage":12,"enemies":"2 Thieves","floor":19,"turns":5}],"seed_played":"-3208562672499075858","potions_obtained":[{"floor":3,"key":"Regen Potion"},{"floor":4,"key":"Block Potion"},{"floor":4,"key":"EssenceOfSteel"},{"floor":16,"key":"Ancient Potion"},{"floor":18,"key":"Block Potion"}],"is_trial":false,"path_per_floor":["M","?","M","?","M","E","M","M","T","M","R","M","M","E","R","B",null,"M","M"],"character_chosen":"THE_SILENT","items_purchased":[],"campfire_rested":0,"item_purchase_floors":[],"current_hp_per_floor":[70,70,70,70,70,54,54,54,54,52,52,49,49,59,59,53,77,58,46],"gold":325,"neow_bonus":"THREE_ENEMY_KILL","is_prod":false,"is_daily":false,"chose_seed":false,"campfire_upgraded":2,"win_rate":0,"timestamp":1562215239,"path_taken":["M","?","M","?","?","E","M","M","T","M","R","M","M","E","R","BOSS","M","M"],"build_version":"2019-07-01","purchased_purges":0,"victory":false,"max_hp_per_floor":[70,70,70,70,70,77,77,77,77,77,77,77,77,77,77,77,77,77,77],"card_choices":[{"not_picked":["Underhanded Strike","Poisoned Stab"],"picked":"Slice","floor":1},{"not_picked":["Underhanded Strike","Dodge and Roll"],"picked":"Slice","floor":3},{"not_picked":["Accuracy","Blade Dance"],"picked":"Masterful Stab","floor":5},{"not_picked":["Deflect","Night Terror"],"picked":"Noxious Fumes","floor":6},{"not_picked":["Skewer","Masterful Stab"],"picked":"Predator","floor":7},{"not_picked":["Backflip","Footwork"],"picked":"Dash","floor":8},{"not_picked":["Flying Knee","All Out Attack"],"picked":"PiercingWail","floor":10},{"not_picked":["Underhanded Strike","Blade Dance"],"picked":"Noxious Fumes","floor":12},{"not_picked":["Flying Knee","Accuracy"],"picked":"Bouncing Flask","floor":13},{"not_picked":["Slice","Catalyst"],"picked":"Footwork","floor":14},{"not_picked":["Grand Finale","Doppelganger"],"picked":"Unload","floor":16},{"not_picked":["Bouncing Flask+1","Reflex","Riddle With Holes"],"picked":"SKIP","floor":18}],"player_experience":575343,"relics_obtained":[{"floor":6,"key":"Strawberry"},{"floor":9,"key":"Happy Flower"},{"floor":14,"key":"Juzu Bracelet"}],"event_choices":[{"damage_healed":0,"gold_gain":0,"cards_transformed":["Strike_G"],"player_choice":"Change","damage_taken":0,"max_hp_gain":0,"max_hp_loss":0,"event_name":"Living Wall","floor":2,"gold_loss":0,"cards_obtained":["Riddle With Holes"]},{"damage_healed":0,"gold_gain":0,"player_choice":"Got Potions","damage_taken":0,"max_hp_gain":0,"max_hp_loss":0,"event_name":"Lab","floor":4,"gold_loss":0}],"is_beta":false,"boss_relics":[{"not_picked":["White Beast Statue","Ectoplasm"],"picked":"Eternal Feather"}],"items_purged_floors":[],"is_endless":false,"potions_floor_spawned":[3,7,10,12,16,18],"killed_by":"2 Thieves","ascension_level":1}