{"path_per_floor":["M","?","T","M","M","R","E","R","T","R","E","T","?","$","R","B",null,"M","$","?","M","?","R","E","?","T","M"],"character_chosen":"THE_SILENT","items_purchased":["Lee\u0027s Waffle","Footwork"],"gold_per_floor":[115,115,115,127,147,147,182,182,182,182,216,216,274,8,8,108,108,127,77,77,92,92,92,126,126,151,163],"floor_reached":28,"campfire_rested":1,"playtime":2688,"current_hp_per_floor":[70,75,75,70,61,61,56,56,66,66,53,53,40,92,92,92,92,70,70,52,18,18,47,23,23,23,23],"items_purged":["Strike_G"],"gold":163,"score":332,"play_id":"31a5783c-c064-46a9-8e0d-30d26bf4a19e","is_prod":false,"is_daily":false,"is_ascension_mode":true,"campfire_upgraded":4,"path_taken":["M","?","?","?","M","R","E","R","T","R","E","?","?","$","R","BOSS","M","$","?","M","?","R","E","?","T","M","M"],"build_version":"2018-02-12-PROD1","purchased_purges":2,"victory":false,"master_deck":["Defend_G","Defend_G","Defend_G","Defend_G","Defend_G","Strike_G","Strike_G","Strike_G","Survivor","Neutralize+1","Poisoned Stab+1","Footwork+1","Deadly Poison","Backflip","Deadly Poison","Malaise","Footwork+1","Die Die Die","Caltrops","Backflip","Outmaneuver"],"max_hp_per_floor":[70,75,75,75,75,75,75,75,85,85,85,85,85,92,92,92,92,92,92,97,97,97,97,97,97,97,97],"relics":["Ring of the Snake","Shuriken","Smiling Mask","Pear","Omamori","Orichalcum","Juzu Bracelet","Lee\u0027s Waffle","Black Star","Darkstone Periapt","Tough Bandages","Ninja Scroll","Regal Pillow"],"card_choices":[{"not_picked":["Prepared","Infinite Blades"],"picked":"Poisoned Stab"},{"not_picked":["Deadly Poison","Acrobatics"],"picked":"Footwork"},{"not_picked":["Finisher","Deflect"],"picked":"Deadly Poison"},{"not_picked":["Prepared","Crippling Poison"],"picked":"Backflip"},{"not_picked":["Dagger Spray","Sucker Punch"],"picked":"Deadly Poison"},{"not_picked":["Flechettes","Outmaneuver"],"picked":"Malaise"},{"not_picked":["Phantasmal Killer","Unload"],"picked":"Die Die Die"},{"not_picked":["Bane","Choke"],"picked":"Caltrops"},{"not_picked":["Backstab","Outmaneuver"],"picked":"Backflip"},{"not_picked":["Slice","Deadly Poison"],"picked":"Outmaneuver"}],"player_experience":119706,"potions_floor_usage":[13,18,24,24,28],"damage_taken":[{"damage":0,"enemies":"Cultist","floor":1,"turns":5},{"damage":5,"enemies":"Small Slimes","floor":4,"turns":4},{"damage":9,"enemies":"Blue Slaver","floor":5,"turns":5},{"damage":5,"enemies":"3 Sentries","floor":7,"turns":14},{"damage":13,"enemies":"Lagavulin","floor":11,"turns":8},{"damage":13,"enemies":"Gremlin Nob","floor":13,"turns":4},{"damage":0,"enemies":"The Guardian","floor":16,"turns":11},{"damage":22,"enemies":"3 Byrds","floor":18,"turns":8},{"damage":34,"enemies":"2 Thieves","floor":21,"turns":4},{"damage":24,"enemies":"Book of Stabbing","floor":24,"turns":8},{"damage":0,"enemies":"Sentry and Sphere","floor":27,"turns":8},{"damage":27,"enemies":"Cultist and Chosen","floor":28,"turns":4}],"event_choices":[{"event_name":"Big Fish","player_choice":"Donut","floor":2,"damage_taken":0},{"event_name":"Dead Adventurer","player_choice":"Searched \u00272\u0027 times","floor":13,"damage_taken":0},{"event_name":"Forgotten Altar","player_choice":"Shed Blood","floor":20,"damage_taken":0},{"event_name":"The Mausoleum","player_choice":"Yes","floor":22,"damage_taken":0},{"event_name":"Purifier","player_choice":"One Purge","floor":25,"damage_taken":0}],"boss_relics":[{"not_picked":["White Beast Statue","Cursed Key"],"picked":"Black Star"}],"potions_floor_spawned":[4,7,11,16,24],"seed_played":"7101894337639595607","killed_by":"Cultist and Chosen","ascension_level":1,"is_trial":false}