{"gold_per_floor":[13,26,41,55,66,91,91,22,22,22,22,47,47,60,60,131,131,119,146,146,53,53,83,83,83,107,118,118],"floor_reached":28,"playtime":1182,"items_purged":[],"score":431,"play_id":"4f5d58a0-3bab-4583-be0a-f1ff375e271f","local_time":"20190724230437","is_ascension_mode":true,"campfire_choices":[{"data":"Berserk","floor":7,"key":"SMITH"},{"floor":11,"key":"REST"},{"floor":15,"key":"REST"},{"floor":24,"key":"REST"}],"neow_cost":"NO_GOLD","seed_source_timestamp":247267977009000,"circlet_count":0,"master_deck":["AscendersBane","Strike_R+1","Defend_R","Defend_R","Defend_R","Defend_R","Bash+1","Berserk+1","Thunderclap","Anger","Inflame","Metallicize","Disarm+1","Spot Weakness","Sword Boomerang","Pommel Strike","Power Through","Fiend Fire","Spot Weakness","Pommel Strike","RitualDagger","Metallicize","Shrug It Off"],"relics":["Burning Blood","Juzu Bracelet","Omamori","Whetstone","Empty Cage","Red Skull","Question Card","Vajra"],"potions_floor_usage":[6,12,14,23],"damage_taken":[{"damage":4,"enemies":"Cultist","floor":1,"turns":4},{"damage":4,"enemies":"2 Louse","floor":2,"turns":4},{"damage":3,"enemies":"Small Slimes","floor":3,"turns":2},{"damage":12,"enemies":"Looter","floor":4,"turns":3},{"damage":21,"enemies":"Blue Slaver","floor":5,"turns":4},{"damage":32,"enemies":"3 Sentries","floor":6,"turns":9},{"damage":25,"enemies":"Gremlin Nob","floor":12,"turns":4},{"damage":12,"enemies":"Lots of Slimes","floor":14,"turns":4},{"damage":25,"enemies":"The Guardian","floor":16,"turns":8},{"damage":19,"enemies":"2 Thieves","floor":18,"turns":4},{"damage":24,"enemies":"Book of Stabbing","floor":23,"turns":5},{"damage":13,"enemies":"Chosen","floor":27,"turns":5},{"damage":45,"enemies":"Gremlin Leader","floor":28,"turns":4}],"seed_played":"2281676461106484373","potions_obtained":[{"floor":3,"key":"FearPotion"},{"floor":4,"key":"SpeedPotion"},{"floor":6,"key":"Energy Potion"},{"floor":12,"key":"Ancient Potion"},{"floor":18,"key":"Block Potion"},{"floor":27,"key":"Fire Potion"}],"is_trial":false,"path_per_floor":["M","M","M","M","M","E","R","$","T","?","R","E","?","M","R","B",null,"M","T","?","$","?","E","R","?","T","M","E"],"character_chosen":"IRONCLAD","items_purchased":["Spot Weakness","Spot Weakness","Pommel Strike"],"campfire_rested":3,"item_purchase_floors":[8,21,21],"current_hp_per_floor":[70,72,75,69,54,28,28,28,28,28,50,31,31,25,47,28,63,50,50,50,50,44,26,48,48,48,41,0],"gold":118,"neow_bonus":"THREE_RARE_CARDS","is_prod":false,"is_daily":false,"chose_seed":false,"campfire_upgraded":1,"win_rate":0,"timestamp":1564023877,"path_taken":["M","M","?","M","M","E","R","$","T","?","R","E","?","M","R","BOSS","M","?","?","$","?","E","R","?","T","M","E"],"build_version":"2019-07-17","purchased_purges":0,"victory":false,"max_hp_per_floor":[75,75,75,75,75,75,75,75,75,75,75,75,75,75,75,75,75,75,75,75,75,75,75,75,75,75,75,75],"card_choices":[{"not_picked":["Dark Embrace","Demon Form"],"picked":"Berserk","floor":0},{"not_picked":["Searing Blow","Sentinel"],"picked":"Thunderclap","floor":1},{"not_picked":["Headbutt","Dual Wield"],"picked":"Anger","floor":2},{"not_picked":["Warcry","Second Wind"],"picked":"Inflame","floor":3},{"not_picked":["Clash","Flex"],"picked":"Metallicize","floor":4},{"not_picked":["Body Slam","Iron Wave","True Grit"],"picked":"SKIP","floor":5},{"not_picked":["Bloodletting","Flex"],"picked":"Disarm","floor":6},{"not_picked":["Combust","Brutality"],"picked":"Sword Boomerang","floor":12},{"not_picked":["Headbutt","Twin Strike"],"picked":"Power Through","floor":14},{"not_picked":["Offering","Berserk"],"picked":"Fiend Fire","floor":16},{"not_picked":["Iron Wave","Heavy Blade","Body Slam"],"picked":"SKIP","floor":18},{"not_picked":["Flex","Brutality"],"picked":"Metallicize","floor":23},{"not_picked":["Perfected Strike","Headbutt","Twin Strike"],"picked":"Shrug It Off","floor":27}],"player_experience":687288,"relics_obtained":[{"floor":6,"key":"Juzu Bracelet"},{"floor":9,"key":"Omamori"},{"floor":12,"key":"Whetstone"},{"floor":19,"key":"Red Skull"},{"floor":23,"key":"Question Card"},{"floor":26,"key":"Vajra"}],"event_choices":[{"damage_healed":0,"gold_gain":0,"player_choice":"Upgraded","damage_taken":0,"max_hp_gain":0,"max_hp_loss":0,"event_name":"Upgrade Shrine","floor":10,"gold_loss":0,"cards_upgraded":["Disarm"]},{"damage_healed":0,"gold_gain":0,"cards_transformed":["Strike_R"],"player_choice":"Transformed","damage_taken":0,"max_hp_gain":0,"max_hp_loss":0,"event_name":"Transmorgrifier","floor":13,"gold_loss":0,"cards_obtained":["Pommel Strike"]},{"cards_removed":["Strike_R"],"damage_healed":0,"gold_gain":0,"player_choice":"Offered Basic","damage_taken":0,"max_hp_gain":0,"max_hp_loss":0,"event_name":"Bonfire Elementals","floor":20,"gold_loss":0},{"damage_healed":0,"gold_gain":0,"player_choice":"Joined the Cult","damage_taken":6,"max_hp_gain":0,"max_hp_loss":0,"event_name":"Nest","floor":22,"gold_loss":0,"cards_obtained":["RitualDagger"]}],"is_beta":false,"boss_relics":[{"not_picked":["Black Blood","White Beast Statue"],"picked":"Empty Cage"}],"items_purged_floors":[],"is_endless":false,"potions_floor_spawned":[3,4,6,12,18,27],"killed_by":"Gremlin Leader","ascension_level":15}