{"gold_per_floor":[119,119,119,138,216,216,273,273,273,273,298,317,317,352,352,454,454,472,472,472,571,571,571,457,337,361,361,380,295,295,305,305,404,404,415,435,435,484,484,514,514,514,538,556,586,686,93,93,93,93,93,93,4,39,39],"floor_reached":55,"playtime":3389,"items_purged":["Parasite"],"score":773,"play_id":"b09bd00d-f3c5-4e26-8fb2-cae8bc0fc23b","local_time":"20190718231843","is_ascension_mode":false,"campfire_choices":[{"floor":8.0,"key":"REST"},{"floor":13.0,"key":"REST"},{"floor":15.0,"key":"REST"},{"data":"Footwork","floor":23.0,"key":"SMITH"},{"data":"Footwork","floor":27.0,"key":"SMITH"},{"data":"Catalyst","floor":32.0,"key":"SMITH"},{"floor":42,"key":"RECALL"},{"floor":49,"key":"REST"},{"data":"Well Laid Plans","floor":52,"key":"SMITH"}],"neow_cost":"NONE","seed_source_timestamp":0,"circlet_count":0,"master_deck":["Strike_G","Strike_G","Defend_G","Defend_G","Defend_G","Survivor","Neutralize","A Thousand Cuts+1","Corpse Explosion+1","Deflect+1","Backflip+1","Dodge and Roll","Sucker Punch","Adrenaline","PiercingWail","Bullet Time","Footwork+1","Catalyst+1","Bouncing Flask","Footwork+1","Footwork","Well Laid Plans+1","After Image","PiercingWail","Heel Hook","Swift Strike","Noxious Fumes+1","Poisoned Stab+1","Blade Dance+1","Flying Knee+1","Deadly Poison","Crippling Poison","Caltrops","Noxious Fumes","Deadly Poison+1"],"special_seed":0,"relics":["Astrolabe","Art of War","The Courier","Ornamental Fan","Juzu Bracelet","Mercury Hourglass","Boot","Philosopher\u0027s Stone","MutagenicStrength","Meat on the Bone","Orichalcum","Anchor","Sozu","Unceasing Top","Pen Nib","Bronze Scales","Bag of Preparation","Happy Flower","Bird Faced Urn","Singing Bowl","The Specimen","Oddly Smooth Stone"],"potions_floor_usage":[40],"damage_taken":[{"damage":2.0,"enemies":"Small Slimes","floor":1.0,"turns":3.0},{"damage":6.0,"enemies":"Jaw Worm","floor":4.0,"turns":3.0},{"damage":40.0,"enemies":"Lagavulin Event","floor":7.0,"turns":10.0},{"damage":5.0,"enemies":"3 Sentries","floor":11.0,"turns":4.0},{"damage":0.0,"enemies":"2 Louse","floor":12.0,"turns":1.0},{"damage":0.0,"enemies":"Lagavulin","floor":14.0,"turns":5.0},{"damage":3.0,"enemies":"Slime Boss","floor":16.0,"turns":9.0},{"damage":0.0,"enemies":"3 Byrds","floor":18.0,"turns":1.0},{"damage":2.0,"enemies":"Chosen","floor":28.0,"turns":5.0},{"damage":13.0,"enemies":"Shelled Parasite and Fungi","floor":31.0,"turns":5.0},{"damage":3.0,"enemies":"Champ","floor":33.0,"turns":10.0},{"damage":0.0,"enemies":"3 Darklings","floor":35.0,"turns":3.0},{"damage":0,"enemies":"Orb Walker","floor":36,"turns":5},{"damage":50,"enemies":"2 Orb Walkers","floor":38,"turns":5},{"damage":3,"enemies":"Nemesis","floor":40,"turns":7},{"damage":0,"enemies":"Writhing Mass","floor":44,"turns":5},{"damage":13,"enemies":"Reptomancer","floor":45,"turns":5},{"damage":0,"enemies":"Mind Bloom Boss Battle","floor":46,"turns":6},{"damage":34,"enemies":"Awakened One","floor":50,"turns":11},{"damage":51,"enemies":"Shield and Spear","floor":54,"turns":6},{"damage":55,"enemies":"The Heart","floor":55,"turns":2}],"seed_played":"-3538502993290666140","potions_obtained":[{"floor":1.0,"key":"LiquidBronze"},{"floor":4.0,"key":"Fire Potion"},{"floor":11.0,"key":"EssenceOfSteel"},{"floor":28.0,"key":"Dexterity Potion"},{"floor":33.0,"key":"SteroidPotion"}],"is_trial":false,"path_per_floor":["M","$","?","M","T","?","?","R","T","?","E","M","R","E","R","B",null,"M","?","?","?","?","R","$","$","T","R","M","?","T","M","R","B",null,"M","M","?","?","?","E","T","R","T","M","E","?","$","?","R","B",null,"R","$","E","B"],"character_chosen":"THE_SILENT","items_purchased":["Catalyst","Bouncing Flask","Footwork","Footwork","Deadly Poison","Crippling Poison","Singing Bowl","The Specimen","Caltrops","Noxious Fumes"],"campfire_rested":4,"item_purchase_floors":[24,24,25,25,47,47,47,47,53,53],"current_hp_per_floor":[68,68,61,55,55,48,8,29,29,29,24,24,45,45,66,63,70,70,70,70,70,70,70,70,70,70,70,68,68,68,55,55,52,70,70,70,70,32,32,41,41,41,41,41,40,40,40,40,59,39,64,64,64,39,0],"gold":39,"neow_bonus":"BOSS_RELIC","is_prod":false,"is_daily":false,"chose_seed":false,"campfire_upgraded":4,"win_rate":0,"timestamp":1563509923,"path_taken":["M","$","?","M","?","?","?","R","T","?","E","M","R","E","R","BOSS","M","?","?","?","?","R","?","$","T","R","M","?","?","M","R","BOSS","M","M","?","?","?","E","?","R","T","M","E","?","$","?","R","BOSS","R","$","E","BOSS"],"build_version":"2019-07-17","purchased_purges":1,"victory":false,"max_hp_per_floor":[70,70,70,70,70,70,70,70,70,70,70,70,70,70,70,70,70,70,70,70,70,70,70,70,70,70,70,70,70,70,70,70,70,70,70,70,70,70,70,70,70,70,70,70,70,70,67,64,64,64,64,64,64,64,64],"card_choices":[{"not_picked":["Reflex","Dagger Throw"],"picked":"Backflip","floor":1.0},{"not_picked":["Reflex","Distraction"],"picked":"Dodge and Roll","floor":4.0},{"not_picked":["Quick Slash","Dodge and Roll"],"picked":"Sucker Punch","floor":7.0},{"not_picked":["Concentrate","Choke"],"picked":"Adrenaline","floor":11.0},{"not_picked":["Endless Agony","Cloak And Dagger","Sucker Punch"],"picked":"SKIP","floor":12.0},{"not_picked":["Bouncing Flask","Poisoned Stab"],"picked":"PiercingWail","floor":14.0},{"not_picked":["Glass Knife","Corpse Explosion"],"picked":"Bullet Time","floor":16.0},{"not_picked":["Bane+1","Distraction"],"picked":"Footwork","floor":18.0},{"not_picked":["Quick Slash","Deflect+1","Dagger Spray"],"picked":"SKIP","floor":28.0},{"not_picked":["Leg Sweep","Finisher"],"picked":"Well Laid Plans","floor":31.0},{"not_picked":["Envenom","A Thousand Cuts"],"picked":"After Image","floor":33.0},{"not_picked":["Sucker Punch+1","Poisoned Stab"],"picked":"PiercingWail","floor":35.0},{"not_picked":["Dodge and Roll","Endless Agony"],"picked":"Heel Hook","floor":36},{"not_picked":["Mayhem","Forethought"],"picked":"Swift Strike","floor":37},{"not_picked":["Sucker Punch","A Thousand Cuts"],"picked":"Noxious Fumes+1","floor":40},{"not_picked":["Riddle With Holes+1","Flying Knee"],"picked":"Poisoned Stab+1","floor":44},{"not_picked":["Flechettes","Finisher+1"],"picked":"Blade Dance+1","floor":45},{"not_picked":["Calculated Gamble","Well Laid Plans"],"picked":"Flying Knee+1","floor":46},{"not_picked":["Blade Dance","Expertise+1"],"picked":"Deadly Poison+1","floor":54}],"player_experience":140324,"relics_obtained":[{"floor":5.0,"key":"The Courier"},{"floor":7.0,"key":"Ornamental Fan"},{"floor":9.0,"key":"Juzu Bracelet"},{"floor":11.0,"key":"Mercury Hourglass"},{"floor":14.0,"key":"Boot"},{"floor":26.0,"key":"Orichalcum"},{"floor":38,"key":"Unceasing Top"},{"floor":40,"key":"Pen Nib"},{"floor":41,"key":"Bronze Scales"},{"floor":43,"key":"Bag of Preparation"},{"floor":45,"key":"Happy Flower"},{"floor":46,"key":"Bird Faced Urn"},{"floor":54,"key":"Oddly Smooth Stone"}],"event_choices":[{"damage_healed":0.0,"max_hp_gain":0.0,"max_hp_loss":0.0,"gold_gain":0.0,"event_name":"Scrap Ooze","player_choice":"Success","floor":3.0,"gold_loss":0.0,"damage_taken":7.0,"relics_obtained":["Art of War"]},{"cards_removed":["Strike_G"],"damage_healed":0.0,"max_hp_gain":0.0,"max_hp_loss":0.0,"gold_gain":0.0,"event_name":"Golden Wing","player_choice":"Card Removal","floor":6.0,"gold_loss":0.0,"damage_taken":7.0},{"damage_healed":0.0,"max_hp_gain":0.0,"max_hp_loss":0.0,"gold_gain":30.0,"event_name":"Dead Adventurer","player_choice":"Searched \u00272\u0027 times","floor":7.0,"gold_loss":0.0,"damage_taken":0.0},{"damage_healed":0.0,"max_hp_gain":0.0,"max_hp_loss":0.0,"gold_gain":0.0,"event_name":"Living Wall","player_choice":"Grow","floor":10.0,"gold_loss":0.0,"damage_taken":0.0,"cards_upgraded":["Backflip"]},{"damage_healed":0.0,"max_hp_gain":0.0,"max_hp_loss":0.0,"gold_gain":0.0,"event_name":"Drug Dealer","player_choice":"Inject Mutagens","floor":19.0,"gold_loss":0.0,"damage_taken":0.0,"relics_obtained":["MutagenicStrength"]},{"damage_healed":0.0,"max_hp_gain":0.0,"max_hp_loss":0.0,"gold_gain":0.0,"event_name":"The Mausoleum","player_choice":"Opened","floor":20.0,"gold_loss":0.0,"damage_taken":0.0,"relics_obtained":["Meat on the Bone"]},{"damage_healed":0.0,"max_hp_gain":0.0,"max_hp_loss":0.0,"gold_gain":99.0,"event_name":"Nest","player_choice":"Stole From Cult","floor":21.0,"gold_loss":0.0,"damage_taken":0.0},{"damage_healed":0.0,"max_hp_gain":0.0,"max_hp_loss":0.0,"gold_gain":0.0,"event_name":"Beggar","player_choice":"Ignored","floor":22.0,"gold_loss":0.0,"damage_taken":0.0},{"damage_healed":0.0,"max_hp_gain":0.0,"max_hp_loss":0.0,"gold_gain":0.0,"event_name":"Addict","player_choice":"Obtained Relic","floor":29.0,"gold_loss":85.0,"damage_taken":0.0,"relics_obtained":["Anchor"]},{"damage_healed":0,"gold_gain":0,"player_choice":"Memory 1","damage_taken":0,"max_hp_gain":0,"max_hp_loss":0,"event_name":"SensoryStone","floor":37,"gold_loss":0},{"damage_healed":0,"gold_gain":0,"player_choice":"Fight","damage_taken":0,"max_hp_gain":0,"max_hp_loss":0,"event_name":"Mysterious Sphere","floor":38,"gold_loss":0},{"cards_removed":["Defend_G"],"damage_healed":0,"gold_gain":0,"player_choice":"Removed Skill","damage_taken":0,"max_hp_gain":0,"max_hp_loss":0,"event_name":"Falling","floor":39,"gold_loss":0},{"damage_healed":0,"gold_gain":0,"player_choice":"Fight","damage_taken":0,"max_hp_gain":0,"max_hp_loss":0,"event_name":"MindBloom","floor":46,"gold_loss":0},{"damage_healed":0,"gold_gain":0,"player_choice":"Max HP","damage_taken":0,"max_hp_gain":0,"max_hp_loss":3,"event_name":"Winding Halls","floor":48,"gold_loss":0}],"is_beta":false,"boss_relics":[{"not_picked":["Lizard Tail","Calling Bell"],"picked":"Philosopher\u0027s Stone"},{"not_picked":["Busted Crown","Coffee Dripper"],"picked":"Sozu"}],"items_purged_floors":[47],"is_endless":false,"potions_floor_spawned":[1,4,11,28,33,35,38,44,46],"killed_by":"The Heart","ascension_level":0}