{"gold_per_floor":[117,117,134,144,162,162,182,182,238,238,188,205,75,106,106,211,211,227,227,227,256,226],"floor_reached":22,"playtime":2398,"items_purged":[],"score":184,"play_id":"7ddefec5-028d-4372-ac64-b5faa7faf323","local_time":"20190623162045","is_ascension_mode":false,"campfire_choices":[{"data":"Noxious Fumes","floor":8,"key":"SMITH"},{"data":"Bane","floor":15,"key":"SMITH"}],"neow_cost":"NONE","seed_source_timestamp":52802424029400,"circlet_count":0,"master_deck":["Defend_G","Defend_G","Defend_G","Defend_G","Defend_G","Strike_G+1","Strike_G","Strike_G","Strike_G","Survivor","Neutralize+1","Noxious Fumes+1","Quick Slash","Deflect","Bane","Prepared","Parasite","Quick Slash","Well Laid Plans","Bane+1","Dodge and Roll","A Thousand Cuts","Deadly Poison+1","Writhe","Escape Plan"],"relics":["Ring of the Snake","Juzu Bracelet","Tiny Chest","Snake Skull","Philosopher\u0027s Stone","Bag of Marbles","Nilry\u0027s Codex","Red Mask"],"potions_floor_usage":[12],"damage_taken":[{"damage":2,"enemies":"Small Slimes","floor":1,"turns":4},{"damage":0,"enemies":"2 Louse","floor":3,"turns":3},{"damage":0,"enemies":"Jaw Worm","floor":4,"turns":4},{"damage":0,"enemies":"2 Fungi Beasts","floor":5,"turns":4},{"damage":0,"enemies":"Looter","floor":7,"turns":4},{"damage":3,"enemies":"Large Slime","floor":12,"turns":6},{"damage":20,"enemies":"3 Sentries","floor":14,"turns":6},{"damage":30,"enemies":"The Guardian","floor":16,"turns":10},{"damage":5,"enemies":"Shell Parasite","floor":18,"turns":4},{"damage":55,"enemies":"Masked Bandits","floor":21,"turns":5},{"damage":3,"enemies":"2 Thieves","floor":22,"turns":2}],"seed_played":"-368646095853870821","potions_obtained":[{"floor":1,"key":"Swift Potion"},{"floor":4,"key":"Dexterity Potion"},{"floor":7,"key":"Poison Potion"},{"floor":14,"key":"FairyPotion"}],"is_trial":false,"path_per_floor":["M","?","M","M","M","?","M","R","T","?","?","M","$","E","R","B",null,"M","?","?","?","M"],"character_chosen":"THE_SILENT","items_purchased":["Well Laid Plans","Bane"],"campfire_rested":0,"item_purchase_floors":[13,13],"current_hp_per_floor":[68,54,54,54,54,59,59,59,59,75,75,72,72,52,52,22,75,70,70,54,7,4],"gold":226,"neow_bonus":"RANDOM_COMMON_RELIC","is_prod":false,"is_daily":false,"chose_seed":false,"campfire_upgraded":2,"win_rate":0,"timestamp":1561321245,"path_taken":["M","?","M","M","M","?","M","R","T","?","?","M","$","E","R","BOSS","M","?","?","?","M"],"build_version":"2019-01-23","purchased_purges":0,"victory":false,"max_hp_per_floor":[70,70,70,70,70,75,75,75,75,75,75,75,75,75,75,75,75,75,75,75,75,75],"card_choices":[{"not_picked":["Dagger Throw","Expertise"],"picked":"Noxious Fumes","floor":1},{"not_picked":["Acrobatics","Dodge and Roll"],"picked":"Quick Slash","floor":3},{"not_picked":["Poisoned Stab","PiercingWail"],"picked":"Deflect","floor":4},{"not_picked":["Caltrops","Poisoned Stab"],"picked":"Bane","floor":5},{"not_picked":["Tactician","Poisoned Stab"],"picked":"Prepared","floor":7},{"not_picked":["Heel Hook","Backstab"],"picked":"Quick Slash","floor":12},{"not_picked":["Bouncing Flask","Caltrops"],"picked":"Dodge and Roll","floor":14},{"not_picked":["Glass Knife","Phantasmal Killer"],"picked":"A Thousand Cuts","floor":16},{"not_picked":["Poisoned Stab","Underhanded Strike+1"],"picked":"Deadly Poison+1","floor":18},{"not_picked":["Bouncing Flask+1","Accuracy"],"picked":"Escape Plan","floor":21}],"player_experience":466723,"relics_obtained":[{"floor":9,"key":"Tiny Chest"},{"floor":14,"key":"Snake Skull"},{"floor":20,"key":"Nilry\u0027s Codex"},{"floor":21,"key":"Red Mask"}],"event_choices":[{"damage_healed":0,"gold_gain":0,"player_choice":"Entered Light","damage_taken":14,"max_hp_gain":0,"max_hp_loss":0,"event_name":"Shining Light","floor":2,"gold_loss":0,"cards_upgraded":["Strike_G","Neutralize"]},{"damage_healed":0,"gold_gain":0,"player_choice":"Donut","damage_taken":0,"max_hp_gain":5,"max_hp_loss":0,"event_name":"Big Fish","floor":6,"gold_loss":0},{"damage_healed":18,"gold_gain":0,"player_choice":"Healed and dodged fight","damage_taken":0,"max_hp_gain":0,"max_hp_loss":0,"event_name":"Mushrooms","floor":10,"gold_loss":0,"cards_obtained":["Parasite"]},{"cards_removed":["Strike_G"],"damage_healed":0,"gold_gain":0,"player_choice":"Card Removal","damage_taken":0,"max_hp_gain":0,"max_hp_loss":0,"event_name":"The Cleric","floor":11,"gold_loss":50},{"damage_healed":0,"gold_gain":0,"player_choice":"Opened","damage_taken":0,"relics_obtained":["Bag of Marbles"],"max_hp_gain":0,"max_hp_loss":0,"event_name":"The Mausoleum","floor":19,"gold_loss":0,"cards_obtained":["Writhe"]},{"damage_healed":0,"gold_gain":0,"player_choice":"Obtained Book","damage_taken":16,"max_hp_gain":0,"max_hp_loss":0,"event_name":"Cursed Tome","floor":20,"gold_loss":0},{"damage_healed":0,"gold_gain":0,"player_choice":"Fought Bandits","damage_taken":0,"max_hp_gain":0,"max_hp_loss":0,"event_name":"Masked Bandits","floor":21,"gold_loss":0}],"is_beta":false,"boss_relics":[{"not_picked":["Ectoplasm","Pandora\u0027s Box"],"picked":"Philosopher\u0027s Stone"}],"items_purged_floors":[],"is_endless":false,"potions_floor_spawned":[1,4,7,14,18],"killed_by":"2 Thieves","ascension_level":0}