{"gold_per_floor":[110,110,124,136,146,156,186,186,186,186,186,203,203,237,237,311,311,326,344,344,344,344,344],"floor_reached":23,"playtime":1791,"items_purged":[],"score":391,"play_id":"ec91027a-1fe7-4e2c-ba65-e92db6444514","local_time":"20190302132216","is_ascension_mode":true,"campfire_choices":[{"floor":8.0,"key":"REST"},{"data":"Armaments","floor":13.0,"key":"SMITH"},{"floor":15.0,"key":"REST"}],"neow_cost":"NONE","seed_source_timestamp":0,"circlet_count":0,"master_deck":["AscendersBane","Strike_R","Strike_R","Strike_R","Strike_R","Defend_R","Defend_R+1","Defend_R","Defend_R+1","Bash","Body Slam","True Grit","Shrug It Off","Disarm","Pummel","Rampage","Armaments+1","Shrug It Off","Exhume","Offering","Armaments","Metallicize+1","Writhe"],"special_seed":0,"relics":["Burning Blood","Frozen Egg 2","War Paint","Strawberry","Spirit Poop","Shuriken","Runic Dome","Pantograph","Enchiridion"],"potions_floor_usage":[23,23],"damage_taken":[{"damage":3.0,"enemies":"Small Slimes","floor":1.0,"turns":6.0},{"damage":4.0,"enemies":"Cultist","floor":3.0,"turns":4.0},{"damage":6.0,"enemies":"2 Louse","floor":4.0,"turns":4.0},{"damage":23.0,"enemies":"Lots of Slimes","floor":5.0,"turns":7.0},{"damage":32.0,"enemies":"Exordium Thugs","floor":6.0,"turns":7.0},{"damage":29.0,"enemies":"3 Sentries","floor":7.0,"turns":10.0},{"damage":9.0,"enemies":"3 Louse","floor":12.0,"turns":4.0},{"damage":25.0,"enemies":"Gremlin Nob","floor":14.0,"turns":4.0},{"damage":28.0,"enemies":"The Guardian","floor":16.0,"turns":14.0},{"damage":15,"enemies":"Chosen","floor":18,"turns":5},{"damage":31,"enemies":"2 Thieves","floor":19,"turns":4},{"damage":44,"enemies":"Slavers","floor":23,"turns":4}],"seed_played":"8125710326279899915","potions_obtained":[{"floor":3.0,"key":"LiquidBronze"},{"floor":7.0,"key":"EssenceOfSteel"},{"floor":12.0,"key":"EntropicBrew"},{"floor":18,"key":"Weak Potion"},{"floor":19,"key":"FearPotion"}],"is_trial":false,"path_per_floor":["M","?","M","M","M","M","E","R","T","?","?","M","R","E","R","B",null,"M","M","?","?","?","E"],"character_chosen":"IRONCLAD","items_purchased":[],"campfire_rested":2,"item_purchase_floors":[],"current_hp_per_floor":[78,78,80,80,63,37,14,38,38,45,45,42,42,23,49,27,74,65,40,40,19,37,0],"gold":344,"neow_bonus":"TEN_PERCENT_HP_BONUS","is_prod":false,"is_daily":false,"chose_seed":false,"campfire_upgraded":1,"win_rate":0,"timestamp":1551550936,"path_taken":["M","?","M","M","M","?","E","R","T","?","?","?","R","E","R","BOSS","M","M","?","?","?","E"],"build_version":"2019-02-06","purchased_purges":0,"victory":false,"max_hp_per_floor":[82,82,82,82,82,82,82,82,82,89,89,89,89,89,89,89,89,89,89,89,89,89,89],"card_choices":[{"not_picked":["Clash","Seeing Red"],"picked":"Body Slam","floor":1.0},{"not_picked":["Clash","Warcry"],"picked":"Shrug It Off","floor":3.0},{"not_picked":["Exhume","Pommel Strike"],"picked":"Disarm","floor":4.0},{"not_picked":["Wild Strike","Sword Boomerang"],"picked":"Pummel","floor":5.0},{"not_picked":["Flex","Bloodletting"],"picked":"Rampage","floor":6.0},{"not_picked":["Flex","Body Slam"],"picked":"Armaments","floor":7.0},{"not_picked":["Perfected Strike","Clash"],"picked":"Shrug It Off","floor":12.0},{"not_picked":["Havoc","Warcry"],"picked":"Exhume","floor":14.0},{"not_picked":["Double Tap","Immolate"],"picked":"Offering","floor":16.0},{"not_picked":["Iron Wave","Wild Strike+1"],"picked":"Armaments","floor":18},{"not_picked":["Anger+1","Warcry"],"picked":"Metallicize+1","floor":19}],"player_experience":1017533,"relics_obtained":[{"floor":7.0,"key":"Frozen Egg 2"},{"floor":9.0,"key":"War Paint"},{"floor":14.0,"key":"Shuriken"},{"floor":21,"key":"Enchiridion"}],"event_choices":[{"damage_healed":0.0,"max_hp_gain":0.0,"max_hp_loss":0.0,"gold_gain":0.0,"cards_transformed":["Strike_R"],"event_name":"Transmorgrifier","player_choice":"Transformed","floor":2.0,"gold_loss":0.0,"damage_taken":0.0,"cards_obtained":["True Grit"]},{"damage_healed":0.0,"max_hp_gain":0.0,"max_hp_loss":0.0,"gold_gain":0.0,"event_name":"Big Fish","player_choice":"Box","floor":10.0,"gold_loss":0.0,"damage_taken":0.0,"relics_obtained":["Strawberry"],"cards_obtained":["Regret"]},{"cards_removed":["Regret"],"damage_healed":0.0,"max_hp_gain":0.0,"max_hp_loss":0.0,"gold_gain":0.0,"event_name":"Bonfire Elementals","player_choice":"Offered Curse","floor":11.0,"gold_loss":0.0,"damage_taken":0.0,"relics_obtained":["Spirit Poop"]},{"damage_healed":0,"gold_gain":0,"player_choice":"Opened","damage_taken":0,"relics_obtained":["Pantograph"],"max_hp_gain":0,"max_hp_loss":0,"event_name":"The Mausoleum","floor":20,"gold_loss":0,"cards_obtained":["Writhe"]},{"damage_healed":0,"gold_gain":0,"player_choice":"Obtained Book","damage_taken":21,"max_hp_gain":0,"max_hp_loss":0,"event_name":"Cursed Tome","floor":21,"gold_loss":0},{"damage_healed":18,"gold_gain":0,"player_choice":"Heal","damage_taken":0,"max_hp_gain":0,"max_hp_loss":0,"event_name":"The Library","floor":22,"gold_loss":0}],"is_beta":true,"boss_relics":[{"not_picked":["Cursed Key","Snecko Eye"],"picked":"Runic Dome"}],"items_purged_floors":[],"is_endless":false,"potions_floor_spawned":[3,7,12,18,19],"killed_by":"Slavers","ascension_level":19}