{"gold_per_floor":[119,119,79,96,115,115,125,140,165,182,182,197,213,213,213,287,287,305,323,14,14,24,24,24],"floor_reached":24,"playtime":1007,"items_purged":[],"score":346,"play_id":"205fc19e-42c0-4834-8941-6e88a7fb916b","local_time":"20190126092428","is_ascension_mode":true,"campfire_choices":[{"data":"Rampage","floor":6.0,"key":"SMITH"},{"data":"Armaments","floor":11.0,"key":"SMITH"},{"data":"Inflame","floor":15.0,"key":"SMITH"},{"data":"Limit Break","floor":23.0,"key":"SMITH"}],"neow_cost":"TEN_PERCENT_HP_LOSS","seed_source_timestamp":167880422170329,"circlet_count":0,"master_deck":["AscendersBane","Strike_R+1","Strike_R+1","Strike_R+1","Strike_R+1","Strike_R+1","Defend_R+1","Defend_R+1","Defend_R+1","Defend_R+1","Bash","Mind Blast","Blind","Fire Breathing","Uppercut","Inflame+1","Rampage+1","Spot Weakness","Ghostly Armor","Armaments+1","Whirlwind","Ghostly Armor","Limit Break+1","Flex+1","Twin Strike+1","Flex+1"],"special_seed":0,"relics":["Burning Blood","Vajra","Smiling Mask","Eternal Feather","Membership Card","Blood Vial"],"potions_floor_usage":[],"damage_taken":[{"damage":5.0,"enemies":"Jaw Worm","floor":1.0,"turns":4.0},{"damage":10.0,"enemies":"Small Slimes","floor":4.0,"turns":5.0},{"damage":2.0,"enemies":"Cultist","floor":5.0,"turns":4.0},{"damage":13.0,"enemies":"Blue Slaver","floor":7.0,"turns":4.0},{"damage":8.0,"enemies":"Large Slime","floor":8.0,"turns":5.0},{"damage":11.0,"enemies":"2 Fungi Beasts","floor":10.0,"turns":4.0},{"damage":13.0,"enemies":"Blue Slaver","floor":12.0,"turns":4.0},{"damage":11.0,"enemies":"Red Slaver","floor":13.0,"turns":3.0},{"damage":24.0,"enemies":"The Guardian","floor":16.0,"turns":10.0},{"damage":10.0,"enemies":"3 Byrds","floor":18.0,"turns":6.0},{"damage":17.0,"enemies":"2 Thieves","floor":19.0,"turns":5.0},{"damage":26.0,"enemies":"Shelled Parasite and Fungi","floor":22.0,"turns":6.0},{"damage":47,"enemies":"Book of Stabbing","floor":24,"turns":5}],"seed_played":"4926091633737234068","potions_obtained":[{"floor":1.0,"key":"SteroidPotion"},{"floor":8.0,"key":"GamblersBrew"},{"floor":12.0,"key":"Weak Potion"},{"floor":13.0,"key":"Weak Potion"},{"floor":18.0,"key":"Block Potion"}],"is_trial":false,"path_per_floor":["M","?","$","M","M","R","M","M","T","M","R","M","M","?","R","B",null,"M","M","$","?","M","R","E"],"character_chosen":"IRONCLAD","items_purchased":["Uppercut","Membership Card","Blood Vial"],"campfire_rested":0,"item_purchase_floors":[3,20,20],"current_hp_per_floor":[68,73,73,69,73,73,66,64,64,59,59,52,47,47,47,29,62,58,47,47,47,29,44,0],"gold":24,"neow_bonus":"RANDOM_COLORLESS_2","is_prod":false,"is_daily":false,"chose_seed":false,"campfire_upgraded":4,"win_rate":0,"timestamp":1548512668,"path_taken":["M","?","?","M","M","R","M","M","T","M","R","M","M","?","R","BOSS","M","?","$","?","M","R","E"],"build_version":"2019-01-23","purchased_purges":0,"victory":false,"max_hp_per_floor":[68,73,73,73,73,73,73,73,73,73,73,73,73,73,73,73,73,73,73,73,73,73,73,73],"card_choices":[{"not_picked":["Pummel","Body Slam"],"picked":"Fire Breathing","floor":1.0},{"not_picked":["Dropkick","True Grit"],"picked":"Inflame","floor":4.0},{"not_picked":["Sever Soul","Clothesline"],"picked":"Rampage","floor":5.0},{"not_picked":["Searing Blow","Reckless Charge"],"picked":"Spot Weakness","floor":7.0},{"not_picked":["Entrench","Power Through"],"picked":"Ghostly Armor","floor":8.0},{"not_picked":["Havoc","Uppercut"],"picked":"Armaments","floor":10.0},{"not_picked":["Burning Pact","Clash"],"picked":"Whirlwind","floor":12.0},{"not_picked":["Rupture","True Grit"],"picked":"Ghostly Armor","floor":13.0},{"not_picked":["Offering","Juggernaut"],"picked":"Limit Break","floor":16.0},{"not_picked":["Body Slam","Warcry"],"picked":"Flex+1","floor":18.0},{"not_picked":["True Grit","Headbutt"],"picked":"Twin Strike+1","floor":19.0},{"not_picked":["Rage","Shrug It Off"],"picked":"Flex+1","floor":22.0}],"player_experience":863946,"relics_obtained":[{"floor":9.0,"key":"Vajra"}],"event_choices":[{"damage_healed":0.0,"max_hp_gain":5.0,"max_hp_loss":0.0,"gold_gain":0.0,"event_name":"Big Fish","player_choice":"Donut","floor":2.0,"gold_loss":0.0,"damage_taken":0.0},{"damage_healed":0.0,"max_hp_gain":0.0,"max_hp_loss":0.0,"gold_gain":0.0,"event_name":"WeMeetAgain","player_choice":"Gave Potion","floor":14.0,"gold_loss":0.0,"damage_taken":0.0,"relics_obtained":["Smiling Mask"]},{"damage_healed":0.0,"max_hp_gain":0.0,"max_hp_loss":0.0,"gold_gain":0.0,"event_name":"Back to Basics","player_choice":"Simplicity","floor":21.0,"gold_loss":0.0,"damage_taken":0.0,"cards_upgraded":["Strike_R","Strike_R","Strike_R","Strike_R","Strike_R","Defend_R","Defend_R","Defend_R","Defend_R"]}],"is_beta":true,"boss_relics":[{"not_picked":["Sozu","Astrolabe"],"picked":"Eternal Feather"}],"items_purged_floors":[],"is_endless":false,"potions_floor_spawned":[1,8,12,13,18],"killed_by":"Book of Stabbing","ascension_level":16}