{"gold_per_floor":[119,119,133,133,24,55,71,99,175,52,71,104,122,48,48,121,121,135,151,161,177,195,195,223,239,264,264,282,21,21],"floor_reached":30,"playtime":1459,"items_purged":["Strike_R"],"score":493,"play_id":"5fae16d0-5840-422b-987a-41fc6fcb6f75","local_time":"20190710172458","is_ascension_mode":true,"campfire_choices":[{"data":"Combust","floor":15,"key":"SMITH"},{"floor":23,"key":"REST"}],"neow_cost":"NONE","seed_source_timestamp":1281222090191700,"circlet_count":0,"master_deck":["AscendersBane","Strike_R","Strike_R","Strike_R","Strike_R","Defend_R","Defend_R","Defend_R","Defend_R","Bash","Armaments+1","Combust+1","Headbutt","Battle Trance+1","Carnage+1","Combust+1","Clothesline","Sword Boomerang","Barricade+1","Fire Breathing+1","Inflame+1","Reaper+1","Sword Boomerang","Rupture+1","Shrug It Off","Pommel Strike","Inflame+1","Metallicize+1"],"relics":["Burning Blood","NeowsBlessing","Pocketwatch","Bag of Preparation","Frozen Egg 2","Potion Belt","Sozu","Whetstone","Blood Vial","Meat on the Bone"],"potions_floor_usage":[13,13,16,30],"damage_taken":[{"damage":0,"enemies":"Small Slimes","floor":1,"turns":1},{"damage":0,"enemies":"Cultist","floor":3,"turns":1},{"damage":0,"enemies":"Gremlin Nob","floor":6,"turns":1},{"damage":11,"enemies":"2 Louse","floor":7,"turns":3},{"damage":30,"enemies":"3 Sentries","floor":8,"turns":7},{"damage":16,"enemies":"Exordium Thugs","floor":11,"turns":5},{"damage":30,"enemies":"Lagavulin","floor":12,"turns":5},{"damage":7,"enemies":"Lots of Slimes","floor":13,"turns":2},{"damage":35,"enemies":"The Guardian","floor":16,"turns":11},{"damage":3,"enemies":"Chosen","floor":18,"turns":3},{"damage":23,"enemies":"Shell Parasite","floor":19,"turns":4},{"damage":14,"enemies":"Snecko","floor":20,"turns":5},{"damage":26,"enemies":"Shelled Parasite and Fungi","floor":21,"turns":5},{"damage":12,"enemies":"Cultist and Chosen","floor":22,"turns":3},{"damage":73,"enemies":"Book of Stabbing","floor":24,"turns":6},{"damage":27,"enemies":"Centurion and Healer","floor":25,"turns":4},{"damage":16,"enemies":"3 Cultists","floor":28,"turns":3},{"damage":28,"enemies":"Slavers","floor":30,"turns":2}],"seed_played":"2457071528446866556","potions_obtained":[{"floor":3,"key":"EssenceOfSteel"},{"floor":6,"key":"BloodPotion"},{"floor":12,"key":"Block Potion"},{"floor":13,"key":"FearPotion"}],"is_trial":false,"path_per_floor":["M","?","M","?","$","E","M","E","T","$","M","E","M","$","R","B",null,"M","M","M","M","M","R","E","M","T","?","M","$","E"],"character_chosen":"IRONCLAD","items_purchased":["Combust","Combust+1","Clothesline","Inflame+1","Meat on the Bone"],"campfire_rested":1,"item_purchase_floors":[5,10,10,14,29],"current_hp_per_floor":[78,78,80,80,80,80,75,51,51,51,41,17,36,36,36,7,62,75,58,58,38,48,72,14,9,9,9,25,25,0],"gold":21,"neow_bonus":"THREE_ENEMY_KILL","is_prod":false,"is_daily":false,"chose_seed":false,"campfire_upgraded":1,"win_rate":0,"timestamp":1562793898,"path_taken":["M","?","?","?","?","E","M","E","T","$","M","E","M","$","R","BOSS","M","M","M","M","?","R","E","M","T","?","M","?","E"],"build_version":"2019-07-05","purchased_purges":1,"victory":false,"max_hp_per_floor":[80,80,80,80,80,80,80,80,80,80,80,80,80,80,80,80,80,80,80,80,80,80,80,80,80,80,80,80,80,80],"card_choices":[{"not_picked":["True Grit","Thunderclap"],"picked":"Armaments","floor":1},{"not_picked":["Second Wind","Heavy Blade","Burning Pact"],"picked":"SKIP","floor":3},{"not_picked":["Barricade","Limit Break"],"picked":"Headbutt","floor":6},{"not_picked":["Clothesline","Wild Strike"],"picked":"Battle Trance","floor":7},{"not_picked":["Blood for Blood","Body Slam"],"picked":"Carnage","floor":8},{"not_picked":["Sentinel","Heavy Blade"],"picked":"Sword Boomerang","floor":11},{"not_picked":["Bludgeon","Body Slam"],"picked":"Barricade+1","floor":12},{"not_picked":["Clothesline","Anger"],"picked":"Fire Breathing+1","floor":13},{"not_picked":["Bludgeon","Dark Embrace+1"],"picked":"Reaper","floor":16},{"not_picked":["Clash","Twin Strike"],"picked":"Sword Boomerang","floor":18},{"not_picked":["True Grit","Wild Strike"],"picked":"Rupture+1","floor":19},{"not_picked":["Intimidate","Sever Soul"],"picked":"Shrug It Off","floor":20},{"not_picked":["Clothesline","Perfected Strike","Body Slam"],"picked":"SKIP","floor":21},{"not_picked":["Perfected Strike","Carnage"],"picked":"Pommel Strike","floor":22},{"not_picked":["Exhume","Bloodletting"],"picked":"Inflame+1","floor":24},{"not_picked":["Warcry","Clothesline"],"picked":"Metallicize+1","floor":25},{"not_picked":["Wild Strike","Havoc","Perfected Strike"],"picked":"SKIP","floor":28}],"player_experience":611227,"relics_obtained":[{"floor":6,"key":"Pocketwatch"},{"floor":8,"key":"Bag of Preparation"},{"floor":9,"key":"Frozen Egg 2"},{"floor":12,"key":"Potion Belt"},{"floor":24,"key":"Whetstone"},{"floor":26,"key":"Blood Vial"}],"event_choices":[{"damage_healed":0,"gold_gain":0,"player_choice":"0 cards matched","damage_taken":0,"max_hp_gain":0,"max_hp_loss":0,"event_name":"Match and Keep!","floor":2,"gold_loss":0,"cards_obtained":[]},{"damage_healed":0,"gold_gain":0,"player_choice":"Upgraded","damage_taken":0,"max_hp_gain":0,"max_hp_loss":0,"event_name":"Upgrade Shrine","floor":4,"gold_loss":0,"cards_upgraded":["Armaments"]},{"damage_healed":0,"gold_gain":0,"player_choice":"Upgraded","damage_taken":0,"max_hp_gain":0,"max_hp_loss":0,"event_name":"Upgrade Shrine","floor":27,"gold_loss":0,"cards_upgraded":["Battle Trance"]}],"is_beta":false,"boss_relics":[{"not_picked":["Runic Cube","Eternal Feather"],"picked":"Sozu"}],"items_purged_floors":[5],"is_endless":false,"potions_floor_spawned":[3,6,12,13,18,22,24,25],"killed_by":"Slavers","ascension_level":13}