{"gold_per_floor":[113,113,132,146,146,146,157,192,192,192,7,7,48,60,60,157,157,200,200,0,0,26,26,62,62,62,91,107,107,118,132,132,132],"floor_reached":33,"playtime":1918,"items_purged":[],"score":332,"play_id":"4a527a1b-92fe-440a-86d9-e76da230769a","local_time":"20190704212517","is_ascension_mode":true,"campfire_choices":[{"data":"Neutralize","floor":6.0,"key":"SMITH"},{"data":"Strike_G","floor":10.0,"key":"SMITH"},{"data":"Defend_G","floor":15.0,"key":"SMITH"},{"floor":23,"key":"DIG"},{"floor":25,"key":"DIG"},{"data":"Backflip","floor":32,"key":"SMITH"}],"neow_cost":"NONE","seed_source_timestamp":0,"circlet_count":0,"master_deck":["Strike_G+1","Strike_G+1","Strike_G+1","Strike_G+1","Strike_G+1","Defend_G+1","Defend_G+1","Defend_G+1","Defend_G+1","Defend_G+1","Survivor","Neutralize+1","Leg Sweep+1","Slice","Flying Knee","PiercingWail","Sucker Punch+1","HandOfGreed+1","Backstab+1","Dagger Spray+1","Unload+1","Parasite","Regret","Parasite","Adrenaline","Backstab+1","Flying Knee+1","Backflip+1","Dagger Spray+1"],"special_seed":0,"relics":["Coffee Dripper","Molten Egg 2","Pantograph","Calling Bell","Dream Catcher","Paper Crane","Shovel","Pear","Potion Belt","Darkstone Periapt","Blue Candle","Art of War","Meat on the Bone"],"potions_floor_usage":[18,27,28,33],"damage_taken":[{"damage":0.0,"enemies":"2 Louse","floor":1.0,"turns":2.0},{"damage":0.0,"enemies":"Cultist","floor":3.0,"turns":5.0},{"damage":0.0,"enemies":"Small Slimes","floor":4.0,"turns":4.0},{"damage":0.0,"enemies":"Exordium Wildlife","floor":7.0,"turns":5.0},{"damage":21.0,"enemies":"Gremlin Nob","floor":8.0,"turns":6.0},{"damage":2.0,"enemies":"2 Fungi Beasts","floor":13.0,"turns":3.0},{"damage":0.0,"enemies":"3 Louse","floor":14.0,"turns":3.0},{"damage":27.0,"enemies":"The Guardian","floor":16.0,"turns":12.0},{"damage":5,"enemies":"2 Thieves","floor":18,"turns":3},{"damage":8,"enemies":"Chosen","floor":24,"turns":3},{"damage":0,"enemies":"Slavers","floor":27,"turns":4},{"damage":0,"enemies":"Sentry and Sphere","floor":28,"turns":5},{"damage":22,"enemies":"Snake Plant","floor":30,"turns":3},{"damage":24,"enemies":"Shelled Parasite and Fungi","floor":31,"turns":4},{"damage":74,"enemies":"Automaton","floor":33,"turns":8}],"seed_played":"-5631123109601103690","potions_obtained":[{"floor":1.0,"key":"GamblersBrew"},{"floor":8.0,"key":"Block Potion"},{"floor":13.0,"key":"SpeedPotion"},{"floor":14.0,"key":"Fire Potion"},{"floor":24,"key":"Poison Potion"},{"floor":31,"key":"EssenceOfSteel"}],"is_trial":false,"path_per_floor":["M","?","M","M","?","R","M","E","T","R","$","$","M","M","R","B",null,"M","?","?","?","T","R","M","R","T","E","M","$","M","M","R","B"],"character_chosen":"THE_SILENT","items_purchased":["HandOfGreed+1"],"campfire_rested":0,"item_purchase_floors":[11],"current_hp_per_floor":[70,70,70,70,75,75,75,54,54,54,54,54,52,52,52,48,75,70,70,70,80,80,80,72,72,72,72,72,72,50,38,38,0],"gold":132,"neow_bonus":"BOSS_RELIC","is_prod":false,"is_daily":false,"chose_seed":false,"campfire_upgraded":4,"win_rate":0,"timestamp":1562289917,"path_taken":["M","?","?","M","?","R","M","E","T","R","?","$","M","M","R","BOSS","M","?","?","?","?","R","?","R","T","E","M","?","M","M","R","BOSS"],"build_version":"2019-07-01","purchased_purges":0,"victory":false,"max_hp_per_floor":[70,70,70,70,75,75,75,75,75,75,75,75,75,75,75,75,75,75,75,75,85,85,85,85,85,85,85,85,85,85,85,85,85],"card_choices":[{"not_picked":["All Out Attack","Poisoned Stab"],"picked":"Leg Sweep","floor":1.0},{"not_picked":["Accuracy","Deadly Poison"],"picked":"Slice","floor":3.0},{"not_picked":["Underhanded Strike","Dodge and Roll"],"picked":"Flying Knee","floor":4.0},{"not_picked":["Skewer","Calculated Gamble"],"picked":"PiercingWail","floor":7.0},{"not_picked":["Poisoned Stab","Cloak And Dagger"],"picked":"Sucker Punch","floor":8.0},{"not_picked":["Bullet Time","Concentrate"],"picked":"Backstab+1","floor":13.0},{"not_picked":["Blade Dance","Infinite Blades"],"picked":"Dagger Spray+1","floor":14.0},{"not_picked":["Envenom","Storm of Steel"],"picked":"Unload+1","floor":16.0},{"not_picked":["Outmaneuver","Deadly Poison"],"picked":"Adrenaline","floor":18},{"not_picked":["Bouncing Flask","Poisoned Stab+1"],"picked":"Backstab+1","floor":24},{"not_picked":["Acrobatics+1","Burst"],"picked":"Flying Knee+1","floor":27},{"not_picked":["Outmaneuver","PiercingWail+1"],"picked":"Backflip","floor":28},{"not_picked":["Poisoned Stab+1","Crippling Poison","Calculated Gamble"],"picked":"SKIP","floor":30},{"not_picked":["Sucker Punch+1","All Out Attack+1"],"picked":"Dagger Spray+1","floor":31}],"player_experience":603681,"relics_obtained":[{"floor":8.0,"key":"Molten Egg 2"},{"floor":9.0,"key":"Pantograph"},{"floor":17.0,"key":"Dream Catcher"},{"floor":17.0,"key":"Paper Crane"},{"floor":17.0,"key":"Shovel"},{"floor":22,"key":"Potion Belt"},{"floor":23,"key":"Darkstone Periapt"},{"floor":25,"key":"Blue Candle"},{"floor":26,"key":"Art of War"},{"floor":27,"key":"Meat on the Bone"}],"event_choices":[{"damage_healed":0.0,"max_hp_gain":0.0,"max_hp_loss":0.0,"gold_gain":0.0,"event_name":"Upgrade Shrine","player_choice":"Upgraded","floor":2.0,"gold_loss":0.0,"damage_taken":0.0,"cards_upgraded":["Leg Sweep"]},{"damage_healed":0.0,"max_hp_gain":5.0,"max_hp_loss":0.0,"gold_gain":0.0,"event_name":"Big Fish","player_choice":"Donut","floor":5.0,"gold_loss":0.0,"damage_taken":0.0},{"damage_healed":0,"gold_gain":0,"player_choice":"Simplicity","damage_taken":0,"max_hp_gain":0,"max_hp_loss":0,"event_name":"Back to Basics","floor":19,"gold_loss":0,"cards_upgraded":["Strike_G","Strike_G","Strike_G","Strike_G","Defend_G","Defend_G","Defend_G","Defend_G"]},{"damage_healed":0,"gold_gain":0,"player_choice":"Paid Fearfully","damage_taken":0,"max_hp_gain":0,"max_hp_loss":0,"event_name":"Masked Bandits","floor":20,"gold_loss":200},{"damage_healed":0,"gold_gain":0,"player_choice":"Opened","damage_taken":0,"relics_obtained":["Pear"],"max_hp_gain":0,"max_hp_loss":0,"event_name":"The Mausoleum","floor":21,"gold_loss":0}],"is_beta":false,"boss_relics":[{"not_picked":["Astrolabe","Snecko Eye"],"picked":"Calling Bell"}],"items_purged_floors":[],"is_endless":false,"potions_floor_spawned":[1,8,13,14,24,31],"killed_by":"Automaton","ascension_level":1}