{"gold_per_floor":[116,128,203,216,235,235,269,269,294,304,335,335,17,52,52,130,130,149,160,17,17,33,33,68,85,85,103,103],"floor_reached":28,"playtime":1213,"items_purged":[],"score":499,"play_id":"7f1b42a7-8e23-4b4a-9176-dc9d545f6271","local_time":"20190726203334","is_ascension_mode":true,"campfire_choices":[{"data":"Cleave","floor":6,"key":"SMITH"},{"floor":8,"key":"REST"},{"floor":15,"key":"REST"},{"floor":23,"key":"REST"}],"neow_cost":"NONE","seed_source_timestamp":178112218961100,"circlet_count":0,"master_deck":["AscendersBane","Strike_R","Strike_R","Strike_R","Strike_R","Strike_R","Defend_R","Defend_R","Defend_R","Defend_R","Bash","Anger","Clothesline","Pommel Strike","True Grit","Cleave+1","Anger","Ghostly Armor","Feed","Panacea","Evolve","Cleave","Impervious","Perfected Strike+1","Whirlwind+1","Mind Blast","Clothesline","Writhe","Clothesline+1","Anger+1","Heavy Blade+1","Carnage+1"],"relics":["Burning Blood","Orichalcum","Blood Vial","Bronze Scales","Blue Candle","Boot","Snecko Eye","Molten Egg 2","Dream Catcher","Anchor"],"potions_floor_usage":[11,14,19,19],"damage_taken":[{"damage":15,"enemies":"Small Slimes","floor":1,"turns":4},{"damage":12,"enemies":"Jaw Worm","floor":2,"turns":3},{"damage":0,"enemies":"Cultist","floor":4,"turns":3},{"damage":14,"enemies":"Looter","floor":5,"turns":3},{"damage":35,"enemies":"Lagavulin","floor":7,"turns":6},{"damage":16,"enemies":"Red Slaver","floor":10,"turns":4},{"damage":0,"enemies":"Gremlin Nob","floor":11,"turns":2},{"damage":13,"enemies":"3 Sentries","floor":14,"turns":6},{"damage":39,"enemies":"Slime Boss","floor":16,"turns":10},{"damage":18,"enemies":"Shell Parasite","floor":18,"turns":5},{"damage":18,"enemies":"2 Thieves","floor":19,"turns":3},{"damage":30,"enemies":"Centurion and Healer","floor":22,"turns":5},{"damage":29,"enemies":"Gremlin Leader","floor":24,"turns":8},{"damage":26,"enemies":"Sentry and Sphere","floor":25,"turns":5},{"damage":9,"enemies":"Shelled Parasite and Fungi","floor":27,"turns":5},{"damage":27,"enemies":"Masked Bandits","floor":28,"turns":3}],"seed_played":"-7774248309848804577","potions_obtained":[{"floor":7,"key":"AttackPotion"},{"floor":11,"key":"Block Potion"},{"floor":14,"key":"Energy Potion"},{"floor":16,"key":"Strength Potion"},{"floor":22,"key":"Dexterity Potion"}],"is_trial":false,"path_per_floor":["M","M","?","M","M","R","E","R","T","M","E","?","$","E","R","B",null,"M","M","$","?","M","R","E","M","T","M","?"],"character_chosen":"IRONCLAD","items_purchased":["Feed","Panacea","Evolve","Mind Blast","Clothesline"],"campfire_rested":3,"item_purchase_floors":[13,13,13,20,20],"current_hp_per_floor":[59,53,42,48,40,40,11,33,33,25,33,33,33,31,54,23,64,54,47,47,47,25,49,28,13,13,15,0],"gold":103,"neow_bonus":"THREE_CARDS","is_prod":false,"is_daily":false,"chose_seed":false,"campfire_upgraded":1,"win_rate":0,"timestamp":1564187614,"path_taken":["M","M","?","M","M","R","E","R","T","M","E","?","$","E","R","BOSS","M","M","$","?","M","R","E","M","T","M","?"],"build_version":"2019-07-17","purchased_purges":0,"victory":false,"max_hp_per_floor":[75,75,75,75,75,75,75,75,75,75,75,75,75,78,78,78,78,78,81,81,81,81,81,81,84,84,87,87],"card_choices":[{"not_picked":["Fire Breathing","Shrug It Off"],"picked":"Anger","floor":0},{"not_picked":["True Grit","Blood for Blood"],"picked":"Clothesline","floor":1},{"not_picked":["Shrug It Off","Iron Wave"],"picked":"Pommel Strike","floor":2},{"not_picked":["Perfected Strike","Flex"],"picked":"True Grit","floor":4},{"not_picked":["Warcry","Burning Pact"],"picked":"Cleave","floor":5},{"not_picked":["Twin Strike","Clash"],"picked":"Wild Strike","floor":7},{"not_picked":["Ghostly Armor","Body Slam"],"picked":"Anger","floor":10},{"not_picked":["Carnage","Anger"],"picked":"Ghostly Armor","floor":11},{"not_picked":["Thunderclap","Bloodletting"],"picked":"Cleave","floor":14},{"not_picked":["Juggernaut","Fiend Fire"],"picked":"Impervious","floor":16},{"not_picked":["Wild Strike","Clothesline"],"picked":"Perfected Strike+1","floor":18},{"not_picked":["Heavy Blade","Metallicize"],"picked":"Whirlwind+1","floor":19},{"not_picked":["Infernal Blade","Pommel Strike+1"],"picked":"Clothesline+1","floor":22},{"not_picked":["Berserk","Rage"],"picked":"Anger+1","floor":24},{"not_picked":["Entrench","Corruption"],"picked":"Heavy Blade+1","floor":25},{"not_picked":["Flex","Sentinel+1"],"picked":"Carnage+1","floor":27}],"player_experience":701106,"relics_obtained":[{"floor":7,"key":"Orichalcum"},{"floor":9,"key":"Blood Vial"},{"floor":11,"key":"Bronze Scales"},{"floor":14,"key":"Boot"},{"floor":24,"key":"Dream Catcher"},{"floor":26,"key":"Anchor"}],"event_choices":[{"damage_healed":0,"gold_gain":75,"player_choice":"Gather Gold","damage_taken":11,"max_hp_gain":0,"max_hp_loss":0,"event_name":"World of Goop","floor":3,"gold_loss":0},{"cards_removed":["Wild Strike"],"damage_healed":0,"gold_gain":0,"player_choice":"Gave Card","damage_taken":0,"relics_obtained":["Blue Candle"],"max_hp_gain":0,"max_hp_loss":0,"event_name":"WeMeetAgain","floor":12,"gold_loss":0},{"damage_healed":0,"gold_gain":0,"player_choice":"Opened","damage_taken":0,"relics_obtained":["Molten Egg 2"],"max_hp_gain":0,"max_hp_loss":0,"event_name":"The Mausoleum","floor":21,"gold_loss":0,"cards_obtained":["Writhe"]},{"damage_healed":0,"gold_gain":0,"player_choice":"Fought Bandits","damage_taken":0,"max_hp_gain":0,"max_hp_loss":0,"event_name":"Masked Bandits","floor":28,"gold_loss":0}],"is_beta":false,"boss_relics":[{"not_picked":["Velvet Choker","Fusion Hammer"],"picked":"Snecko Eye"}],"items_purged_floors":[],"is_endless":false,"potions_floor_spawned":[7,11,14,16,22],"killed_by":"Masked Bandits","ascension_level":15}