{"gold_per_floor":[117,117,134,134,134,167,167,183,183,183,183],"floor_reached":11,"playtime":635,"items_purged":[],"score":92,"play_id":"cd7a2ccc-34c9-48bf-92a3-b604c76bb717","local_time":"20190714215013","is_ascension_mode":true,"campfire_choices":[{"data":"Footwork","floor":7,"key":"SMITH"},{"data":"Quick Slash","floor":10,"key":"SMITH"}],"neow_cost":"NONE","seed_source_timestamp":1643564455042400,"circlet_count":0,"master_deck":["Strike_G","Strike_G","Strike_G","Strike_G","Strike_G","Defend_G","Defend_G","Defend_G","Defend_G","Defend_G","Survivor","Neutralize","Footwork+1","Neutralize","Purity","Bouncing Flask","PiercingWail","Quick Slash+1","Footwork"],"relics":["Eternal Feather","Unceasing Top","Blue Candle","Sundial"],"potions_floor_usage":[6],"damage_taken":[{"damage":0,"enemies":"Small Slimes","floor":1,"turns":3},{"damage":0,"enemies":"Cultist","floor":3,"turns":5},{"damage":36,"enemies":"Lagavulin","floor":6,"turns":7},{"damage":8,"enemies":"2 Louse","floor":8,"turns":2},{"damage":46,"enemies":"3 Sentries","floor":11,"turns":9}],"seed_played":"9157988619867657954","potions_obtained":[{"floor":1,"key":"SkillPotion"}],"is_trial":false,"path_per_floor":["M","?","M","?","?","E","R","M","T","R","E"],"character_chosen":"THE_SILENT","items_purchased":[],"campfire_rested":0,"item_purchase_floors":[],"current_hp_per_floor":[63,63,63,56,70,34,43,35,35,44,0],"gold":183,"neow_bonus":"BOSS_RELIC","is_prod":false,"is_daily":false,"chose_seed":false,"campfire_upgraded":2,"win_rate":0,"timestamp":1563155413,"path_taken":["M","?","?","?","?","E","R","M","T","R","E"],"build_version":"2019-07-05","purchased_purges":0,"victory":false,"max_hp_per_floor":[70,70,70,70,70,70,70,70,70,70,70],"card_choices":[{"not_picked":["Accuracy","Dodge and Roll"],"picked":"Footwork","floor":1},{"not_picked":["Poisoned Stab","Deadly Poison"],"picked":"PiercingWail","floor":3},{"not_picked":["Blade Dance","Flechettes"],"picked":"Quick Slash","floor":6},{"not_picked":["Outmaneuver","Blade Dance"],"picked":"Footwork","floor":8}],"player_experience":638474,"relics_obtained":[{"floor":6,"key":"Blue Candle"},{"floor":9,"key":"Sundial"}],"event_choices":[{"damage_healed":0,"gold_gain":0,"player_choice":"3 cards matched","damage_taken":0,"max_hp_gain":0,"max_hp_loss":0,"event_name":"Match and Keep!","floor":2,"gold_loss":0,"cards_obtained":["Neutralize","Purity","Bouncing Flask"]},{"damage_healed":0,"gold_gain":0,"player_choice":"Success","damage_taken":7,"relics_obtained":["Unceasing Top"],"max_hp_gain":0,"max_hp_loss":0,"event_name":"Scrap Ooze","floor":4,"gold_loss":0},{"damage_healed":14,"gold_gain":0,"player_choice":"Full Heal","damage_taken":0,"max_hp_gain":0,"max_hp_loss":0,"event_name":"Wheel of Change","floor":5,"gold_loss":0}],"is_beta":false,"boss_relics":[],"items_purged_floors":[],"is_endless":false,"potions_floor_spawned":[1],"killed_by":"3 Sentries","ascension_level":6}