{"path_per_floor":["M","M","?","?","$","R","E","M","T","E","M","M","R","?","R","B",null,"M","?","?","$","M","R","$","E","T","R","?","M","?","T","R","B",null,"M","?","?","?","M","R"],"character_chosen":"IRONCLAD","items_purchased":["Seeing Red","Toy Ornithopter","Dream Catcher","Metallicize"],"gold_per_floor":[219,229,229,229,193,193,227,242,290,316,328,338,338,513,513,617,617,630,630,555,116,128,128,128,159,159,159,159,175,175,175,175,272,272,283,283,283,283,303,303,303],"floor_reached":41,"campfire_rested":4,"playtime":2549,"current_hp_per_floor":[80,80,68,52,52,52,41,40,40,35,22,27,51,51,51,57,80,31,31,31,31,17,41,41,12,12,36,36,36,36,50,78,24,98,70,58,58,58,56,56,0],"items_purged":[],"gold":303,"score":515,"play_id":"7fe016a6-d74f-40a1-9294-576d4e00e114","local_time":"20180505141818","is_prod":false,"is_daily":false,"chose_seed":false,"is_ascension_mode":false,"campfire_upgraded":3,"timestamp":1525544298,"path_taken":["M","M","?","?","$","R","E","M","T","E","?","M","R","?","R","BOSS","M","?","?","$","M","R","$","E","T","R","?","?","?","?","R","BOSS","M","?","?","?","?","R","M"],"build_version":"2018-05-03","seed_source_timestamp":149125309192263,"purchased_purges":3,"victory":false,"master_deck":["Bash+1","Feel No Pain","Dropkick+1","Seeing Red","Ghostly Armor","Inflame","Sword Boomerang","Disarm+1","Warcry","Shockwave","Barricade","Cleave","Disarm+1","Metallicize+1","Rage","Spot Weakness+1","Shrug It Off","Armaments+1","Seeing Red","Feed+1","Sentinel","Body Slam+1","Juggernaut","Power Through","Battle Trance","Rupture","Body Slam+1","Power Through","Intimidate","Twin Strike+1","Spot Weakness","Evolve","Madness","Madness","Iron Wave+1"],"max_hp_per_floor":[80,80,80,80,80,80,80,80,80,80,80,80,80,80,80,80,80,80,80,80,80,80,80,80,80,80,80,80,80,80,94,94,98,98,98,98,98,98,98,98,98],"relics":["Burning Blood","Prayer Wheel","Sundial","War Paint","Bronze Scales","White Beast Statue","Toy Ornithopter","Dream Catcher","Omamori","Molten Egg 2","Anchor","Mango","Pandora\u0027s Box"],"card_choices":[{"not_picked":["Perfected Strike","Shrug It Off"],"picked":"Feel No Pain","floor":1},{"not_picked":["Body Slam","Anger"],"picked":"Dropkick","floor":2},{"not_picked":["Rupture","Hemokinesis"],"picked":"Ghostly Armor","floor":7},{"not_picked":["Pommel Strike","Evolve"],"picked":"Inflame","floor":8},{"not_picked":["Wild Strike","Reckless Charge"],"picked":"Sword Boomerang","floor":9},{"not_picked":["Warcry","Ghostly Armor"],"picked":"Disarm","floor":10},{"not_picked":["Wild Strike","Heavy Blade"],"picked":"Warcry","floor":11},{"not_picked":["Armaments","Iron Wave"],"picked":"Shockwave","floor":12},{"not_picked":["Reaper","Limit Break"],"picked":"Barricade","floor":16},{"not_picked":["Sword Boomerang","True Grit"],"picked":"Cleave","floor":18},{"not_picked":["Bloodletting","Perfected Strike"],"picked":"Rage","floor":22},{"not_picked":["Warcry","Headbutt"],"picked":"Spot Weakness","floor":23},{"not_picked":["Pommel Strike","Sever Soul"],"picked":"Shrug It Off","floor":25},{"not_picked":["Heavy Blade","Barricade"],"picked":"Armaments","floor":26},{"not_picked":["Headbutt","Iron Wave"],"picked":"Seeing Red","floor":27},{"not_picked":["Havoc","Anger"],"picked":"Feed","floor":29},{"not_picked":["Whirlwind","Heavy Blade"],"picked":"Sentinel","floor":31},{"not_picked":["Headbutt","Iron Wave"],"picked":"Body Slam","floor":32},{"not_picked":["Dark Embrace","Demon Form"],"picked":"Juggernaut","floor":33},{"not_picked":["Perfected Strike","Shrug It Off"],"picked":"Evolve","floor":35},{"not_picked":["Anger","Clothesline"],"picked":"Iron Wave","floor":39}],"player_experience":163539,"potions_floor_usage":[10,10,16,22,25,33,33,35],"damage_taken":[{"damage":3,"enemies":"Jaw Worm","floor":1,"turns":4},{"damage":0,"enemies":"2 Louse","floor":2,"turns":3},{"damage":17,"enemies":"3 Sentries","floor":7,"turns":10},{"damage":7,"enemies":"Small Slimes","floor":8,"turns":4},{"damage":11,"enemies":"Lagavulin","floor":10,"turns":5},{"damage":19,"enemies":"Gremlin Gang","floor":11,"turns":5},{"damage":1,"enemies":"Red Slaver","floor":12,"turns":4},{"damage":0,"enemies":"Hexaghost","floor":16,"turns":10},{"damage":55,"enemies":"Spheric Guardian","floor":18,"turns":8},{"damage":23,"enemies":"2 Thieves","floor":22,"turns":4},{"damage":38,"enemies":"Gremlin Leader","floor":25,"turns":10},{"damage":6,"enemies":"Snake Plant","floor":29,"turns":3},{"damage":70,"enemies":"Collector","floor":33,"turns":11},{"damage":37,"enemies":"3 Darklings","floor":35,"turns":8},{"damage":8,"enemies":"Orb Walker","floor":39,"turns":6},{"damage":57,"enemies":"Sphere and 2 Shapes","floor":41,"turns":4}],"event_choices":[{"event_name":"Scrap Ooze","player_choice":"success","floor":3,"damage_taken":12},{"event_name":"Shining Light","player_choice":"Entered Light","floor":4,"damage_taken":0},{"event_name":"Liars Game","player_choice":"agreed","floor":14,"damage_taken":0},{"event_name":"Duplicator","player_choice":"One dupe","floor":19,"damage_taken":0},{"event_name":"Beggar","player_choice":"Gave Gold","floor":20,"damage_taken":0},{"event_name":"The Mausoleum","player_choice":"Yes","floor":28,"damage_taken":0},{"event_name":"Back to Basics","player_choice":"Simplicity","floor":30,"damage_taken":0},{"event_name":"Winding Halls","player_choice":"Embrace Madness","floor":36,"damage_taken":0},{"event_name":"Mysterious Sphere","player_choice":"Ignore","floor":37,"damage_taken":0}],"boss_relics":[{"not_picked":["Snecko Eye","Mark of Pain"],"picked":"White Beast Statue"},{"not_picked":["Orrery","Philosopher\u0027s Stone"],"picked":"Pandora\u0027s Box"}],"potions_floor_spawned":[1,8,10,18,22,25,29,33,35,39],"seed_played":"-2305228089838417107","killed_by":"Sphere and 2 Shapes","ascension_level":0,"is_trial":false}