{"gold_per_floor":[144,189,189,189,234,234,184,184,209,209,21,66,156,201,201,501,501,546,591,472,472,517,517,517,517,517,562,607,357,447,492,492,492],"floor_reached":33,"playtime":3894,"items_purged":[],"score":292,"play_id":"a9401baa-9703-48ef-af9e-acfe54d061f8","local_time":"20190706123944","daily_mods":["Draft","Diverse","Midas"],"is_ascension_mode":false,"campfire_choices":[{"floor":6.0,"key":"REST"},{"floor":8.0,"key":"REST"},{"floor":15.0,"key":"REST"},{"floor":25,"key":"REST"},{"floor":32,"key":"REST"}],"neow_cost":"","seed_source_timestamp":0,"circlet_count":0,"master_deck":["Acrobatics","Gash","Disarm","Rampage","Blade Dance","Feel No Pain","Defragment","Footwork","Ball Lightning","Havoc","Hologram+1","Havoc+1","Chrysalis","Acrobatics","Expertise","Cloak And Dagger","Electrodynamics","Static Discharge+1","Scrape+1","Bullet Time+1","Static Discharge","Cloak And Dagger","Metallicize","Feel No Pain","Reboot"],"special_seed":18083,"relics":["Cracked Core","War Paint","Blue Candle","Ornamental Fan","Astrolabe","Art of War","Matryoshka","Vajra"],"potions_floor_usage":[30,33,33,33],"damage_taken":[{"damage":11.0,"enemies":"Jaw Worm","floor":1.0,"turns":3.0},{"damage":0.0,"enemies":"Small Slimes","floor":2.0,"turns":3.0},{"damage":12.0,"enemies":"2 Louse","floor":5.0,"turns":3.0},{"damage":6.0,"enemies":"2 Fungi Beasts","floor":12.0,"turns":4.0},{"damage":42.0,"enemies":"Gremlin Nob","floor":13.0,"turns":5.0},{"damage":10.0,"enemies":"Red Slaver","floor":14.0,"turns":4.0},{"damage":21.0,"enemies":"Slime Boss","floor":16.0,"turns":10.0},{"damage":18,"enemies":"2 Thieves","floor":18,"turns":3},{"damage":8,"enemies":"Shell Parasite","floor":19,"turns":6},{"damage":14,"enemies":"Snecko","floor":22,"turns":5},{"damage":21,"enemies":"Snake Plant","floor":27,"turns":4},{"damage":22,"enemies":"Shelled Parasite and Fungi","floor":28,"turns":5},{"damage":20,"enemies":"Book of Stabbing","floor":30,"turns":6},{"damage":0,"enemies":"3 Cultists","floor":31,"turns":4},{"damage":38,"enemies":"Collector","floor":33,"turns":6}],"seed_played":"1011076517650017041","potions_obtained":[{"floor":1.0,"key":"Weak Potion"},{"floor":5.0,"key":"Block Potion"},{"floor":14.0,"key":"Dexterity Potion"},{"floor":30,"key":"GamblersBrew"}],"is_trial":false,"path_per_floor":["M","M","?","?","M","R","?","R","T","T","$","M","E","M","R","B",null,"M","M","$","?","M","?","?","R","T","M","M","$","E","M","R","B"],"character_chosen":"DEFECT","items_purchased":["Chrysalis","Cloak And Dagger","Metallicize","Matryoshka"],"campfire_rested":5,"item_purchase_floors":[11,20,20,29],"current_hp_per_floor":[64,64,64,69,57,80,80,80,80,80,80,74,32,22,46,25,80,62,54,54,54,40,40,40,64,64,43,21,21,1,1,25,0],"gold":492,"neow_bonus":"","is_prod":false,"is_daily":true,"chose_seed":false,"campfire_upgraded":0,"win_rate":0,"timestamp":1562441984,"path_taken":["M","M","?","?","M","R","?","R","T","?","$","M","E","M","R","BOSS","M","M","$","?","?","?","?","R","T","M","M","?","E","M","R","BOSS"],"build_version":"2019-07-05","purchased_purges":0,"victory":false,"max_hp_per_floor":[75,75,75,80,80,80,80,80,80,80,80,80,80,80,80,80,80,80,80,80,80,80,80,80,80,80,80,80,80,80,80,80,80],"card_choices":[{"not_picked":["Heatsinks","Outmaneuver"],"picked":"Acrobatics","floor":0.0},{"not_picked":["Reckless Charge","Perfected Strike"],"picked":"Dagger Spray","floor":0.0},{"not_picked":["Intimidate","Reckless Charge"],"picked":"Dual Wield","floor":0.0},{"not_picked":["Finisher","Thunderclap"],"picked":"Compile Driver","floor":0.0},{"not_picked":["BootSequence","Eviscerate"],"picked":"Gash","floor":0.0},{"not_picked":["Masterful Stab","Warcry"],"picked":"Disarm","floor":0.0},{"not_picked":["Dagger Spray","PiercingWail"],"picked":"Rampage","floor":0.0},{"not_picked":["Body Slam","Rip and Tear"],"picked":"Blade Dance","floor":0.0},{"not_picked":["Cleave","Quick Slash"],"picked":"Feel No Pain","floor":0.0},{"not_picked":["Steam","Turbo"],"picked":"Clothesline","floor":0.0},{"not_picked":["Flex","Anger"],"picked":"Defragment","floor":0.0},{"not_picked":["Heavy Blade","Clothesline"],"picked":"Footwork","floor":0.0},{"not_picked":["Disarm","Ball Lightning"],"picked":"Prepared","floor":0.0},{"not_picked":["Sweeping Beam","Cloak And Dagger"],"picked":"Ball Lightning","floor":0.0},{"not_picked":["Caltrops","Pummel"],"picked":"Prepared","floor":0.0},{"not_picked":["Ghostly Armor","Hologram"],"picked":"Havoc","floor":1.0},{"not_picked":["Redo","Steam Power"],"picked":"Hologram","floor":2.0},{"not_picked":["Rip and Tear","Beam Cell"],"picked":"Havoc","floor":5.0},{"not_picked":["Heatsinks","Dodge and Roll"],"picked":"Acrobatics","floor":12.0},{"not_picked":["Caltrops","Rage"],"picked":"Expertise","floor":13.0},{"not_picked":["Blizzard","Heatsinks"],"picked":"Cloak And Dagger","floor":14.0},{"not_picked":["Adrenaline","Limit Break"],"picked":"Electrodynamics","floor":16.0},{"not_picked":["Rebound","Disarm"],"picked":"Static Discharge","floor":18},{"not_picked":["Blood for Blood","Flex+1","Streamline+1"],"picked":"SKIP","floor":19},{"not_picked":["Static Discharge+1","Go for the Eyes+1"],"picked":"Feel No Pain","floor":22},{"not_picked":["Armaments+1","Spot Weakness","Quick Slash+1"],"picked":"SKIP","floor":27},{"not_picked":["Dagger Throw","Beam Cell"],"picked":"Reboot","floor":28},{"not_picked":["Aggregate","Self Repair+1","Infernal Blade"],"picked":"SKIP","floor":30},{"not_picked":["Rebound","Well Laid Plans","Rage"],"picked":"SKIP","floor":31}],"player_experience":79834,"relics_obtained":[{"floor":9.0,"key":"War Paint"},{"floor":10.0,"key":"Blue Candle"},{"floor":13.0,"key":"Ornamental Fan"},{"floor":26,"key":"Art of War"},{"floor":30,"key":"Vajra"}],"event_choices":[{"damage_healed":0.0,"max_hp_gain":0.0,"max_hp_loss":0.0,"gold_gain":0.0,"event_name":"Liars Game","player_choice":"Ignored","floor":3.0,"gold_loss":0.0,"damage_taken":0.0},{"damage_healed":0.0,"max_hp_gain":5.0,"max_hp_loss":0.0,"gold_gain":0.0,"event_name":"Big Fish","player_choice":"Donut","floor":4.0,"gold_loss":0.0,"damage_taken":0.0},{"cards_removed":["Clothesline"],"damage_healed":0.0,"max_hp_gain":0.0,"max_hp_loss":0.0,"gold_gain":0.0,"event_name":"The Cleric","player_choice":"Card Removal","floor":7.0,"gold_loss":50.0,"damage_taken":0.0},{"cards_removed":["Prepared"],"damage_healed":0,"gold_gain":0,"player_choice":"Purged","damage_taken":0,"max_hp_gain":0,"max_hp_loss":0,"event_name":"Purifier","floor":21,"gold_loss":0},{"damage_healed":0,"gold_gain":0,"player_choice":"Ignored","damage_taken":0,"max_hp_gain":0,"max_hp_loss":0,"event_name":"Vampires","floor":23,"gold_loss":0},{"cards_removed":["Prepared"],"damage_healed":0,"gold_gain":0,"player_choice":"Elegance","damage_taken":0,"max_hp_gain":0,"max_hp_loss":0,"event_name":"Back to Basics","floor":24,"gold_loss":0}],"is_beta":false,"boss_relics":[{"not_picked":["Tiny House","Coffee Dripper"],"picked":"Astrolabe"}],"items_purged_floors":[],"is_endless":false,"potions_floor_spawned":[1,5,14,19,30],"killed_by":"Collector","ascension_level":0}