{"path_per_floor":["M","?","?","M","M","R","?","R","T","M","E","M","E","?","R","B",null,"M","M","M","M","?","?","?","?","T","?","M","R","M","M","R"],"character_chosen":"IRONCLAD","items_purchased":[],"gold_per_floor":[114,64,64,75,90,90,90,90,90,101,135,147,174,174,174,269,269,285,296,315,327,327,327,327,327,403,318,336,336,352,369,369],"floor_reached":33,"campfire_rested":3,"playtime":2474,"current_hp_per_floor":[80,80,85,80,82,82,57,57,57,63,57,56,62,45,70,51,85,64,69,54,63,43,43,43,43,43,43,7,38,44,30,63],"items_purged":[],"gold":369,"score":334,"play_id":"41a16b2b-ea1c-4c3c-80a9-dc688bef6c13","is_prod":false,"is_daily":false,"is_ascension_mode":false,"campfire_upgraded":2,"path_taken":["M","?","?","M","?","R","?","R","T","M","E","M","E","?","R","BOSS","M","M","M","M","?","?","?","?","T","?","M","R","M","M","R","BOSS"],"build_version":"2018-02-08-PROD1","purchased_purges":0,"victory":false,"master_deck":["Strike_R","Strike_R","Defend_R","Defend_R","Defend_R","Defend_R","Bash+1","Sword Boomerang+1","Shrug It Off","Searing Blow+2","Clothesline","Armaments+1","Impervious+1","Flame Barrier+1","Feed","Seeing Red+1","Shrug It Off+1","Armaments+1"],"max_hp_per_floor":[80,80,85,85,85,85,85,85,85,85,85,85,85,85,85,85,85,88,92,96,99,104,104,104,104,104,104,104,104,107,111,111],"relics":["Burning Blood","Matryoshka","Juzu Bracelet","Toxic Egg 2","Happy Flower","Ancient Tea Set","Runic Cube","Oddly Smooth Stone","Mercury Hourglass","Pantograph"],"card_choices":[{"not_picked":["Heavy Blade","Rupture"],"picked":"Shrug It Off"},{"not_picked":["Intimidate","Perfected Strike"],"picked":"Searing Blow"},{"not_picked":["Anger","Headbutt"],"picked":"Clothesline"},{"not_picked":["Metallicize","Pommel Strike"],"picked":"Armaments"},{"not_picked":["Twin Strike","Combust"],"picked":"Impervious"},{"not_picked":["Cleave","Blood for Blood"],"picked":"Flame Barrier"},{"not_picked":["Impervious","Brutality"],"picked":"Feed"},{"not_picked":["Flex","Intimidate"],"picked":"Seeing Red"},{"not_picked":["Perfected Strike","Disarm"],"picked":"Shrug It Off"},{"not_picked":["Perfected Strike","Iron Wave"],"picked":"Armaments"}],"player_experience":57328,"potions_floor_usage":[11,16,16,31,31,33],"damage_taken":[{"damage":1,"enemies":"2 Louse","floor":1,"turns":3},{"damage":11,"enemies":"Jaw Worm","floor":4,"turns":3},{"damage":4,"enemies":"Blue Slaver","floor":5,"turns":4},{"damage":0,"enemies":"Large Slime","floor":10,"turns":5},{"damage":12,"enemies":"3 Sentries","floor":11,"turns":7},{"damage":7,"enemies":"Looter","floor":12,"turns":3},{"damage":0,"enemies":"Gremlin Nob","floor":13,"turns":4},{"damage":25,"enemies":"Slime Boss","floor":16,"turns":10},{"damage":30,"enemies":"Spheric Guardian","floor":18,"turns":9},{"damage":5,"enemies":"Shell Parasite","floor":19,"turns":10},{"damage":25,"enemies":"Snake Plant","floor":20,"turns":7},{"damage":0,"enemies":"Snecko","floor":21,"turns":6},{"damage":42,"enemies":"Sentry and Sphere","floor":28,"turns":10},{"damage":3,"enemies":"Centurion and Healer","floor":30,"turns":8},{"damage":24,"enemies":"Cultist and Chosen","floor":31,"turns":8},{"damage":88,"enemies":"Champ","floor":33,"turns":18}],"event_choices":[{"event_name":"The Cleric","player_choice":"Card Removal","floor":2,"damage_taken":0},{"event_name":"Big Fish","player_choice":"Donut","floor":3,"damage_taken":0},{"event_name":"Scrap Ooze","player_choice":"success","floor":7,"damage_taken":25},{"event_name":"Shining Light","player_choice":"Entered Light","floor":14,"damage_taken":0},{"event_name":"Forgotten Altar","player_choice":"Shed Blood","floor":22,"damage_taken":0},{"event_name":"Cursed Tome","player_choice":"Ignored","floor":23,"damage_taken":0},{"event_name":"Drug Dealer","player_choice":"Ignored","floor":24,"damage_taken":0},{"event_name":"Back to Basics","player_choice":"Elegance","floor":25,"damage_taken":0},{"event_name":"Addict","player_choice":"Obtained Relic","floor":27,"damage_taken":0}],"boss_relics":[{"not_picked":["Snecko Eye","Eternal Feather"],"picked":"Runic Cube"}],"potions_floor_spawned":[10,12,13,20,21,28],"seed_played":"5101380250004094121","killed_by":"Champ","ascension_level":0,"is_trial":false}