{"gold_per_floor":[115,175,194,444,444,7,7,27,50,64,144,159,183,201,201,201],"floor_reached":16,"playtime":1642,"items_purged":["Regret"],"score":94,"play_id":"401b8c26-d007-4da4-8268-fe6a9192ff10","local_time":"20180708111846","is_ascension_mode":false,"campfire_choices":[{"floor":15,"key":"REST"}],"neow_cost":"","seed_source_timestamp":656046245258519,"circlet_count":0,"master_deck":["Strike_R","Strike_R","Strike_R","Strike_R","Strike_R","Defend_R","Defend_R","Defend_R","Defend_R","Bash","Heavy Blade","Pommel Strike","Injury","Flex","Cleave","Perfected Strike","Fire Breathing","Carnage","Wild Strike"],"relics":["Burning Blood","Golden Idol","Calipers","Boot","Dodecahedron"],"potions_floor_usage":[16,16],"damage_taken":[{"damage":0,"enemies":"Small Slimes","floor":1,"turns":3},{"damage":1,"enemies":"Jaw Worm","floor":3,"turns":4},{"damage":0,"enemies":"2 Louse","floor":8,"turns":2},{"damage":20,"enemies":"Red Slaver","floor":10,"turns":4},{"damage":22,"enemies":"Gremlin Gang","floor":12,"turns":3},{"damage":10,"enemies":"Looter","floor":13,"turns":2},{"damage":9,"enemies":"3 Louse","floor":14,"turns":4},{"damage":73,"enemies":"Hexaghost","floor":16,"turns":9}],"seed_played":"1334133560376501012","potions_obtained":[{"floor":10,"key":"Dexterity Potion"},{"floor":12,"key":"SteroidPotion"},{"floor":13,"key":"Explosive Potion"}],"is_trial":false,"path_per_floor":["M","?","M","?","?","$","?","M","T","M","T","M","M","M","R"],"character_chosen":"IRONCLAD","items_purchased":["Calipers","Flex"],"campfire_rested":1,"item_purchase_floors":[6,6],"current_hp_per_floor":[80,80,80,80,80,80,85,85,85,71,71,55,51,48,73,0],"gold":201,"neow_bonus":"","is_prod":false,"is_daily":false,"chose_seed":false,"campfire_upgraded":0,"win_rate":0.0,"timestamp":1531063126,"path_taken":["M","?","M","?","?","?","?","?","T","M","?","M","M","M","R","BOSS"],"build_version":"2018-07-05","purchased_purges":1,"victory":false,"max_hp_per_floor":[80,80,80,80,80,80,85,85,85,85,85,85,85,85,85,85],"card_choices":[{"not_picked":["Havoc","Power Through"],"picked":"Heavy Blade","floor":1},{"not_picked":["Havoc","Perfected Strike"],"picked":"Pommel Strike","floor":3},{"not_picked":["Pummel","Corruption"],"picked":"Cleave","floor":8},{"not_picked":["Combust","Armaments"],"picked":"Perfected Strike","floor":10},{"not_picked":["Combust","Armaments"],"picked":"Fire Breathing","floor":12},{"not_picked":["Pommel Strike","Pummel"],"picked":"Carnage","floor":13},{"not_picked":["Anger","Combust"],"picked":"Wild Strike","floor":14}],"player_experience":115390,"relics_obtained":[{"floor":9,"key":"Boot"},{"floor":11,"key":"Dodecahedron"}],"event_choices":[{"event_name":"Golden Wing","player_choice":"Gained Gold","floor":2,"damage_taken":0},{"event_name":"Golden Shrine","player_choice":"Desecrate","floor":4,"damage_taken":0},{"event_name":"Golden Idol","player_choice":"Take Wound","floor":5,"damage_taken":0},{"event_name":"Big Fish","player_choice":"Donut","floor":7,"damage_taken":0}],"boss_relics":[],"items_purged_floors":[6],"is_endless":false,"potions_floor_spawned":[10,12,13],"killed_by":"Hexaghost","ascension_level":0}