{"gold_per_floor":[13,29,43,43,60,60,20,20,77,96,114,130,130,143,143,240,240,256,272,287,50,68,68,68,68],"floor_reached":25,"playtime":2041,"items_purged":[],"score":199,"play_id":"ca0fb369-68ae-4a7e-8edd-ce7b9d63946d","local_time":"20190623154036","is_ascension_mode":false,"campfire_choices":[{"data":"Bane","floor":6,"key":"SMITH"},{"data":"Blur","floor":8,"key":"SMITH"},{"data":"Dash","floor":13,"key":"SMITH"},{"data":"All Out Attack","floor":15,"key":"SMITH"},{"data":"Cloak And Dagger","floor":23,"key":"SMITH"}],"neow_cost":"NO_GOLD","seed_source_timestamp":50751196917900,"circlet_count":0,"master_deck":["Defend_G","Defend_G","Defend_G","Defend_G","Defend_G","Strike_G","Strike_G","Strike_G","Strike_G","Strike_G","Survivor","Neutralize","Blur+1","Flying Knee","Bane+1","Cloak And Dagger+1","Leg Sweep","Glass Knife","Underhanded Strike","Dash+1","All Out Attack+1","Adrenaline","Endless Agony","Caltrops","Dodge and Roll","Noxious Fumes","Secret Weapon","Die Die Die"],"relics":["Ring of the Snake","Incense Burner","Tiny Chest","WristBlade"],"potions_floor_usage":[12,16],"damage_taken":[{"damage":0,"enemies":"Jaw Worm","floor":1,"turns":7},{"damage":3,"enemies":"Cultist","floor":2,"turns":6},{"damage":0,"enemies":"Small Slimes","floor":3,"turns":5},{"damage":2,"enemies":"Blue Slaver","floor":5,"turns":6},{"damage":6,"enemies":"Looter","floor":10,"turns":3},{"damage":0,"enemies":"3 Louse","floor":11,"turns":3},{"damage":0,"enemies":"Exordium Thugs","floor":12,"turns":3},{"damage":6,"enemies":"Exordium Wildlife","floor":14,"turns":3},{"damage":24,"enemies":"The Guardian","floor":16,"turns":15},{"damage":22,"enemies":"2 Thieves","floor":18,"turns":4},{"damage":13,"enemies":"3 Byrds","floor":19,"turns":4},{"damage":17,"enemies":"3 Cultists","floor":20,"turns":6},{"damage":0,"enemies":"Centurion and Healer","floor":22,"turns":7},{"damage":6,"enemies":"Snake Plant","floor":25,"turns":1}],"seed_played":"-3324795816465960917","potions_obtained":[{"floor":2,"key":"Explosive Potion"},{"floor":3,"key":"Regen Potion"},{"floor":5,"key":"GamblersBrew"},{"floor":16,"key":"Dexterity Potion"},{"floor":18,"key":"SneckoOil"}],"is_trial":false,"path_per_floor":["M","M","M","?","M","R","$","R","T","M","M","M","R","M","R","B",null,"M","M","M","$","M","R","?","M"],"character_chosen":"THE_SILENT","items_purchased":["Leg Sweep","Noxious Fumes","Secret Weapon"],"campfire_rested":0,"item_purchase_floors":[7,21,21],"current_hp_per_floor":[70,67,67,70,68,68,68,68,68,62,62,62,62,56,56,47,70,48,35,18,18,18,18,5,0],"gold":68,"neow_bonus":"ONE_RARE_RELIC","is_prod":false,"is_daily":false,"chose_seed":false,"campfire_upgraded":5,"win_rate":0,"timestamp":1561318836,"path_taken":["M","M","M","?","M","R","?","R","T","M","M","M","R","M","R","BOSS","M","M","M","$","M","R","?","M"],"build_version":"2019-01-23","purchased_purges":0,"victory":false,"max_hp_per_floor":[70,70,70,70,70,70,70,70,70,70,70,70,70,70,70,70,70,70,70,70,70,70,70,75,75],"card_choices":[{"not_picked":["Bane","Flechettes"],"picked":"Blur","floor":1},{"not_picked":["Sucker Punch","Prepared"],"picked":"Flying Knee","floor":2},{"not_picked":["Slice","Backstab"],"picked":"Bane","floor":3},{"not_picked":["Infinite Blades","Acrobatics"],"picked":"Cloak And Dagger","floor":5},{"not_picked":["Cloak And Dagger","PiercingWail"],"picked":"Glass Knife","floor":10},{"not_picked":["Prepared","Tactician"],"picked":"Underhanded Strike","floor":11},{"not_picked":["Blade Dance","Underhanded Strike"],"picked":"Dash","floor":12},{"not_picked":["Sucker Punch","Eviscerate"],"picked":"All Out Attack","floor":14},{"not_picked":["A Thousand Cuts","Phantasmal Killer"],"picked":"Adrenaline","floor":16},{"not_picked":["Bane","Sucker Punch"],"picked":"Endless Agony","floor":18},{"not_picked":["Riddle With Holes","Masterful Stab+1"],"picked":"Caltrops","floor":19},{"not_picked":["Dagger Throw+1","Flechettes"],"picked":"Dodge and Roll","floor":20},{"not_picked":["Masterful Stab","Flying Knee+1"],"picked":"Die Die Die","floor":22}],"player_experience":464682,"relics_obtained":[{"floor":9,"key":"Tiny Chest"}],"event_choices":[{"damage_healed":3,"gold_gain":0,"player_choice":"Full Heal","damage_taken":0,"max_hp_gain":0,"max_hp_loss":0,"event_name":"Wheel of Change","floor":4,"gold_loss":0},{"damage_healed":0,"gold_gain":0,"player_choice":"Shed Blood","damage_taken":18,"max_hp_gain":5,"max_hp_loss":0,"event_name":"Forgotten Altar","floor":24,"gold_loss":0}],"is_beta":false,"boss_relics":[{"not_picked":["Tiny House","Busted Crown"],"picked":"WristBlade"}],"items_purged_floors":[],"is_endless":false,"potions_floor_spawned":[2,3,5,16,18,20],"killed_by":"Snake Plant","ascension_level":0}