{"gold_per_floor":[109,120,120,45,220,220,220,220,296,42,67,67,86,121,121,242,242,266,284,308,326,19,19,38,38,38,38,58,58,58,0,0,130,130,153,174,199,199],"floor_reached":38,"playtime":2595,"items_purged":["Regret","Doubt"],"score":401,"play_id":"d278aa5a-6f57-43f1-82d5-f6132a1d5ae1","local_time":"20181108224729","is_ascension_mode":false,"campfire_choices":[{"data":"Stack","floor":6,"key":"SMITH"},{"data":"Stack","floor":15,"key":"SMITH"},{"data":"Self Repair","floor":23,"key":"SMITH"},{"data":"Genetic Algorithm","floor":25,"key":"SMITH"},{"data":"Defragment","floor":32,"key":"SMITH"}],"neow_cost":"NONE","seed_source_timestamp":105929786480387,"circlet_count":0,"master_deck":["Strike_B","Strike_B","Strike_B","Defend_B","Defend_B","Defend_B","Defend_B","Zap+1","Dualcast","Multi-Cast+1","Stack+1","Self Repair+1","Hologram","Injury","Undo","Stack+1","Genetic Algorithm+1","All For One","Go for the Eyes","Go for the Eyes","Chill+1","Defragment+1","Go for the Eyes","All For One","Machine Learning+1","Rainbow","Chaos","Stack+1","Parasite","Stack"],"relics":["Cracked Core","Sundial","Golden Idol","Mercury Hourglass","Symbiotic Virus","StoneCalendar","Inserter","HandDrill","Frozen Egg 2","Snecko Eye"],"potions_floor_usage":[16,16,24,33,33,33,37,38,38],"damage_taken":[{"damage":0,"enemies":"2 Louse","floor":1,"turns":2},{"damage":9,"enemies":"Jaw Worm","floor":2,"turns":3},{"damage":0,"enemies":"Small Slimes","floor":11,"turns":2},{"damage":5,"enemies":"Looter","floor":13,"turns":2},{"damage":3,"enemies":"Gremlin Nob","floor":14,"turns":3},{"damage":24,"enemies":"Hexaghost","floor":16,"turns":5},{"damage":35,"enemies":"2 Thieves","floor":18,"turns":3},{"damage":10,"enemies":"3 Byrds","floor":19,"turns":4},{"damage":7,"enemies":"Cultist and Chosen","floor":20,"turns":4},{"damage":15,"enemies":"Snake Plant","floor":21,"turns":4},{"damage":0,"enemies":"Centurion and Healer","floor":24,"turns":4},{"damage":5,"enemies":"Snecko","floor":28,"turns":7},{"damage":42,"enemies":"Collector","floor":33,"turns":11},{"damage":0,"enemies":"3 Shapes","floor":35,"turns":4},{"damage":1,"enemies":"Orb Walker","floor":36,"turns":5},{"damage":26,"enemies":"Writhing Mass","floor":37,"turns":5},{"damage":60,"enemies":"2 Orb Walkers","floor":38,"turns":5}],"seed_played":"-4739313269427738090","potions_obtained":[{"floor":11,"key":"FocusPotion"},{"floor":13,"key":"Fire Potion"},{"floor":14,"key":"Energy Potion"},{"floor":20,"key":"AttackPotion"},{"floor":21,"key":"SteroidPotion"},{"floor":28,"key":"FearPotion"},{"floor":33,"key":"Poison Potion"},{"floor":35,"key":"SkillPotion"},{"floor":36,"key":"Block Potion"}],"is_trial":false,"path_per_floor":["M","M","?","$","?","R","?","?","T","$","M","?","M","E","R","B",null,"M","M","M","M","$","R","M","R","T","?","M","$","?","?","R","B",null,"M","M","M","?"],"character_chosen":"DEFECT","items_purchased":["Symbiotic Virus","HandDrill"],"campfire_rested":0,"item_purchase_floors":[10,22],"current_hp_per_floor":[75,66,66,66,66,66,66,66,66,66,73,58,53,57,57,40,75,47,44,44,36,36,36,46,46,46,46,51,51,51,51,51,19,75,75,75,59,0],"gold":199,"neow_bonus":"ONE_RANDOM_RARE_CARD","is_prod":false,"is_daily":false,"chose_seed":false,"campfire_upgraded":5,"win_rate":0,"timestamp":1541735249,"path_taken":["M","M","?","$","?","R","?","?","T","?","M","?","M","E","R","BOSS","M","M","M","M","$","R","M","R","T","?","M","?","?","?","R","BOSS","M","M","M","?"],"build_version":"2018-11-07","purchased_purges":2,"victory":false,"max_hp_per_floor":[75,75,75,75,75,75,75,75,75,75,75,75,75,75,75,75,75,75,75,75,75,75,75,75,75,75,75,75,75,75,75,75,75,75,75,75,75,75],"card_choices":[{"not_picked":["Conserve Battery","Recycle"],"picked":"Stack","floor":1},{"not_picked":["Rip and Tear","Steam"],"picked":"Self Repair","floor":2},{"not_picked":["Steam","Rebound"],"picked":"Undo","floor":11},{"not_picked":["Storm","Cold Snap"],"picked":"Stack","floor":13},{"not_picked":["Steam Power","Sweeping Beam"],"picked":"Genetic Algorithm","floor":14},{"not_picked":["Fission","Seek"],"picked":"All For One","floor":16},{"not_picked":["Coolheaded","Stack"],"picked":"Go for the Eyes","floor":18},{"not_picked":["Ball Lightning+1","Turbo"],"picked":"Go for the Eyes","floor":19},{"not_picked":["Reprogram","Redo+1"],"picked":"Chill+1","floor":20},{"not_picked":["Steam","Streamline"],"picked":"Defragment","floor":21},{"not_picked":["Doom and Gloom","Leap+1"],"picked":"Go for the Eyes","floor":24},{"not_picked":["Rip and Tear","Sweeping Beam"],"picked":"Machine Learning+1","floor":28},{"not_picked":["Multi-Cast","Biased Cognition+1"],"picked":"Rainbow","floor":33},{"not_picked":["Leap","Beam Cell"],"picked":"Chaos","floor":35},{"not_picked":["Cold Snap","Leap"],"picked":"Stack+1","floor":36},{"not_picked":["Blizzard+1","Redo"],"picked":"Stack","floor":37}],"player_experience":226158,"relics_obtained":[{"floor":9,"key":"Mercury Hourglass"},{"floor":14,"key":"StoneCalendar"},{"floor":26,"key":"Frozen Egg 2"}],"event_choices":[{"damage_healed":0,"gold_gain":0,"player_choice":"Box","damage_taken":0,"relics_obtained":["Sundial"],"max_hp_gain":0,"max_hp_loss":0,"event_name":"Big Fish","floor":3,"gold_loss":0,"cards_obtained":["Regret"]},{"damage_healed":0,"gold_gain":175,"player_choice":"AGREE","damage_taken":0,"max_hp_gain":0,"max_hp_loss":0,"event_name":"Liars Game","floor":5,"gold_loss":0,"cards_obtained":["Doubt"]},{"damage_healed":0,"gold_gain":0,"cards_transformed":["Strike_B"],"player_choice":"Change","damage_taken":0,"max_hp_gain":0,"max_hp_loss":0,"event_name":"Living Wall","floor":7,"gold_loss":0,"cards_obtained":["Hologram"]},{"damage_healed":0,"gold_gain":0,"player_choice":"Take Wound","damage_taken":0,"relics_obtained":["Golden Idol"],"max_hp_gain":0,"max_hp_loss":0,"event_name":"Golden Idol","floor":8,"gold_loss":0,"cards_obtained":["Injury"]},{"damage_healed":0,"gold_gain":0,"player_choice":"Entered Light","damage_taken":15,"max_hp_gain":0,"max_hp_loss":0,"event_name":"Shining Light","floor":12,"gold_loss":0,"cards_upgraded":["Multi-Cast","Zap"]},{"damage_healed":0,"gold_gain":0,"player_choice":"Copied","damage_taken":0,"max_hp_gain":0,"max_hp_loss":0,"event_name":"Duplicator","floor":27,"gold_loss":0,"cards_obtained":["All For One"]},{"damage_healed":0,"gold_gain":0,"player_choice":"Ignored","damage_taken":0,"max_hp_gain":0,"max_hp_loss":0,"event_name":"Vampires","floor":30,"gold_loss":0},{"damage_healed":0,"gold_gain":0,"player_choice":"Paid Fearfully","damage_taken":0,"max_hp_gain":0,"max_hp_loss":0,"event_name":"Masked Bandits","floor":31,"gold_loss":58},{"damage_healed":0,"gold_gain":0,"player_choice":"Fight","damage_taken":0,"max_hp_gain":0,"max_hp_loss":0,"event_name":"Mysterious Sphere","floor":38,"gold_loss":0}],"is_beta":true,"boss_relics":[{"not_picked":["Runic Pyramid","Astrolabe"],"picked":"Inserter"},{"not_picked":["White Beast Statue","Tiny House"],"picked":"Snecko Eye"}],"items_purged_floors":[4,22],"is_endless":false,"potions_floor_spawned":[11,13,14,20,21,28,33,35,36],"killed_by":"2 Orb Walkers","ascension_level":0}