{"gold_per_floor":[13,25,25,46,67,106,106,141,141,141],"floor_reached":10,"playtime":957,"items_purged":[],"score":86,"play_id":"c2a65837-c386-496b-80c8-85a734e5652b","local_time":"20190723093050","is_ascension_mode":true,"campfire_choices":[{"data":"Searing Blow","floor":7,"key":"SMITH"}],"neow_cost":"NO_GOLD","seed_source_timestamp":167377788512934,"circlet_count":0,"master_deck":["Strike_R","Strike_R","Strike_R","Strike_R","Strike_R","Defend_R","Defend_R","Defend_R","Defend_R","Bash","Uppercut","Whirlwind","Cleave","Armaments","Searing Blow+1","Armaments","Infernal Blade"],"relics":["Burning Blood","Prayer Wheel","Golden Idol","Dead Branch","Unceasing Top","Torii"],"potions_floor_usage":[6],"damage_taken":[{"damage":0,"enemies":"Small Slimes","floor":1,"turns":3},{"damage":6,"enemies":"Jaw Worm","floor":2,"turns":4},{"damage":4,"enemies":"2 Louse","floor":4,"turns":2},{"damage":9,"enemies":"Red Slaver","floor":5,"turns":5},{"damage":9,"enemies":"3 Sentries","floor":6,"turns":5},{"damage":44,"enemies":"Gremlin Nob","floor":8,"turns":5},{"damage":25,"enemies":"Lagavulin","floor":10,"turns":5}],"seed_played":"-1486904320397116911","potions_obtained":[{"floor":1,"key":"Energy Potion"}],"is_trial":false,"path_per_floor":["M","M","?","M","M","E","R","E","T","E"],"character_chosen":"IRONCLAD","items_purchased":[],"campfire_rested":0,"item_purchase_floors":[],"current_hp_per_floor":[80,80,60,62,59,56,56,18,18,0],"gold":141,"neow_bonus":"ONE_RARE_RELIC","is_prod":false,"is_daily":false,"chose_seed":false,"campfire_upgraded":1,"win_rate":0,"timestamp":1563892250,"path_taken":["M","M","?","M","M","E","R","E","T","E"],"build_version":"2019-07-17","purchased_purges":0,"victory":false,"max_hp_per_floor":[80,80,80,80,80,80,80,80,80,80],"card_choices":[{"not_picked":["Cleave","Iron Wave"],"picked":"Uppercut","floor":1},{"not_picked":["Perfected Strike","Bloodletting","Thunderclap"],"picked":"SKIP","floor":1},{"not_picked":["Anger","Rage"],"picked":"Whirlwind","floor":2},{"not_picked":["Thunderclap","Second Wind"],"picked":"Cleave","floor":2},{"not_picked":["Ghostly Armor","Fire Breathing"],"picked":"Armaments","floor":4},{"not_picked":["Fiend Fire","Sword Boomerang","Warcry"],"picked":"SKIP","floor":4},{"not_picked":["Heavy Blade","Fire Breathing"],"picked":"Searing Blow","floor":5},{"not_picked":["Second Wind","Havoc"],"picked":"Armaments","floor":5},{"not_picked":["Ghostly Armor","Thunderclap","Uppercut"],"picked":"SKIP","floor":6},{"not_picked":["Body Slam","Immolate"],"picked":"Infernal Blade","floor":8}],"player_experience":221786,"relics_obtained":[{"floor":6,"key":"Dead Branch"},{"floor":8,"key":"Unceasing Top"},{"floor":9,"key":"Torii"}],"event_choices":[{"damage_healed":0,"gold_gain":0,"player_choice":"Take Damage","damage_taken":20,"relics_obtained":["Golden Idol"],"max_hp_gain":0,"max_hp_loss":0,"event_name":"Golden Idol","floor":3,"gold_loss":0}],"is_beta":false,"boss_relics":[],"items_purged_floors":[],"is_endless":false,"potions_floor_spawned":[1],"killed_by":"Lagavulin","ascension_level":2}