{"gold_per_floor":[110,121,137,153,153,188,188,221,247,247,257,275,275,275,275,374,374,386,402,402,90,90,118,118,130,154,154,154,154,253,265,265,362,362,372,372,388,398,37,37],"floor_reached":40,"playtime":3302,"items_purged":[],"score":466,"play_id":"9c1c8a4d-a17d-49f7-8a07-f0ed9385329c","local_time":"20190302183814","is_ascension_mode":false,"campfire_choices":[{"data":"Cloak And Dagger","floor":7,"key":"SMITH"},{"data":"Crippling Poison","floor":10,"key":"SMITH"},{"data":"Infinite Blades","floor":13,"key":"SMITH"},{"floor":15,"key":"REST"},{"floor":24,"key":"REST"},{"floor":29,"key":"REST"},{"floor":32,"key":"REST"}],"neow_cost":"NONE","seed_source_timestamp":1293318007248847,"circlet_count":0,"master_deck":["Defend_G+1","Defend_G+1","Defend_G+1","Defend_G+1","Survivor+1","Neutralize+1","After Image","Blade Dance","Heel Hook","Crippling Poison+1","Cloak And Dagger+1","Heel Hook","Poisoned Stab","Infinite Blades+1","Caltrops","Envenom","Crippling Poison","Noxious Fumes","Bite","Bite","Bite","Bite","Bite","Well Laid Plans","Cloak And Dagger","Bane","Poisoned Stab+1","Leg Sweep+1","Corpse Explosion","Setup+1","Flying Knee","Poisoned Stab","Deflect+1","Quick Slash+1","Endless Agony+1","Setup+1"],"relics":["Ring of the Snake","Snake Skull","Centennial Puzzle","Whetstone","WristBlade","Gremlin Horn","Vajra","Juzu Bracelet","Nilry\u0027s Codex","Orrery","Anchor","MealTicket"],"potions_floor_usage":[6,16,16,23,25,33,33,37],"damage_taken":[{"damage":0,"enemies":"Cultist","floor":1,"turns":5},{"damage":0,"enemies":"Small Slimes","floor":2,"turns":3},{"damage":0,"enemies":"2 Louse","floor":3,"turns":5},{"damage":1,"enemies":"Blue Slaver","floor":4,"turns":4},{"damage":5,"enemies":"Gremlin Nob","floor":6,"turns":5},{"damage":10,"enemies":"Lagavulin","floor":8,"turns":8},{"damage":0,"enemies":"Large Slime","floor":11,"turns":3},{"damage":0,"enemies":"Exordium Wildlife","floor":12,"turns":3},{"damage":20,"enemies":"The Guardian","floor":16,"turns":9},{"damage":0,"enemies":"Chosen","floor":18,"turns":5},{"damage":16,"enemies":"3 Byrds","floor":19,"turns":4},{"damage":26,"enemies":"Book of Stabbing","floor":23,"turns":5},{"damage":13,"enemies":"Snake Plant","floor":25,"turns":4},{"damage":14,"enemies":"3 Cultists","floor":31,"turns":5},{"damage":14,"enemies":"Automaton","floor":33,"turns":8},{"damage":28,"enemies":"3 Darklings","floor":35,"turns":3},{"damage":0,"enemies":"Orb Walker","floor":37,"turns":3},{"damage":0,"enemies":"Sphere and 2 Shapes","floor":38,"turns":1},{"damage":52,"enemies":"Giant Head","floor":40,"turns":9}],"seed_played":"5590316024352149899","potions_obtained":[{"floor":1,"key":"SpeedPotion"},{"floor":3,"key":"Block Potion"},{"floor":8,"key":"PowerPotion"},{"floor":16,"key":"Swift Potion"},{"floor":19,"key":"Swift Potion"},{"floor":23,"key":"Dexterity Potion"},{"floor":31,"key":"Swift Potion"},{"floor":35,"key":"Regen Potion"}],"is_trial":false,"path_per_floor":["M","M","M","M","?","E","R","E","T","R","M","M","R","?","R","B",null,"M","M","?","$","?","E","R","M","T","?","?","R","?","M","R","B",null,"M","?","M","M","$","E"],"character_chosen":"THE_SILENT","items_purchased":["Gremlin Horn","Well Laid Plans","Anchor","MealTicket"],"campfire_rested":4,"item_purchase_floors":[21,21,39,39],"current_hp_per_floor":[70,70,70,69,69,64,64,54,54,54,54,54,54,40,61,41,70,70,54,49,49,49,27,41,30,30,14,14,28,28,22,36,28,49,23,23,39,41,41,0],"gold":37,"neow_bonus":"ONE_RANDOM_RARE_CARD","is_prod":false,"is_daily":false,"chose_seed":false,"campfire_upgraded":3,"win_rate":0,"timestamp":1551569894,"path_taken":["M","M","M","M","?","E","R","E","T","R","M","?","R","?","R","BOSS","M","M","?","$","?","E","R","M","T","?","?","R","?","M","R","BOSS","M","?","M","M","$","E"],"build_version":"2019-01-23","purchased_purges":0,"victory":false,"max_hp_per_floor":[70,70,70,70,70,70,70,70,70,70,70,70,70,70,70,70,70,70,70,49,49,49,49,49,49,49,49,49,49,49,49,49,49,49,49,49,49,49,49,49],"card_choices":[{"not_picked":["Outmaneuver","Caltrops"],"picked":"Blade Dance","floor":1},{"not_picked":["Quick Slash","Poisoned Stab"],"picked":"Heel Hook","floor":2},{"not_picked":["Acrobatics","Unload"],"picked":"Crippling Poison","floor":3},{"not_picked":["Bane","Finisher"],"picked":"Cloak And Dagger","floor":4},{"not_picked":["Dagger Throw","Escape Plan"],"picked":"Heel Hook","floor":6},{"not_picked":["Heel Hook","Deflect"],"picked":"Poisoned Stab","floor":8},{"not_picked":["Concentrate","Deflect"],"picked":"Infinite Blades","floor":11},{"not_picked":["Slice","Outmaneuver"],"picked":"Caltrops","floor":12},{"not_picked":["Unload","Glass Knife"],"picked":"Envenom","floor":16},{"not_picked":["Blade Dance","Dagger Throw+1"],"picked":"Crippling Poison","floor":18},{"not_picked":["Underhanded Strike","Dodge and Roll+1"],"picked":"Noxious Fumes","floor":19},{"not_picked":["Quick Slash","Sucker Punch"],"picked":"Bane","floor":23},{"not_picked":["Dagger Spray","Wraith Form v2"],"picked":"Poisoned Stab+1","floor":25},{"not_picked":["Prepared","Distraction"],"picked":"Leg Sweep+1","floor":31},{"not_picked":["Glass Knife","Doppelganger"],"picked":"Corpse Explosion","floor":33},{"not_picked":["Glass Knife","Accuracy"],"picked":"Setup+1","floor":34},{"not_picked":["Quick Slash","Eviscerate"],"picked":"Flying Knee","floor":34},{"not_picked":["Finisher+1","Backstab"],"picked":"Poisoned Stab","floor":34},{"not_picked":["Deadly Poison+1","Dash"],"picked":"Deflect+1","floor":34},{"not_picked":["Sucker Punch","Setup"],"picked":"Quick Slash+1","floor":34},{"not_picked":["Poisoned Stab+1","Prepared+1"],"picked":"Endless Agony+1","floor":35},{"not_picked":["Quick Slash","Flying Knee+1","PiercingWail"],"picked":"SKIP","floor":37},{"not_picked":["Flying Knee","PiercingWail+1"],"picked":"Setup+1","floor":38}],"player_experience":267595,"relics_obtained":[{"floor":6,"key":"Snake Skull"},{"floor":8,"key":"Centennial Puzzle"},{"floor":9,"key":"Whetstone"},{"floor":23,"key":"Vajra"},{"floor":26,"key":"Juzu Bracelet"},{"floor":27,"key":"Nilry\u0027s Codex"}],"event_choices":[{"cards_removed":["Defend_G"],"damage_healed":0,"gold_gain":0,"player_choice":"Purged","damage_taken":0,"max_hp_gain":0,"max_hp_loss":0,"event_name":"Purifier","floor":5,"gold_loss":0},{"damage_healed":0,"gold_gain":0,"player_choice":"Entered Light","damage_taken":14,"max_hp_gain":0,"max_hp_loss":0,"event_name":"Shining Light","floor":14,"gold_loss":0,"cards_upgraded":["Survivor","Defend_G"]},{"damage_healed":0,"gold_gain":0,"player_choice":"Became a vampire","damage_taken":0,"max_hp_gain":0,"max_hp_loss":21,"event_name":"Vampires","floor":20,"gold_loss":0,"cards_obtained":["Bite","Bite","Bite","Bite","Bite"]},{"damage_healed":0,"gold_gain":0,"player_choice":"Read","damage_taken":0,"max_hp_gain":0,"max_hp_loss":0,"event_name":"The Library","floor":22,"gold_loss":0,"cards_obtained":["Cloak And Dagger"]},{"damage_healed":0,"gold_gain":0,"player_choice":"Obtained Book","damage_taken":16,"max_hp_gain":0,"max_hp_loss":0,"event_name":"Cursed Tome","floor":27,"gold_loss":0},{"damage_healed":0,"gold_gain":0,"player_choice":"Simplicity","damage_taken":0,"max_hp_gain":0,"max_hp_loss":0,"event_name":"Back to Basics","floor":28,"gold_loss":0,"cards_upgraded":["Defend_G","Defend_G","Defend_G"]},{"damage_healed":0,"gold_gain":99,"player_choice":"Stole From Cult","damage_taken":0,"max_hp_gain":0,"max_hp_loss":0,"event_name":"Nest","floor":30,"gold_loss":0},{"damage_healed":0,"gold_gain":0,"player_choice":"Ignored","damage_taken":0,"max_hp_gain":0,"max_hp_loss":0,"event_name":"Tomb of Lord Red Mask","floor":36,"gold_loss":0}],"is_beta":false,"boss_relics":[{"not_picked":["Calling Bell","Runic Dome"],"picked":"WristBlade"},{"not_picked":["White Beast Statue","Empty Cage"],"picked":"Orrery"}],"items_purged_floors":[],"is_endless":false,"potions_floor_spawned":[1,3,8,16,19,23,31,35],"killed_by":"Giant Head","ascension_level":0}