{"gold_per_floor":[113,125,140,140,158,184,203,285,285,285,295,295,325,342,342,440,440,457,457,473,473,484,484],"floor_reached":23,"playtime":1496,"items_purged":[],"score":205,"play_id":"9105c481-0f53-44a6-82bf-0f1a8e699017","local_time":"20180623201015","is_ascension_mode":false,"campfire_choices":[{"data":"Clash","floor":12.0,"key":"SMITH"},{"data":"Carnage","floor":15.0,"key":"SMITH"}],"neow_cost":"","seed_source_timestamp":0,"circlet_count":0,"master_deck":["Strike_R+1","Strike_R+1","Strike_R+1","Strike_R+1","Strike_R+1","Defend_R+1","Defend_R+1","Heavy Blade","Evolve","Clash+1","Carnage+1","Flex","Uppercut","Cleave","Heavy Blade","Cleave","Limit Break","Power Through+1","Metallicize+1","Seeing Red+1","Flame Barrier","Impervious","Bash","Flex","Dropkick+1"],"special_seed":0,"relics":["Burning Blood","NeowsBlessing","Regal Pillow","Happy Flower","Paper Frog","Blood Vial","Self Forming Clay","Question Card","Astrolabe"],"potions_floor_usage":[],"damage_taken":[{"damage":0.0,"enemies":"Cultist","floor":1.0,"turns":1.0},{"damage":0.0,"enemies":"Jaw Worm","floor":2.0,"turns":1.0},{"damage":0.0,"enemies":"2 Louse","floor":3.0,"turns":1.0},{"damage":6.0,"enemies":"Red Slaver","floor":5.0,"turns":3.0},{"damage":36.0,"enemies":"Lagavulin","floor":6.0,"turns":6.0},{"damage":0.0,"enemies":"2 Fungi Beasts","floor":7.0,"turns":3.0},{"damage":5.0,"enemies":"Looter","floor":11.0,"turns":3.0},{"damage":7.0,"enemies":"Gremlin Nob","floor":13.0,"turns":3.0},{"damage":6.0,"enemies":"Exordium Wildlife","floor":14.0,"turns":4.0},{"damage":1.0,"enemies":"Slime Boss","floor":16.0,"turns":6.0},{"damage":36.0,"enemies":"2 Thieves","floor":18.0,"turns":4.0},{"damage":19.0,"enemies":"Shell Parasite","floor":20.0,"turns":6.0},{"damage":21.0,"enemies":"Snake Plant","floor":22.0,"turns":4.0},{"damage":32,"enemies":"Centurion and Healer","floor":23,"turns":7}],"seed_played":"-5051867665572596562","potions_obtained":[{"floor":2.0,"key":"FearPotion"},{"floor":3.0,"key":"Explosive Potion"},{"floor":6.0,"key":"Energy Potion"},{"floor":11.0,"key":"LiquidBronze"},{"floor":20.0,"key":"SteroidPotion"},{"floor":22,"key":"SpeedPotion"}],"is_trial":false,"path_per_floor":["M","M","M","T","M","E","M","T","T","T","M","R","E","M","R","B",null,"M","?","M","?","M"],"character_chosen":"IRONCLAD","items_purchased":[],"campfire_rested":0,"item_purchase_floors":[],"current_hp_per_floor":[80,80,80,80,80,50,56,56,56,56,59,59,60,62,62,69,80,50,50,39,39,26,0],"gold":484,"neow_bonus":"","is_prod":false,"is_daily":false,"chose_seed":false,"campfire_upgraded":2,"win_rate":0.0,"timestamp":1529799015,"path_taken":["M","M","M","?","M","E","M","?","T","?","M","R","E","?","R","BOSS","M","?","M","?","M","M"],"build_version":"2018-06-21v2","purchased_purges":0,"victory":false,"max_hp_per_floor":[80,80,80,80,80,80,80,80,80,80,80,80,80,80,80,80,80,80,80,80,80,80,80],"card_choices":[{"not_picked":["Pommel Strike","True Grit"],"picked":"Heavy Blade","floor":1.0},{"not_picked":["Ghostly Armor","Entrench"],"picked":"Evolve","floor":2.0},{"not_picked":["Pommel Strike","Sever Soul"],"picked":"Clash","floor":3.0},{"not_picked":["Hemokinesis","Spot Weakness"],"picked":"Carnage","floor":5.0},{"not_picked":["Headbutt","Double Tap"],"picked":"Flex","floor":6.0},{"not_picked":["Infernal Blade","Flex"],"picked":"Uppercut","floor":7.0},{"not_picked":["Entrench","Thunderclap"],"picked":"Cleave","floor":11.0},{"not_picked":["Rage","Blood for Blood"],"picked":"Heavy Blade","floor":13.0},{"not_picked":["True Grit","Sever Soul","Flame Barrier"],"picked":"Cleave","floor":14.0},{"not_picked":["Impervious","Berserk","Feed"],"picked":"Limit Break","floor":16.0},{"not_picked":["Shrug It Off","Dual Wield","Sever Soul+1"],"picked":"Flame Barrier","floor":18.0},{"not_picked":["Sword Boomerang","Twin Strike","Body Slam"],"picked":"Flex","floor":20.0},{"not_picked":["Entrench","True Grit","Shrug It Off"],"picked":"Dropkick+1","floor":22}],"player_experience":57151,"relics_obtained":[{"floor":4.0,"key":"Regal Pillow"},{"floor":6.0,"key":"Happy Flower"},{"floor":8.0,"key":"Paper Frog"},{"floor":9.0,"key":"Blood Vial"},{"floor":10.0,"key":"Self Forming Clay"},{"floor":13.0,"key":"Question Card"}],"event_choices":[{"event_name":"Match and Keep!","player_choice":"2 cards matched","floor":19.0,"damage_taken":0.0},{"event_name":"Back to Basics","player_choice":"Simplicity","floor":21.0,"damage_taken":0.0}],"boss_relics":[{"not_picked":["Eternal Feather","Runic Pyramid"],"picked":"Astrolabe"}],"items_purged_floors":[],"is_endless":false,"potions_floor_spawned":[2,3,6,11,20,22],"killed_by":"Centurion and Healer","ascension_level":0}