{"gold_per_floor":[110,110,110,125,125,125,154,154,154,169,187,200,217,237,237,332,332,345,444,461,461,475,875,875,299,323,113,113,113,113,133,133,232,232,247,263,13,60,80,80,98,118,118,118,118],"floor_reached":45,"playtime":2994,"items_purged":["Strike_R","Regret"],"score":467,"play_id":"9307fecc-cadc-4cfe-9bb4-4a83deab2ffe","local_time":"20181106065423","is_ascension_mode":false,"campfire_choices":[{"floor":6,"key":"RECALL"},{"data":"Clothesline","floor":8,"key":"SMITH"},{"floor":15,"key":"REST"},{"data":"Metallicize","floor":24,"key":"SMITH"},{"data":"Juggernaut","floor":28,"key":"SMITH"},{"data":"Feel No Pain","floor":32,"key":"SMITH"},{"data":"Spot Weakness","floor":40,"key":"SMITH"}],"neow_cost":"NONE","seed_source_timestamp":9654867427360,"circlet_count":0,"master_deck":["Defend_R","Defend_R","Defend_R","Defend_R","Bash","Flex","Feel No Pain","Clothesline+1","Pommel Strike","Metallicize+1","Pummel","Spot Weakness+1","Juggernaut+1","Cleave+1","Immolate+1","Intimidate+1","Shrug It Off","Body Slam","Shockwave+1","Corruption","Feel No Pain+1","Barricade","Writhe","Decay","Armaments","Battle Trance","Ghostly Armor+1","Feed","Warcry+1"],"relics":["Burning Blood","Strawberry","Ancient Tea Set","Pocketwatch","Letter Opener","Astrolabe","Nilry\u0027s Codex","Old Coin","Bottled Tornado","OrangePellets","Juzu Bracelet","PreservedInsect","Strange Spoon","CultistMask","Calling Bell","Bronze Scales","Pantograph","Charon\u0027s Ashes","Orichalcum","Mango","Question Card"],"potions_floor_usage":[16,18,23,23,23,33,35,38,45,45],"damage_taken":[{"damage":0,"enemies":"2 Louse","floor":1,"turns":2},{"damage":2,"enemies":"Small Slimes","floor":4,"turns":5},{"damage":71,"enemies":"Lagavulin","floor":7,"turns":9},{"damage":0,"enemies":"Cultist","floor":10,"turns":3},{"damage":6,"enemies":"Blue Slaver","floor":11,"turns":3},{"damage":12,"enemies":"3 Louse","floor":12,"turns":3},{"damage":12,"enemies":"2 Fungi Beasts","floor":13,"turns":4},{"damage":9,"enemies":"Red Slaver","floor":14,"turns":3},{"damage":32,"enemies":"The Guardian","floor":16,"turns":12},{"damage":14,"enemies":"Spheric Guardian","floor":18,"turns":4},{"damage":9,"enemies":"Chosen","floor":20,"turns":7},{"damage":3,"enemies":"Snecko","floor":22,"turns":5},{"damage":21,"enemies":"Colosseum Slavers","floor":23,"turns":5},{"damage":35,"enemies":"Colosseum Nobs","floor":23,"turns":5},{"damage":17,"enemies":"Centurion and Healer","floor":31,"turns":4},{"damage":42,"enemies":"Collector","floor":33,"turns":9},{"damage":8,"enemies":"Orb Walker","floor":35,"turns":5},{"damage":22,"enemies":"3 Shapes","floor":36,"turns":4},{"damage":35,"enemies":"2 Orb Walkers","floor":38,"turns":4},{"damage":17,"enemies":"Jaw Worm Horde","floor":39,"turns":4},{"damage":5,"enemies":"Sphere and 2 Shapes","floor":41,"turns":4},{"damage":20,"enemies":"3 Darklings","floor":42,"turns":4},{"damage":48,"enemies":"Nemesis","floor":45,"turns":6}],"seed_played":"1782868479913269607","potions_obtained":[{"floor":7,"key":"BloodPotion"},{"floor":11,"key":"PowerPotion"},{"floor":13,"key":"PowerPotion"},{"floor":16,"key":"SkillPotion"},{"floor":18,"key":"Regen Potion"},{"floor":31,"key":"Energy Potion"},{"floor":33,"key":"Weak Potion"},{"floor":35,"key":"Strength Potion"},{"floor":39,"key":"Explosive Potion"},{"floor":41,"key":"Weak Potion"}],"is_trial":false,"path_per_floor":["M","?","$","M","?","R","E","R","T","M","M","M","M","M","R","B",null,"M","?","M","?","M","?","R","$","T","$","R","?","?","M","R","B",null,"M","M","$","?","M","R","M","M","T","$","E"],"character_chosen":"IRONCLAD","items_purchased":["OrangePellets","Juzu Bracelet","PreservedInsect","Strange Spoon","Orichalcum"],"campfire_rested":1,"item_purchase_floors":[25,25,25,27,37],"current_hp_per_floor":[87,87,87,87,87,87,22,22,22,28,28,22,16,13,39,13,87,79,79,76,60,63,41,41,41,41,41,41,70,70,59,59,23,87,85,69,69,54,43,43,44,30,30,30,0],"gold":118,"neow_bonus":"RANDOM_COMMON_RELIC","is_prod":false,"is_daily":false,"chose_seed":false,"campfire_upgraded":5,"win_rate":0,"timestamp":1541505263,"path_taken":["M","?","$","M","?","R","E","R","T","M","M","?","M","M","R","BOSS","M","?","M","?","M","?","R","$","T","$","R","?","?","M","R","BOSS","M","M","$","?","M","R","M","M","T","$","E"],"build_version":"2018-11-02","purchased_purges":2,"victory":false,"max_hp_per_floor":[87,87,87,87,87,87,87,87,87,87,87,87,87,87,87,87,87,87,87,87,87,87,87,87,87,87,87,87,87,87,87,87,87,87,87,87,87,101,101,101,101,101,101,101,101],"card_choices":[{"not_picked":["Twin Strike","Headbutt"],"picked":"Flex","floor":1},{"not_picked":["Flex","Carnage"],"picked":"Feel No Pain","floor":4},{"not_picked":["Infernal Blade","Pummel"],"picked":"Clothesline","floor":7},{"not_picked":["Cleave","Flex","Twin Strike"],"picked":"SKIP","floor":10},{"not_picked":["Heavy Blade","Carnage"],"picked":"Pommel Strike","floor":11},{"not_picked":["Warcry","Power Through"],"picked":"Metallicize","floor":12},{"not_picked":["Reckless Charge","Headbutt"],"picked":"Pummel","floor":13},{"not_picked":["Flex","Entrench"],"picked":"Spot Weakness","floor":14},{"not_picked":["Offering","Feed"],"picked":"Juggernaut","floor":16},{"not_picked":["Thunderclap+1","Anger+1"],"picked":"Shrug It Off","floor":18},{"not_picked":["Warcry","Pommel Strike+1"],"picked":"Body Slam","floor":20},{"not_picked":["Sword Boomerang","Iron Wave+1"],"picked":"Shockwave+1","floor":22},{"not_picked":["Flex","Entrench"],"picked":"Corruption","floor":23},{"not_picked":["Disarm","Cleave"],"picked":"Feel No Pain","floor":31},{"not_picked":["Reaper","Juggernaut"],"picked":"Barricade","floor":33},{"not_picked":["Iron Wave","Rupture+1"],"picked":"Armaments","floor":35},{"not_picked":["Dropkick+1","Reckless Charge+1","Flex+1"],"picked":"SKIP","floor":36},{"not_picked":["Pommel Strike+1","Warcry"],"picked":"Battle Trance","floor":38},{"not_picked":["Sword Boomerang+1","Shockwave"],"picked":"Ghostly Armor+1","floor":39},{"not_picked":["Pommel Strike+1","Anger"],"picked":"Feed","floor":41},{"not_picked":["Flex","Hemokinesis+1"],"picked":"Warcry+1","floor":42}],"player_experience":147996,"relics_obtained":[{"floor":7,"key":"Pocketwatch"},{"floor":9,"key":"Letter Opener"},{"floor":21,"key":"Nilry\u0027s Codex"},{"floor":23,"key":"Old Coin"},{"floor":23,"key":"Bottled Tornado"},{"floor":34,"key":"Bronze Scales"},{"floor":34,"key":"Pantograph"},{"floor":34,"key":"Charon\u0027s Ashes"},{"floor":38,"key":"Mango"},{"floor":43,"key":"Question Card"}],"event_choices":[{"damage_healed":0,"gold_gain":0,"cards_transformed":["Strike_R"],"player_choice":"Change","damage_taken":0,"max_hp_gain":0,"max_hp_loss":0,"event_name":"Living Wall","floor":2,"gold_loss":0,"cards_obtained":["Offering"]},{"cards_removed":["Offering"],"damage_healed":0,"gold_gain":0,"player_choice":"Gave Card","damage_taken":0,"relics_obtained":["Ancient Tea Set"],"max_hp_gain":0,"max_hp_loss":0,"event_name":"WeMeetAgain","floor":5,"gold_loss":0},{"damage_healed":0,"gold_gain":99,"player_choice":"Stole From Cult","damage_taken":0,"max_hp_gain":0,"max_hp_loss":0,"event_name":"Nest","floor":19,"gold_loss":0},{"damage_healed":0,"gold_gain":0,"player_choice":"Obtained Book","damage_taken":16,"max_hp_gain":0,"max_hp_loss":0,"event_name":"Cursed Tome","floor":21,"gold_loss":0},{"damage_healed":0,"gold_gain":0,"player_choice":"Fight","damage_taken":0,"max_hp_gain":0,"max_hp_loss":0,"event_name":"Colosseum","floor":23,"gold_loss":0},{"damage_healed":0,"gold_gain":0,"player_choice":"Fought Nobs","damage_taken":0,"max_hp_gain":0,"max_hp_loss":0,"event_name":"Colosseum","floor":23,"gold_loss":0},{"damage_healed":29,"gold_gain":0,"player_choice":"Heal","damage_taken":0,"max_hp_gain":0,"max_hp_loss":0,"event_name":"The Library","floor":29,"gold_loss":0},{"damage_healed":0,"gold_gain":0,"player_choice":"Trade","damage_taken":0,"relics_obtained":["CultistMask"],"max_hp_gain":0,"max_hp_loss":0,"event_name":"FaceTrader","floor":30,"gold_loss":0},{"damage_healed":0,"gold_gain":0,"player_choice":"Fight","damage_taken":0,"max_hp_gain":0,"max_hp_loss":0,"event_name":"Mysterious Sphere","floor":38,"gold_loss":0}],"is_beta":true,"boss_relics":[{"not_picked":["Busted Crown","Mark of Pain"],"picked":"Astrolabe"},{"not_picked":["Philosopher\u0027s Stone","Eternal Feather"],"picked":"Calling Bell"}],"items_purged_floors":[25,37],"is_endless":false,"potions_floor_spawned":[7,11,13,16,18,31,33,35,39,41],"killed_by":"Nemesis","ascension_level":0}