{"gold_per_floor":[115,127,145,157,168,168,194,205,228,68,79,89,100,115,115,115],"floor_reached":16,"playtime":700,"items_purged":[],"score":220,"play_id":"5b252420-b0a5-4a61-8cbc-6b4c4f5e1d80","local_time":"20190624184936","is_ascension_mode":true,"campfire_choices":[{"floor":6.0,"key":"REST"},{"floor":15,"key":"REST"}],"neow_cost":"PERCENT_DAMAGE","seed_source_timestamp":17024915128400,"circlet_count":0,"master_deck":["AscendersBane","Strike_B","Strike_B","Strike_B","Strike_B","Defend_B","Defend_B","Defend_B","Defend_B","Zap","Dualcast","Go for the Eyes","Melter","Blizzard","Auto Shields","Conserve Battery","Conserve Battery","FTL","FTL","Heatsinks","Conserve Battery","Coolheaded","Echo Form","Glacier","Hologram","Cold Snap","Loop"],"special_seed":0,"relics":["Cracked Core","Prayer Wheel","Bottled Lightning","Orichalcum","Omamori"],"potions_floor_usage":[7,7,8,13],"damage_taken":[{"damage":1.0,"enemies":"Cultist","floor":1.0,"turns":3.0},{"damage":12.0,"enemies":"Jaw Worm","floor":2.0,"turns":3.0},{"damage":4.0,"enemies":"Small Slimes","floor":3.0,"turns":3.0},{"damage":6.0,"enemies":"Looter","floor":4.0,"turns":3.0},{"damage":4.0,"enemies":"3 Louse","floor":5.0,"turns":4.0},{"damage":18,"enemies":"Lagavulin","floor":7,"turns":8},{"damage":1,"enemies":"Exordium Thugs","floor":8,"turns":5},{"damage":0,"enemies":"Red Slaver","floor":11,"turns":3},{"damage":2,"enemies":"Looter","floor":12,"turns":3},{"damage":0,"enemies":"Lots of Slimes","floor":13,"turns":3},{"damage":0,"enemies":"2 Fungi Beasts","floor":14,"turns":5},{"damage":52,"enemies":"Slime Boss","floor":16,"turns":7}],"seed_played":"-9183152817737779393","potions_obtained":[{"floor":1.0,"key":"PowerPotion"},{"floor":5.0,"key":"Block Potion"},{"floor":7,"key":"Fire Potion"},{"floor":12,"key":"Explosive Potion"}],"is_trial":false,"path_per_floor":["M","M","M","M","M","R","E","M","T","$","M","M","M","M","R","B"],"character_chosen":"DEFECT","items_purchased":["Omamori"],"campfire_rested":2,"item_purchase_floors":[10],"current_hp_per_floor":[45,33,29,23,19,40,22,21,21,21,21,19,19,19,40,0],"gold":115,"neow_bonus":"ONE_RARE_RELIC","is_prod":false,"is_daily":false,"chose_seed":false,"campfire_upgraded":0,"win_rate":0,"timestamp":1561416576,"path_taken":["M","M","M","M","M","R","E","M","T","$","M","?","M","M","R","BOSS"],"build_version":"2019-06-21","purchased_purges":0,"victory":false,"max_hp_per_floor":[71,71,71,71,71,71,71,71,71,71,71,71,71,71,71,71],"card_choices":[{"not_picked":["Fusion","Compile Driver"],"picked":"Go for the Eyes","floor":1.0},{"not_picked":["Ball Lightning","Gash"],"picked":"Melter","floor":1.0},{"not_picked":["Steam","Coolheaded"],"picked":"Blizzard","floor":2.0},{"not_picked":["Steam","Sweeping Beam","Melter"],"picked":"SKIP","floor":2.0},{"not_picked":["Stack","Scrape"],"picked":"Auto Shields","floor":3.0},{"not_picked":["Leap","Hologram"],"picked":"Conserve Battery","floor":3.0},{"not_picked":["Leap","Static Discharge"],"picked":"Conserve Battery","floor":4.0},{"not_picked":["Consume","Streamline","Barrage"],"picked":"SKIP","floor":4.0},{"not_picked":["Turbo","Steam"],"picked":"FTL","floor":5.0},{"not_picked":["Stack","Steam"],"picked":"FTL","floor":5.0},{"not_picked":["Hyperbeam","Turbo"],"picked":"Heatsinks","floor":7},{"not_picked":["Static Discharge","Gash"],"picked":"Conserve Battery","floor":8},{"not_picked":["Rebound","Hologram"],"picked":"Coolheaded","floor":8},{"not_picked":["Gash","Hologram"],"picked":"Echo Form","floor":11},{"not_picked":["Barrage","Streamline","Force Field"],"picked":"SKIP","floor":11},{"not_picked":["Steam Power","Rebound"],"picked":"Glacier","floor":12},{"not_picked":["Darkness","Auto Shields","Steam"],"picked":"SKIP","floor":12},{"not_picked":["Gash","Steam Power"],"picked":"Hologram","floor":13},{"not_picked":["Hologram","Storm","Barrage"],"picked":"SKIP","floor":13},{"not_picked":["Coolheaded","Fusion"],"picked":"Cold Snap","floor":14},{"not_picked":["Chaos","Go for the Eyes"],"picked":"Loop","floor":14}],"player_experience":1076780,"relics_obtained":[{"floor":7,"key":"Bottled Lightning"},{"floor":9,"key":"Orichalcum"}],"event_choices":[],"is_beta":true,"boss_relics":[],"items_purged_floors":[],"is_endless":false,"potions_floor_spawned":[1,5,7,12],"killed_by":"Slime Boss","ascension_level":20}