{"gold_per_floor":[367,380,40,190,207,207,207,226,301,328,345,345,357,371,371,448,448,465,465,484,844,435,435,447,447,500,518,536,204,204,224,224,295,295,311,311,323,102,102],"floor_reached":39,"playtime":2950,"items_purged":["Doubt"],"score":875,"play_id":"91901d6a-8c2f-4ff3-9727-8898a661e2d8","local_time":"20190428074957","is_ascension_mode":true,"campfire_choices":[{"data":"Static Discharge","floor":6.0,"key":"SMITH"},{"data":"Blizzard","floor":12.0,"key":"SMITH"},{"data":"Reinforced Body","floor":15.0,"key":"SMITH"},{"floor":23.0,"key":"REST"},{"data":"Recycle","floor":25.0,"key":"SMITH"},{"floor":32.0,"key":"REST"}],"neow_cost":"TEN_PERCENT_HP_LOSS","seed_source_timestamp":386752290444045,"circlet_count":0,"master_deck":["AscendersBane","Strike_B","Strike_B","Strike_B","Defend_B","Defend_B","Defend_B","Defend_B","Zap","Dualcast","Cold Snap","Conserve Battery","Static Discharge+1","Blizzard+1","BootSequence","Cold Snap","Reinforced Body+1","Chill","Creative AI","Creative AI","Coolheaded+1","Go for the Eyes","Recycle+1","Machine Learning","Amplify"],"special_seed":0,"relics":["Cracked Core","Mercury Hourglass","FossilizedHelix","Singing Bowl","Odd Mushroom","Busted Crown","Tiny Chest","Orichalcum","Bag of Marbles","Prayer Wheel","Sozu","Runic Capacitor"],"potions_floor_usage":[],"damage_taken":[{"damage":1.0,"enemies":"2 Louse","floor":1.0,"turns":3.0},{"damage":2.0,"enemies":"Jaw Worm","floor":2.0,"turns":3.0},{"damage":0.0,"enemies":"Cultist","floor":5.0,"turns":3.0},{"damage":0.0,"enemies":"Large Slime","floor":8.0,"turns":4.0},{"damage":9.0,"enemies":"The Mushroom Lair","floor":10.0,"turns":4.0},{"damage":7.0,"enemies":"Lots of Slimes","floor":11.0,"turns":3.0},{"damage":0.0,"enemies":"2 Fungi Beasts","floor":13.0,"turns":2.0},{"damage":0.0,"enemies":"Looter","floor":14.0,"turns":3.0},{"damage":24.0,"enemies":"The Guardian","floor":16.0,"turns":16.0},{"damage":0.0,"enemies":"Spheric Guardian","floor":18.0,"turns":6.0},{"damage":6.0,"enemies":"2 Thieves","floor":20.0,"turns":3.0},{"damage":4.0,"enemies":"Chosen and Byrds","floor":24.0,"turns":8.0},{"damage":3.0,"enemies":"Shelled Parasite and Fungi","floor":27.0,"turns":6.0},{"damage":14.0,"enemies":"Snake Plant","floor":28.0,"turns":8.0},{"damage":8.0,"enemies":"Snecko","floor":31.0,"turns":7.0},{"damage":0,"enemies":"Champ","floor":33,"turns":18},{"damage":29,"enemies":"Orb Walker","floor":35,"turns":5},{"damage":0,"enemies":"3 Shapes","floor":37,"turns":9},{"damage":46,"enemies":"Spire Growth","floor":39,"turns":5}],"seed_played":"-2429602516527485089","potions_obtained":[{"floor":10.0,"key":"Dexterity Potion"},{"floor":11.0,"key":"Weak Potion"},{"floor":13.0,"key":"EssenceOfSteel"},{"floor":16.0,"key":"FocusPotion"}],"is_trial":false,"path_per_floor":["M","M","$","?","M","R","T","M","T","?","M","R","M","M","R","B",null,"M","?","M","?","$","R","M","R","T","M","M","$","?","M","R","B",null,"M","?","M","$","M"],"character_chosen":"DEFECT","items_purchased":["Static Discharge","Mercury Hourglass","Tiny Chest","Orichalcum","Go for the Eyes","Prayer Wheel","Runic Capacitor"],"campfire_rested":2,"item_purchase_floors":[3,3,22,22,22,29,38],"current_hp_per_floor":[63,61,61,61,61,61,61,61,61,54,47,47,47,47,47,23,55,57,57,51,21,21,41,37,37,37,36,24,24,24,20,42,42,68,43,43,47,47,1],"gold":102,"neow_bonus":"TWO_FIFTY_GOLD","is_prod":false,"is_daily":false,"chose_seed":false,"campfire_upgraded":4,"win_rate":0,"timestamp":1556452197,"path_taken":["M","M","$","?","M","R","?","M","T","?","M","R","M","M","R","BOSS","M","?","?","?","$","R","M","R","T","M","?","$","?","M","R","BOSS","M","?","M","$","M"],"build_version":"2019-04-23","purchased_purges":1,"victory":false,"max_hp_per_floor":[64,64,64,64,64,64,64,64,64,66,66,66,66,66,66,66,66,68,68,68,68,68,68,68,68,68,70,72,72,72,76,76,76,76,80,80,84,84,84],"card_choices":[{"not_picked":["Hologram","Redo"],"picked":"Cold Snap","floor":1.0},{"not_picked":["Go for the Eyes","Leap"],"picked":"Conserve Battery","floor":2.0},{"not_picked":["Tempest","Rebound"],"picked":"Blizzard","floor":5.0},{"not_picked":["Compile Driver","Leap"],"picked":"BootSequence","floor":8.0},{"not_picked":["Rebound","Darkness","Skim"],"picked":"Singing Bowl","floor":10.0},{"not_picked":["Go for the Eyes","Gash"],"picked":"Cold Snap","floor":11.0},{"not_picked":["Stack","Undo"],"picked":"Reinforced Body","floor":13.0},{"not_picked":["Aggregate","Go for the Eyes"],"picked":"Chill","floor":14.0},{"not_picked":["Rainbow","Seek"],"picked":"Creative AI","floor":16.0},{"not_picked":["Compile Driver"],"picked":"Singing Bowl","floor":18.0},{"not_picked":[],"picked":"Coolheaded+1","floor":20.0},{"not_picked":[],"picked":"Recycle","floor":24.0},{"not_picked":["Leap"],"picked":"Singing Bowl","floor":27.0},{"not_picked":["Hello World"],"picked":"Singing Bowl","floor":28.0},{"not_picked":["Turbo"],"picked":"Singing Bowl","floor":31.0},{"not_picked":["Leap+1"],"picked":"Singing Bowl","floor":31.0},{"not_picked":[],"picked":"Machine Learning","floor":33},{"not_picked":["Self Repair"],"picked":"Singing Bowl","floor":35},{"not_picked":["Ball Lightning"],"picked":"Singing Bowl","floor":35},{"not_picked":["Sweeping Beam"],"picked":"Singing Bowl","floor":37},{"not_picked":["Undo"],"picked":"Singing Bowl","floor":37}],"player_experience":1068774,"relics_obtained":[{"floor":7.0,"key":"FossilizedHelix"},{"floor":9.0,"key":"Singing Bowl"},{"floor":10.0,"key":"Odd Mushroom"},{"floor":26.0,"key":"Bag of Marbles"}],"event_choices":[{"damage_healed":0.0,"max_hp_gain":0.0,"max_hp_loss":0.0,"gold_gain":150.0,"event_name":"Liars Game","player_choice":"AGREE","floor":4.0,"gold_loss":0.0,"damage_taken":0.0,"cards_obtained":["Doubt"]},{"damage_healed":0.0,"max_hp_gain":0.0,"max_hp_loss":0.0,"gold_gain":0.0,"event_name":"Mushrooms","player_choice":"Fought Mushrooms","floor":10.0,"gold_loss":0.0,"damage_taken":0.0},{"damage_healed":0.0,"max_hp_gain":0.0,"max_hp_loss":0.0,"gold_gain":0.0,"cards_transformed":["Strike_B"],"event_name":"Transmorgrifier","player_choice":"Transformed","floor":19.0,"gold_loss":0.0,"damage_taken":0.0,"cards_obtained":["Creative AI"]},{"damage_healed":0.0,"max_hp_gain":0.0,"max_hp_loss":0.0,"gold_gain":360.0,"event_name":"Knowing Skull","player_choice":"GOLD GOLD GOLD GOLD ","floor":21.0,"potions_obtained":[],"gold_loss":0.0,"damage_taken":30.0,"cards_obtained":[]},{"damage_healed":0.0,"max_hp_gain":0.0,"max_hp_loss":0.0,"gold_gain":0.0,"event_name":"Vampires","player_choice":"Ignored","floor":30.0,"gold_loss":0.0,"damage_taken":0.0},{"damage_healed":0,"gold_gain":0,"player_choice":"1 cards matched","damage_taken":0,"max_hp_gain":0,"max_hp_loss":0,"event_name":"Match and Keep!","floor":36,"gold_loss":0,"cards_obtained":["Amplify"]}],"is_beta":true,"boss_relics":[{"not_picked":["Runic Dome","Cursed Key"],"picked":"Busted Crown"},{"not_picked":["Coffee Dripper","Runic Pyramid"],"picked":"Sozu"}],"items_purged_floors":[22],"is_endless":false,"potions_floor_spawned":[10,11,13,16,20,27,33,35],"killed_by":"Spire Growth","ascension_level":20}