{"gold_per_floor":[112,126,126,143,143,143,174,186,256,314,330,18,18],"floor_reached":13,"playtime":859,"items_purged":[],"score":85,"play_id":"31f6f00b-d100-4021-b5b0-d055d2c31dff","local_time":"20180918220231","is_ascension_mode":false,"campfire_choices":[{"data":"Searing Blow","floor":6,"key":"SMITH"}],"neow_cost":"NONE","seed_source_timestamp":650736392068150,"circlet_count":0,"master_deck":["Strike_R","Strike_R","Strike_R","Strike_R","Strike_R","Defend_R","Defend_R","Defend_R","Defend_R","Searing Blow+1","Fire Breathing+1","Twin Strike","Thunderclap","Twin Strike","Cleave","Blood for Blood","Inflame","Thunderclap","Reckless Charge"],"relics":["Burning Blood","Question Card","Incense Burner","Sundial","Darkstone Periapt","Oddly Smooth Stone"],"potions_floor_usage":[7,8,13],"damage_taken":[{"damage":6,"enemies":"Cultist","floor":1,"turns":3},{"damage":8,"enemies":"Small Slimes","floor":2,"turns":3},{"damage":6,"enemies":"Jaw Worm","floor":4,"turns":3},{"damage":35,"enemies":"3 Sentries","floor":7,"turns":7},{"damage":11,"enemies":"Large Slime","floor":8,"turns":3},{"damage":15,"enemies":"Gremlin Nob","floor":10,"turns":4},{"damage":28,"enemies":"Exordium Thugs","floor":11,"turns":4},{"damage":24,"enemies":"Lagavulin","floor":13,"turns":3}],"seed_played":"-3598929556551526574","potions_obtained":[{"floor":1,"key":"SkillPotion"},{"floor":2,"key":"GamblersBrew"},{"floor":7,"key":"PowerPotion"}],"is_trial":false,"path_per_floor":["M","M","T","M","?","R","E","M","T","?","M","$"],"character_chosen":"IRONCLAD","items_purchased":["Oddly Smooth Stone","Inflame","Thunderclap","Reckless Charge"],"campfire_rested":0,"item_purchase_floors":[12,12,12,12],"current_hp_per_floor":[80,78,78,78,78,78,49,44,44,35,13,13,0],"gold":18,"neow_bonus":"TRANSFORM_CARD","is_prod":false,"is_daily":false,"chose_seed":false,"campfire_upgraded":1,"win_rate":0.0,"timestamp":1537326151,"path_taken":["M","?","?","M","?","R","E","?","T","?","M","$","E"],"build_version":"2018-09-06","purchased_purges":0,"victory":false,"max_hp_per_floor":[80,80,80,80,80,80,80,80,80,80,80,80,80],"card_choices":[{"not_picked":["Blood for Blood","Cleave"],"picked":"Fire Breathing","floor":1},{"not_picked":["Bloodletting","Disarm"],"picked":"Twin Strike","floor":2},{"not_picked":["Clothesline","Heavy Blade","Sword Boomerang"],"picked":"Thunderclap","floor":4},{"not_picked":["Havoc","Power Through","Sever Soul"],"picked":"Twin Strike","floor":7},{"not_picked":["True Grit","Hemokinesis","Feel No Pain","Battle Trance"],"picked":"SKIP","floor":8},{"not_picked":["Dropkick","Shrug It Off","Intimidate"],"picked":"Cleave","floor":10},{"not_picked":["Sword Boomerang","Havoc","Warcry"],"picked":"Blood for Blood","floor":11}],"player_experience":35496,"relics_obtained":[{"floor":3,"key":"Question Card"},{"floor":7,"key":"Incense Burner"},{"floor":9,"key":"Sundial"}],"event_choices":[{"event_name":"Living Wall","player_choice":"Grow","floor":5,"damage_taken":0},{"event_name":"Dead Adventurer","player_choice":"Searched \u00272\u0027 times","floor":10,"damage_taken":0}],"is_beta":false,"boss_relics":[],"items_purged_floors":[],"is_endless":false,"potions_floor_spawned":[1,2,7],"killed_by":"Lagavulin","ascension_level":0}