{"gold_per_floor":[115,129,54,54,68,68,68,68,68,68,87,103,128,148,148,246,246,260,260,109,125,143,143,143,143,190,0,25,25,39,53,53,154,154,171,171,171,171,184,184,209,220,293,293,293,303,303,315,315,315],"floor_reached":51,"playtime":3929,"items_purged":["Strike_G"],"score":752,"play_id":"3b4ce269-3fe4-4737-bc5c-3c97dccfcdd4","local_time":"20181106002854","is_ascension_mode":false,"campfire_choices":[{"data":"Deadly Poison","floor":7,"key":"SMITH"},{"data":"Neutralize","floor":10,"key":"SMITH"},{"data":"Burst","floor":15,"key":"SMITH"},{"data":"A Thousand Cuts","floor":23,"key":"SMITH"},{"data":"Deadly Poison","floor":29,"key":"SMITH"},{"data":"Caltrops","floor":32,"key":"SMITH"},{"data":"Outmaneuver","floor":44,"key":"SMITH"},{"data":"Acrobatics","floor":47,"key":"SMITH"},{"data":"Dodge and Roll","floor":49,"key":"SMITH"}],"neow_cost":"NONE","seed_source_timestamp":109880894838741,"circlet_count":0,"master_deck":["Defend_G","Defend_G","Defend_G+1","Defend_G","Defend_G","Strike_G","Strike_G","Strike_G","Survivor","Neutralize+1","Deadly Poison+1","Dodge and Roll+1","Infinite Blades","Backflip+1","Outmaneuver+1","Impatience","Backflip","Deadly Poison+1","Burst+1","Acrobatics+1","A Thousand Cuts+1","Deadly Poison","Footwork+1","Crippling Poison+1","Caltrops+1","Infinite Blades","Doppelganger+1","Dash+1","Madness","Madness","Dodge and Roll+1","Violence","Backflip+1","PiercingWail+1","Injury","Doubt","PiercingWail"],"relics":["Ring of the Snake","Paper Crane","War Paint","White Beast Statue","Oddly Smooth Stone","Happy Flower","Chemical X","Ancient Tea Set","Cursed Key","Bag of Marbles","Letter Opener"],"potions_floor_usage":[11,22,22,22,30,31,33,41,41,42,48,50,50,50],"damage_taken":[{"damage":0,"enemies":"2 Louse","floor":1,"turns":3},{"damage":0,"enemies":"Cultist","floor":2,"turns":3},{"damage":0,"enemies":"Jaw Worm","floor":5,"turns":7},{"damage":10,"enemies":"Lots of Slimes","floor":11,"turns":6},{"damage":2,"enemies":"Blue Slaver","floor":12,"turns":4},{"damage":5,"enemies":"Gremlin Nob","floor":13,"turns":4},{"damage":0,"enemies":"Red Slaver","floor":14,"turns":3},{"damage":0,"enemies":"The Guardian","floor":16,"turns":9},{"damage":22,"enemies":"3 Byrds","floor":18,"turns":4},{"damage":6,"enemies":"Spheric Guardian","floor":21,"turns":5},{"damage":19,"enemies":"Chosen and Byrds","floor":22,"turns":8},{"damage":1,"enemies":"Centurion and Healer","floor":30,"turns":5},{"damage":23,"enemies":"Cultist and Chosen","floor":31,"turns":6},{"damage":18,"enemies":"Champ","floor":33,"turns":9},{"damage":4,"enemies":"3 Darklings","floor":35,"turns":3},{"damage":6,"enemies":"Orb Walker","floor":39,"turns":4},{"damage":43,"enemies":"Nemesis","floor":41,"turns":9},{"damage":0,"enemies":"Writhing Mass","floor":42,"turns":6},{"damage":0,"enemies":"3 Darklings","floor":46,"turns":3},{"damage":13,"enemies":"Jaw Worm Horde","floor":48,"turns":4},{"damage":34,"enemies":"Awakened One","floor":50,"turns":18}],"seed_played":"704417938475543173","potions_obtained":[{"floor":2,"key":"GamblersBrew"},{"floor":5,"key":"Energy Potion"},{"floor":12,"key":"Block Potion"},{"floor":14,"key":"FearPotion"},{"floor":21,"key":"Poison Potion"},{"floor":22,"key":"Regen Potion"},{"floor":30,"key":"Regen Potion"},{"floor":31,"key":"LiquidBronze"},{"floor":33,"key":"Regen Potion"},{"floor":35,"key":"EssenceOfSteel"},{"floor":39,"key":"Weak Potion"},{"floor":41,"key":"Fire Potion"},{"floor":42,"key":"GamblersBrew"},{"floor":46,"key":"AttackPotion"},{"floor":48,"key":"Swift Potion"}],"is_trial":false,"path_per_floor":["M","M","$","?","M","$","R","?","T","R","M","M","E","M","R","B",null,"M","?","$","M","M","R","?","?","T","$","T","R","M","M","R","B",null,"M","?","$","?","M","?","E","M","T","R","?","M","R","M","R","B",null],"character_chosen":"THE_SILENT","items_purchased":["Oddly Smooth Stone","Chemical X"],"campfire_rested":0,"item_purchase_floors":[20,27],"current_hp_per_floor":[77,77,77,77,77,77,77,77,77,77,67,65,60,60,60,60,77,55,55,55,49,30,30,30,55,55,55,55,55,69,59,59,41,77,73,63,63,63,57,57,28,28,28,28,77,77,77,64,64,30],"gold":315,"neow_bonus":"TEN_PERCENT_HP_BONUS","is_prod":false,"is_daily":false,"chose_seed":false,"campfire_upgraded":9,"win_rate":0.0,"timestamp":1541482134,"path_taken":["M","M","$","?","?","?","R","?","T","R","M","?","E","M","R","BOSS","M","?","$","M","?","R","?","?","T","?","?","R","?","M","R","BOSS","M","?","$","?","?","?","E","M","T","R","?","M","R","M","R","BOSS"],"build_version":"2018-11-02","purchased_purges":1,"victory":true,"max_hp_per_floor":[77,77,77,77,77,77,77,77,77,77,77,77,77,77,77,77,77,77,77,77,77,77,77,77,77,77,77,77,77,77,77,77,77,77,77,77,77,77,77,77,77,77,77,77,77,77,77,77,77,77],"card_choices":[{"not_picked":["Backflip","Slice"],"picked":"Deadly Poison","floor":1},{"not_picked":["Slice","Expertise"],"picked":"Dodge and Roll","floor":2},{"not_picked":["Blade Dance","Dodge and Roll"],"picked":"Backflip","floor":5},{"not_picked":["Expertise","Backstab"],"picked":"Backflip","floor":11},{"not_picked":["Deflect","Poisoned Stab"],"picked":"Deadly Poison","floor":12},{"not_picked":["Backflip","Choke"],"picked":"Burst","floor":13},{"not_picked":["Blade Dance","Heel Hook"],"picked":"Acrobatics","floor":14},{"not_picked":["Adrenaline","Burst"],"picked":"A Thousand Cuts","floor":16},{"not_picked":["Dagger Throw","Blade Dance"],"picked":"Deadly Poison","floor":18},{"not_picked":["Underhanded Strike","Endless Agony"],"picked":"Footwork+1","floor":21},{"not_picked":["Dodge and Roll+1","Dagger Spray+1"],"picked":"Crippling Poison+1","floor":22},{"not_picked":["Dash","Sucker Punch"],"picked":"Caltrops","floor":30},{"not_picked":["Flying Knee+1","Deadly Poison"],"picked":"Infinite Blades","floor":31},{"not_picked":["Unload","Die Die Die"],"picked":"Doppelganger","floor":33},{"not_picked":["Quick Slash","Underhanded Strike+1"],"picked":"Dash+1","floor":35},{"not_picked":["Flechettes+1","Prepared"],"picked":"Dodge and Roll+1","floor":39},{"not_picked":["Swift Strike","Secret Weapon"],"picked":"Violence","floor":40},{"not_picked":["Acrobatics","Crippling Poison+1"],"picked":"Backflip+1","floor":41},{"not_picked":["Prepared+1","Blade Dance+1"],"picked":"PiercingWail+1","floor":42},{"not_picked":["Deflect","Blade Dance+1"],"picked":"PiercingWail","floor":46},{"not_picked":["Riddle With Holes","Predator+1","Slice+1"],"picked":"SKIP","floor":48}],"player_experience":127771,"relics_obtained":[{"floor":9,"key":"Paper Crane"},{"floor":13,"key":"War Paint"},{"floor":26,"key":"Happy Flower"},{"floor":28,"key":"Ancient Tea Set"},{"floor":41,"key":"Bag of Marbles"},{"floor":43,"key":"Letter Opener"}],"event_choices":[{"damage_healed":0,"gold_gain":0,"cards_transformed":["Strike_G"],"player_choice":"Transformed","damage_taken":0,"max_hp_gain":0,"max_hp_loss":0,"event_name":"Transmorgrifier","floor":4,"gold_loss":0,"cards_obtained":["Infinite Blades"]},{"damage_healed":0,"gold_gain":0,"player_choice":"2 cards matched","damage_taken":0,"max_hp_gain":0,"max_hp_loss":0,"event_name":"Match and Keep!","floor":8,"gold_loss":0,"cards_obtained":["Outmaneuver","Impatience"]},{"damage_healed":0,"gold_gain":0,"player_choice":"Bought 0 Potions","damage_taken":0,"max_hp_gain":0,"max_hp_loss":0,"event_name":"The Woman in Blue","floor":19,"gold_loss":0},{"damage_healed":0,"gold_gain":0,"player_choice":"Ignored","damage_taken":0,"max_hp_gain":0,"max_hp_loss":0,"event_name":"Vampires","floor":24,"gold_loss":0},{"damage_healed":25,"gold_gain":0,"player_choice":"Heal","damage_taken":0,"max_hp_gain":0,"max_hp_loss":0,"event_name":"The Library","floor":25,"gold_loss":0},{"damage_healed":0,"gold_gain":0,"player_choice":"Embrace Madness","damage_taken":10,"max_hp_gain":0,"max_hp_loss":0,"event_name":"Winding Halls","floor":36,"gold_loss":0,"cards_obtained":["Madness","Madness"]},{"damage_healed":0,"gold_gain":0,"player_choice":"Upgraded","damage_taken":0,"max_hp_gain":0,"max_hp_loss":0,"event_name":"Upgrade Shrine","floor":38,"gold_loss":0,"cards_upgraded":["Doppelganger"]},{"damage_healed":0,"gold_gain":0,"player_choice":"Memory 1","damage_taken":0,"max_hp_gain":0,"max_hp_loss":0,"event_name":"SensoryStone","floor":40,"gold_loss":0},{"damage_healed":49,"gold_gain":0,"player_choice":"Heal","damage_taken":0,"max_hp_gain":0,"max_hp_loss":0,"event_name":"MindBloom","floor":45,"gold_loss":0,"cards_obtained":["Doubt"]}],"is_beta":true,"boss_relics":[{"not_picked":["Calling Bell","Empty Cage"],"picked":"White Beast Statue"},{"not_picked":["Velvet Choker","Busted Crown"],"picked":"Cursed Key"}],"items_purged_floors":[3],"is_endless":false,"potions_floor_spawned":[2,5,12,14,18,21,22,30,31,33,35,39,41,42,46,48],"ascension_level":0}