{"gold_per_floor":[117,134,145,145,161,196,196,224,224,235,235,44,63,98,98,200,200,219,236,236,236,236,267,267,284,335,335,346,346,363,54,54,153,153,171,171,171,171,188,188,203,203],"floor_reached":42,"playtime":3146,"items_purged":[],"score":579,"play_id":"b1d1d30a-97da-47a1-b0a4-590f46a18d5f","local_time":"20181128175450","is_ascension_mode":true,"campfire_choices":[{"data":"Rampage","floor":7,"key":"SMITH"},{"data":"Armaments","floor":11,"key":"SMITH"},{"data":"Strike_R","floor":15,"key":"PURGE"},{"data":"Strike_R+1","floor":24,"key":"PURGE"},{"floor":27,"key":"REST"},{"data":"Barricade","floor":29,"key":"SMITH"},{"data":"Bash","floor":32,"key":"SMITH"},{"floor":40,"key":"REST"}],"neow_cost":"NONE","seed_source_timestamp":8494233324808,"circlet_count":0,"master_deck":["Defend_R+1","Defend_R+1","Defend_R+1","Defend_R+1","Bash+1","Armaments+1","Disarm","Rampage+1","Disarm","Shrug It Off","Barricade+1","Shockwave","Dropkick+1","Shockwave","Intimidate+1","Double Tap","Finesse"],"relics":["Burning Blood","PreservedInsect","Champion Belt","Centennial Puzzle","Question Card","HandDrill","Peace Pipe","Empty Cage","MutagenicStrength","Paper Frog","Regal Pillow","Gambling Chip","Black Star"],"potions_floor_usage":[6,8,14,28,28,42,42],"damage_taken":[{"damage":5,"enemies":"Jaw Worm","floor":1,"turns":6},{"damage":1,"enemies":"Cultist","floor":2,"turns":3},{"damage":7,"enemies":"2 Louse","floor":3,"turns":4},{"damage":19,"enemies":"Exordium Thugs","floor":5,"turns":7},{"damage":38,"enemies":"3 Sentries","floor":6,"turns":14},{"damage":21,"enemies":"Lagavulin","floor":8,"turns":7},{"damage":2,"enemies":"2 Fungi Beasts","floor":10,"turns":5},{"damage":4,"enemies":"Exordium Wildlife","floor":13,"turns":4},{"damage":10,"enemies":"3 Sentries","floor":14,"turns":7},{"damage":25,"enemies":"The Guardian","floor":16,"turns":13},{"damage":20,"enemies":"3 Byrds","floor":18,"turns":11},{"damage":5,"enemies":"Shell Parasite","floor":19,"turns":7},{"damage":5,"enemies":"Book of Stabbing","floor":23,"turns":11},{"damage":21,"enemies":"Centurion and Healer","floor":25,"turns":8},{"damage":36,"enemies":"3 Cultists","floor":28,"turns":8},{"damage":6,"enemies":"Snake Plant","floor":30,"turns":8},{"damage":52,"enemies":"Champ","floor":33,"turns":15},{"damage":32,"enemies":"3 Darklings","floor":35,"turns":12},{"damage":16,"enemies":"Orb Walker","floor":39,"turns":4},{"damage":17,"enemies":"Spire Growth","floor":41,"turns":5},{"damage":79,"enemies":"Transient","floor":42,"turns":5}],"seed_played":"-6063685113335158247","potions_obtained":[{"floor":1,"key":"Regen Potion"},{"floor":5,"key":"GamblersBrew"},{"floor":6,"key":"Regen Potion"},{"floor":8,"key":"SkillPotion"},{"floor":18,"key":"SteroidPotion"},{"floor":25,"key":"Energy Potion"},{"floor":30,"key":"FairyPotion"},{"floor":33,"key":"FearPotion"},{"floor":41,"key":"Block Potion"}],"is_trial":false,"path_per_floor":["M","M","M","?","M","E","R","E","T","M","R","$","M","E","R","B",null,"M","M","?","?","?","E","R","M","T","R","M","R","M","$","R","B",null,"M","?","$","?","M","R","M","M"],"character_chosen":"IRONCLAD","items_purchased":["HandDrill","Gambling Chip"],"campfire_rested":2,"item_purchase_floors":[12,31],"current_hp_per_floor":[80,80,79,79,66,49,49,49,49,53,53,53,55,51,51,32,68,54,55,55,55,55,56,56,41,41,80,50,50,50,50,50,14,64,38,38,38,38,28,67,56,0],"gold":203,"neow_bonus":"RANDOM_COMMON_RELIC","is_prod":false,"is_daily":false,"chose_seed":false,"campfire_upgraded":4,"win_rate":0,"timestamp":1543445690,"path_taken":["M","M","M","?","M","E","R","E","T","?","R","$","M","E","R","BOSS","M","M","?","?","?","E","R","?","T","R","M","R","M","$","R","BOSS","M","?","$","?","M","R","M","M"],"build_version":"2018-11-15","purchased_purges":0,"victory":false,"max_hp_per_floor":[80,80,80,80,80,80,80,80,80,80,80,80,80,80,80,80,80,80,80,80,80,80,80,80,80,80,80,80,80,80,80,80,80,80,80,80,80,80,80,80,80,80],"card_choices":[{"not_picked":["Seeing Red","Rage"],"picked":"Armaments","floor":1},{"not_picked":["Pommel Strike","Perfected Strike"],"picked":"Disarm","floor":2},{"not_picked":["Infernal Blade","Cleave"],"picked":"True Grit","floor":3},{"not_picked":["Blood for Blood","Bloodletting","Twin Strike"],"picked":"SKIP","floor":5},{"not_picked":["Rage","Carnage"],"picked":"Rampage","floor":6},{"not_picked":["Power Through","Iron Wave"],"picked":"Disarm","floor":8},{"not_picked":["Burning Pact","Clash","Heavy Blade","Dropkick"],"picked":"SKIP","floor":10},{"not_picked":["Power Through","Thunderclap","Pummel"],"picked":"Shrug It Off","floor":13},{"not_picked":["Cleave","Limit Break","True Grit","Thunderclap"],"picked":"SKIP","floor":14},{"not_picked":["Juggernaut","Feed","Impervious"],"picked":"Barricade","floor":16},{"not_picked":["Thunderclap","Spot Weakness","Twin Strike"],"picked":"Shockwave","floor":18},{"not_picked":["Perfected Strike","Searing Blow","Clash","Anger"],"picked":"SKIP","floor":19},{"not_picked":["Perfected Strike","Havoc","Reckless Charge+1"],"picked":"Dropkick+1","floor":23},{"not_picked":["Armaments","Iron Wave","Clash","Havoc"],"picked":"SKIP","floor":25},{"not_picked":["Havoc+1","Anger","Armaments"],"picked":"Shockwave","floor":28},{"not_picked":["Bludgeon","Twin Strike+1","Armaments+1"],"picked":"Intimidate+1","floor":30},{"not_picked":["Reaper","Dark Embrace","Juggernaut"],"picked":"Double Tap","floor":33},{"not_picked":["Anger","Pommel Strike+1","Rampage","Power Through+1"],"picked":"SKIP","floor":35},{"not_picked":["Swift Strike","Madness","Deep Breath"],"picked":"Finesse","floor":38},{"not_picked":["Carnage","Shockwave","Wild Strike+1","Sever Soul+1"],"picked":"SKIP","floor":39},{"not_picked":["Cleave","Reckless Charge+1","Clash+1","Perfected Strike+1"],"picked":"SKIP","floor":41}],"player_experience":527206,"relics_obtained":[{"floor":6,"key":"Champion Belt"},{"floor":8,"key":"Centennial Puzzle"},{"floor":9,"key":"Question Card"},{"floor":14,"key":"Peace Pipe"},{"floor":23,"key":"Paper Frog"},{"floor":26,"key":"Regal Pillow"}],"event_choices":[{"cards_removed":["Strike_R"],"damage_healed":0,"gold_gain":0,"player_choice":"Offered Basic","damage_taken":0,"max_hp_gain":0,"max_hp_loss":0,"event_name":"Bonfire Elementals","floor":4,"gold_loss":0},{"damage_healed":0,"gold_gain":0,"player_choice":"Ignored","damage_taken":0,"max_hp_gain":0,"max_hp_loss":0,"event_name":"Cursed Tome","floor":20,"gold_loss":0},{"damage_healed":0,"gold_gain":0,"player_choice":"Simplicity","damage_taken":0,"max_hp_gain":0,"max_hp_loss":0,"event_name":"Back to Basics","floor":21,"gold_loss":0,"cards_upgraded":["Strike_R","Defend_R","Defend_R","Defend_R","Defend_R"]},{"damage_healed":0,"gold_gain":0,"player_choice":"Inject Mutagens","damage_taken":0,"relics_obtained":["MutagenicStrength"],"max_hp_gain":0,"max_hp_loss":0,"event_name":"Drug Dealer","floor":22,"gold_loss":0},{"cards_removed":["True Grit"],"damage_healed":0,"gold_gain":0,"player_choice":"Removed Skill","damage_taken":0,"max_hp_gain":0,"max_hp_loss":0,"event_name":"Falling","floor":36,"gold_loss":0},{"damage_healed":0,"gold_gain":0,"player_choice":"Memory 1","damage_taken":0,"max_hp_gain":0,"max_hp_loss":0,"event_name":"SensoryStone","floor":38,"gold_loss":0}],"is_beta":true,"boss_relics":[{"not_picked":["Philosopher\u0027s Stone","Sozu"],"picked":"Empty Cage"},{"not_picked":["Velvet Choker","Runic Dome"],"picked":"Black Star"}],"items_purged_floors":[],"is_endless":false,"potions_floor_spawned":[1,5,6,8,18,25,30,33,41],"killed_by":"Transient","ascension_level":5}