{"gold_per_floor":[111,128,128,47,65,65,84,109,109,181,161,161,194,194,194,291,291,306,326,342,361,361],"floor_reached":22,"playtime":985,"items_purged":[],"score":196,"play_id":"b44b10f9-bf32-4461-9bf9-e1465765f87f","local_time":"20190706145653","is_ascension_mode":false,"campfire_choices":[{"data":"Defragment","floor":6,"key":"SMITH"},{"floor":12,"key":"REST"},{"data":"Zap","floor":15,"key":"SMITH"}],"neow_cost":"NONE","seed_source_timestamp":1255435373581947,"circlet_count":0,"master_deck":["Strike_B","Strike_B","Strike_B","Defend_B","Defend_B","Defend_B","Defend_B","Zap+1","Dualcast","Doom and Gloom","Go for the Eyes","Hologram","Defragment+1","Sweeping Beam","Barrage","Streamline","Static Discharge+1","Thunder Strike","Redo+1","Redo+1","Steam+1"],"relics":["Cracked Core","Juzu Bracelet","Frozen Egg 2","Toxic Egg 2","Sozu"],"potions_floor_usage":[13,21,21],"damage_taken":[{"damage":0,"enemies":"Small Slimes","floor":1,"turns":2},{"damage":6,"enemies":"Jaw Worm","floor":2,"turns":3},{"damage":2,"enemies":"2 Louse","floor":5,"turns":2},{"damage":16,"enemies":"Lots of Slimes","floor":7,"turns":3},{"damage":24,"enemies":"Gremlin Nob","floor":8,"turns":4},{"damage":27,"enemies":"Lagavulin","floor":13,"turns":7},{"damage":22,"enemies":"Hexaghost","floor":16,"turns":5},{"damage":22,"enemies":"Shell Parasite","floor":18,"turns":4},{"damage":10,"enemies":"Chosen","floor":19,"turns":4},{"damage":22,"enemies":"Snecko","floor":20,"turns":3},{"damage":17,"enemies":"Centurion and Healer","floor":21,"turns":4},{"damage":7,"enemies":"Snake Plant","floor":22,"turns":1}],"seed_played":"-2873479183137155711","potions_obtained":[{"floor":2,"key":"Weak Potion"},{"floor":8,"key":"GamblersBrew"},{"floor":11,"key":"EssenceOfSteel"}],"is_trial":false,"path_per_floor":["M","M","?","$","M","R","M","E","T","?","?","R","E","?","R","B",null,"M","M","M","M","M"],"character_chosen":"DEFECT","items_purchased":["Defragment"],"campfire_rested":1,"item_purchase_floors":[4],"current_hp_per_floor":[75,69,69,69,67,67,51,27,27,27,27,49,22,47,47,25,75,53,43,21,4,0],"gold":361,"neow_bonus":"TRANSFORM_CARD","is_prod":false,"is_daily":false,"chose_seed":false,"campfire_upgraded":2,"win_rate":0,"timestamp":1562443013,"path_taken":["M","M","?","$","M","R","M","E","T","?","?","R","E","?","R","BOSS","M","M","M","M","M"],"build_version":"2019-07-05","purchased_purges":0,"victory":false,"max_hp_per_floor":[75,75,75,75,75,75,75,75,75,75,75,75,75,75,75,75,75,75,75,75,75,75],"card_choices":[{"not_picked":["Scrape","Coolheaded"],"picked":"Go for the Eyes","floor":1},{"not_picked":["Undo","Steam"],"picked":"Hologram","floor":2},{"not_picked":["Gash","Beam Cell"],"picked":"Sweeping Beam","floor":5},{"not_picked":["Go for the Eyes","Fission"],"picked":"Barrage","floor":7},{"not_picked":["Doom and Gloom","Steam"],"picked":"Streamline","floor":8},{"not_picked":["Tempest","Meteor Strike"],"picked":"Static Discharge+1","floor":13},{"not_picked":["All For One","Fission+1"],"picked":"Thunder Strike","floor":16},{"not_picked":["Fusion+1","Consume+1"],"picked":"Redo+1","floor":18},{"not_picked":["Gash+1","Streamline"],"picked":"Redo+1","floor":19},{"not_picked":["Hologram+1","Turbo+1","Redo+1"],"picked":"SKIP","floor":20},{"not_picked":["Gash","Scrape"],"picked":"Steam+1","floor":21}],"player_experience":127072,"relics_obtained":[{"floor":8,"key":"Juzu Bracelet"},{"floor":9,"key":"Frozen Egg 2"},{"floor":13,"key":"Toxic Egg 2"}],"event_choices":[{"damage_healed":0,"gold_gain":0,"player_choice":"Leave","damage_taken":0,"max_hp_gain":0,"max_hp_loss":0,"event_name":"The Cleric","floor":3,"gold_loss":0},{"damage_healed":0,"gold_gain":72,"player_choice":"Gained Gold","damage_taken":0,"max_hp_gain":0,"max_hp_loss":0,"event_name":"Golden Wing","floor":10,"gold_loss":0},{"damage_healed":0,"gold_gain":0,"player_choice":"Bought 1 Potion","damage_taken":0,"max_hp_gain":0,"max_hp_loss":0,"event_name":"The Woman in Blue","floor":11,"gold_loss":0},{"damage_healed":25,"gold_gain":0,"player_choice":"Banana","damage_taken":0,"max_hp_gain":0,"max_hp_loss":0,"event_name":"Big Fish","floor":14,"gold_loss":0}],"is_beta":false,"boss_relics":[{"not_picked":["Fusion Hammer","Orrery"],"picked":"Sozu"}],"items_purged_floors":[],"is_endless":false,"potions_floor_spawned":[2,8,19],"killed_by":"Snake Plant","ascension_level":0}