{"gold_per_floor":[112,112,127,127,127,127,137,137,137,137,62,78,92,92,92,185,185,204,204,216,246,258,270,300,335,347,392,404,457,469,481,493,505],"floor_reached":33,"playtime":1469,"items_purged":["Pain"],"score":505,"play_id":"109b166c-5839-419a-ad5e-8b392f2e72b6","local_time":"20190402003353","is_ascension_mode":true,"campfire_choices":[{"data":"Sweeping Beam","floor":6.0,"key":"SMITH"},{"data":"Beam Cell","floor":8.0,"key":"SMITH"},{"data":"Sweeping Beam","floor":10.0,"key":"SMITH"},{"data":"Glacier","floor":15.0,"key":"SMITH"},{"data":"All For One","floor":23.0,"key":"SMITH"},{"floor":28.0,"key":"REST"},{"floor":30,"key":"REST"},{"floor":32,"key":"REST"}],"neow_cost":"NONE","seed_source_timestamp":824610309142011,"circlet_count":0,"master_deck":["AscendersBane","Strike_B","Strike_B","Strike_B","Defend_B","Defend_B","Defend_B","Defend_B","Zap","Dualcast","Sweeping Beam+1","Beam Cell+1","Conserve Battery","Sweeping Beam+1","Glacier+1","Injury","All For One+1","Reinforced Body+1","Sweeping Beam","Blizzard","Glacier","Redo+1","Gash+1"],"special_seed":0,"relics":["Cracked Core","WarpedTongs","Kunai","Golden Idol","Nuclear Battery","MawBank","Spirit Poop","Pocketwatch","Red Mask","Darkstone Periapt"],"potions_floor_usage":[29],"damage_taken":[{"damage":3.0,"enemies":"Small Slimes","floor":1.0,"turns":4.0},{"damage":1.0,"enemies":"2 Louse","floor":3.0,"turns":3.0},{"damage":5.0,"enemies":"Cultist","floor":7.0,"turns":3.0},{"damage":2.0,"enemies":"Blue Slaver","floor":12.0,"turns":3.0},{"damage":0.0,"enemies":"2 Fungi Beasts","floor":13.0,"turns":3.0},{"damage":15.0,"enemies":"Slime Boss","floor":16.0,"turns":10.0},{"damage":8.0,"enemies":"Chosen","floor":18.0,"turns":4.0},{"damage":12.0,"enemies":"2 Thieves","floor":21.0,"turns":3.0},{"damage":11.0,"enemies":"Sentry and Sphere","floor":24.0,"turns":8.0},{"damage":29.0,"enemies":"Snake Plant","floor":25.0,"turns":6.0},{"damage":3.0,"enemies":"Masked Bandits","floor":27.0,"turns":3.0},{"damage":35,"enemies":"Gremlin Leader","floor":29,"turns":8},{"damage":68,"enemies":"Collector","floor":33,"turns":13}],"seed_played":"4269302164331617722","potions_obtained":[{"floor":3.0,"key":"AttackPotion"},{"floor":7.0,"key":"SkillPotion"},{"floor":12.0,"key":"LiquidBronze"},{"floor":24.0,"key":"PowerPotion"},{"floor":25.0,"key":"FearPotion"},{"floor":27.0,"key":"Swift Potion"}],"is_trial":false,"path_per_floor":["M","?","M","?","?","R","M","R","T","R","$","M","M","?","R","B",null,"M","?","?","M","?","R","M","M","T","?","R","E","R","?","R","B"],"character_chosen":"DEFECT","items_purchased":[],"campfire_rested":3,"item_purchase_floors":[],"current_hp_per_floor":[68,68,67,72,72,72,67,67,67,67,67,65,65,65,65,50,75,67,67,67,55,55,55,44,15,15,12,36,1,25,25,49,0],"gold":505,"neow_bonus":"TEN_PERCENT_HP_BONUS","is_prod":false,"is_daily":false,"chose_seed":false,"campfire_upgraded":5,"win_rate":0,"timestamp":1554179633,"path_taken":["M","?","M","?","?","R","M","R","T","R","$","?","M","?","R","BOSS","M","?","?","M","?","R","M","?","T","?","R","E","R","?","R","BOSS"],"build_version":"2019-03-15","purchased_purges":1,"victory":false,"max_hp_per_floor":[78,78,78,83,83,83,83,83,83,83,83,83,83,83,83,83,83,83,83,83,83,83,83,83,83,83,83,83,83,83,83,83,83],"card_choices":[{"not_picked":["Coolheaded","Double Energy"],"picked":"Sweeping Beam","floor":1.0},{"not_picked":["Fusion","Heatsinks"],"picked":"Conserve Battery","floor":3.0},{"not_picked":["Aggregate","Streamline"],"picked":"Sweeping Beam","floor":7.0},{"not_picked":["Ball Lightning","Stack"],"picked":"Glacier","floor":12.0},{"not_picked":["Barrage","Darkness","Steam"],"picked":"SKIP","floor":13.0},{"not_picked":["Creative AI","Electrodynamics"],"picked":"All For One","floor":16.0},{"not_picked":["Compile Driver","Recycle"],"picked":"Reinforced Body+1","floor":18.0},{"not_picked":["Auto Shields","Barrage"],"picked":"Sweeping Beam","floor":21.0},{"not_picked":["Capacitor","Aggregate"],"picked":"Blizzard","floor":24.0},{"not_picked":["Capacitor","Leap"],"picked":"Glacier","floor":25.0},{"not_picked":["Sweeping Beam","Streamline"],"picked":"Redo+1","floor":27.0},{"not_picked":["Cold Snap","Multi-Cast"],"picked":"Gash+1","floor":29}],"player_experience":1053942,"relics_obtained":[{"floor":9.0,"key":"Kunai"},{"floor":26.0,"key":"Pocketwatch"},{"floor":27.0,"key":"Red Mask"},{"floor":29,"key":"Darkstone Periapt"}],"event_choices":[{"damage_healed":0.0,"max_hp_gain":0.0,"max_hp_loss":0.0,"gold_gain":0.0,"cards_transformed":["Strike_B"],"event_name":"Living Wall","player_choice":"Change","floor":2.0,"gold_loss":0.0,"damage_taken":0.0,"cards_obtained":["Beam Cell"]},{"damage_healed":0.0,"max_hp_gain":5.0,"max_hp_loss":0.0,"gold_gain":0.0,"event_name":"Big Fish","player_choice":"Donut","floor":4.0,"gold_loss":0.0,"damage_taken":0.0},{"damage_healed":0.0,"max_hp_gain":0.0,"max_hp_loss":0.0,"gold_gain":0.0,"event_name":"Accursed Blacksmith","player_choice":"Rummage","floor":5.0,"gold_loss":0.0,"damage_taken":0.0,"relics_obtained":["WarpedTongs"],"cards_obtained":["Pain"]},{"damage_healed":0.0,"max_hp_gain":0.0,"max_hp_loss":0.0,"gold_gain":0.0,"event_name":"Golden Idol","player_choice":"Take Wound","floor":14.0,"gold_loss":0.0,"damage_taken":0.0,"relics_obtained":["Golden Idol"],"cards_obtained":["Injury"]},{"damage_healed":0.0,"max_hp_gain":0.0,"max_hp_loss":0.0,"gold_gain":0.0,"event_name":"The Mausoleum","player_choice":"Opened","floor":19.0,"gold_loss":0.0,"damage_taken":0.0,"relics_obtained":["MawBank"],"cards_obtained":["Writhe"]},{"damage_healed":0.0,"max_hp_gain":0.0,"max_hp_loss":0.0,"gold_gain":0.0,"event_name":"Cursed Tome","player_choice":"Ignored","floor":20.0,"gold_loss":0.0,"damage_taken":0.0},{"cards_removed":["Writhe"],"damage_healed":0.0,"max_hp_gain":0.0,"max_hp_loss":0.0,"gold_gain":0.0,"event_name":"Bonfire Elementals","player_choice":"Offered Curse","floor":22.0,"gold_loss":0.0,"damage_taken":0.0,"relics_obtained":["Spirit Poop"]},{"damage_healed":0.0,"max_hp_gain":0.0,"max_hp_loss":0.0,"gold_gain":0.0,"event_name":"Masked Bandits","player_choice":"Fought Bandits","floor":27.0,"gold_loss":0.0,"damage_taken":0.0},{"damage_healed":0,"gold_gain":0,"player_choice":"Ignored","damage_taken":0,"max_hp_gain":0,"max_hp_loss":0,"event_name":"Vampires","floor":31,"gold_loss":0}],"is_beta":true,"boss_relics":[{"not_picked":["FrozenCore","Eternal Feather"],"picked":"Nuclear Battery"}],"items_purged_floors":[11],"is_endless":false,"potions_floor_spawned":[3,7,12,24,25,27],"killed_by":"Collector","ascension_level":20}