{"gold_per_floor":[11,11,11,11,28,28,44,70,70,70,70,70,81,98,98,172,172,187,205,205,223,235,253,253,253,302,302,151,151,151,83,83,83],"floor_reached":33,"playtime":2036,"items_purged":[],"score":429,"play_id":"a650b260-ca81-44cf-ad06-030303b5fa82","local_time":"20190112060707","is_ascension_mode":true,"campfire_choices":[{"data":"Bash","floor":6.0,"key":"SMITH"},{"data":"Flame Barrier","floor":10.0,"key":"SMITH"},{"data":"Armaments","floor":15.0,"key":"SMITH"},{"floor":24,"key":"REST"},{"floor":27,"key":"REST"},{"floor":32,"key":"REST"}],"neow_cost":"NO_GOLD","seed_source_timestamp":123783225686940,"circlet_count":0,"master_deck":["AscendersBane","Strike_R+1","Strike_R","Strike_R","Strike_R","Defend_R","Defend_R","Defend_R","Defend_R","Bash+1","Bandage Up+1","Impatience","Shrug It Off","Iron Wave","Flame Barrier+1","Clothesline","Armaments+1","Fire Breathing","Barricade","Flame Barrier","Shrug It Off","True Grit","Metallicize","Whirlwind+1","Flame Barrier+1","Metallicize"],"special_seed":0,"relics":["Burning Blood","Pear","Paper Frog","Letter Opener","Runic Cube","Juzu Bracelet","Centennial Puzzle"],"potions_floor_usage":[21,33],"damage_taken":[{"damage":14.0,"enemies":"Jaw Worm","floor":1.0,"turns":6.0},{"damage":9.0,"enemies":"Small Slimes","floor":5.0,"turns":4.0},{"damage":1.0,"enemies":"Cultist","floor":7.0,"turns":3.0},{"damage":37.0,"enemies":"3 Sentries","floor":8.0,"turns":14.0},{"damage":5.0,"enemies":"Exordium Thugs","floor":13.0,"turns":5.0},{"damage":4.0,"enemies":"Blue Slaver","floor":14.0,"turns":5.0},{"damage":40.0,"enemies":"Slime Boss","floor":16.0,"turns":15.0},{"damage":14.0,"enemies":"Shell Parasite","floor":18.0,"turns":14.0},{"damage":31.0,"enemies":"Spheric Guardian","floor":19.0,"turns":12.0},{"damage":9,"enemies":"Chosen and Byrds","floor":21,"turns":9},{"damage":25,"enemies":"Snake Plant","floor":22,"turns":6},{"damage":39,"enemies":"Sentry and Sphere","floor":23,"turns":20},{"damage":36,"enemies":"Colosseum Slavers","floor":29,"turns":8},{"damage":106,"enemies":"Champ","floor":33,"turns":44}],"seed_played":"-6368239364007554391","potions_obtained":[{"floor":1.0,"key":"Ancient Potion"},{"floor":14.0,"key":"SneckoOil"},{"floor":18.0,"key":"SkillPotion"}],"is_trial":false,"path_per_floor":["M","?","?","?","M","R","M","E","T","R","T","$","M","M","R","B",null,"M","M","?","M","M","M","R","?","T","R","$","?","?","$","R","B"],"character_chosen":"IRONCLAD","items_purchased":["Centennial Puzzle","Metallicize"],"campfire_rested":3,"item_purchase_floors":[28,31],"current_hp_per_floor":[68,52,45,50,53,53,64,49,49,49,49,49,56,64,64,36,80,78,59,59,62,49,22,50,50,50,78,78,54,35,35,65,0],"gold":83,"neow_bonus":"RANDOM_COLORLESS_2","is_prod":false,"is_daily":false,"chose_seed":false,"campfire_upgraded":3,"win_rate":0,"timestamp":1547291227,"path_taken":["M","?","?","?","M","R","?","E","T","R","?","?","?","M","R","BOSS","M","M","?","M","M","?","R","?","T","R","?","?","?","$","R","BOSS"],"build_version":"2019-01-10","purchased_purges":0,"victory":false,"max_hp_per_floor":[80,80,80,85,85,85,85,95,95,95,95,95,95,95,95,95,95,95,95,95,95,95,95,95,95,95,95,95,95,100,100,100,100],"card_choices":[{"not_picked":["Pommel Strike","Searing Blow"],"picked":"Shrug It Off","floor":1.0},{"not_picked":["Reckless Charge","Cleave"],"picked":"Iron Wave","floor":5.0},{"not_picked":["Perfected Strike","Body Slam"],"picked":"Flame Barrier","floor":7.0},{"not_picked":["Heavy Blade","Perfected Strike"],"picked":"Clothesline","floor":8.0},{"not_picked":["Flex","Cleave"],"picked":"Armaments","floor":13.0},{"not_picked":["Rupture","Wild Strike"],"picked":"Fire Breathing","floor":14.0},{"not_picked":["Juggernaut","Dark Embrace"],"picked":"Barricade","floor":16.0},{"not_picked":["Warcry","Dual Wield"],"picked":"Flame Barrier","floor":18.0},{"not_picked":["Sword Boomerang","Combust"],"picked":"Shrug It Off","floor":19.0},{"not_picked":["Pummel","Perfected Strike"],"picked":"True Grit","floor":21},{"not_picked":["Evolve","True Grit"],"picked":"Metallicize","floor":22},{"not_picked":["Twin Strike","Wild Strike"],"picked":"Whirlwind+1","floor":23}],"player_experience":792574,"relics_obtained":[{"floor":8.0,"key":"Pear"},{"floor":9.0,"key":"Paper Frog"},{"floor":11.0,"key":"Letter Opener"},{"floor":26,"key":"Juzu Bracelet"}],"event_choices":[{"damage_healed":0.0,"max_hp_gain":0.0,"max_hp_loss":0.0,"gold_gain":0.0,"event_name":"Shining Light","player_choice":"Entered Light","floor":2.0,"gold_loss":0.0,"damage_taken":16.0,"cards_upgraded":["Strike_R","Bandage Up"]},{"cards_removed":["Strike_R"],"damage_healed":0.0,"max_hp_gain":0.0,"max_hp_loss":0.0,"gold_gain":0.0,"event_name":"Golden Wing","player_choice":"Card Removal","floor":3.0,"gold_loss":0.0,"damage_taken":7.0},{"damage_healed":0.0,"max_hp_gain":5.0,"max_hp_loss":0.0,"gold_gain":0.0,"event_name":"Big Fish","player_choice":"Donut","floor":4.0,"gold_loss":0.0,"damage_taken":0.0},{"damage_healed":0.0,"max_hp_gain":0.0,"max_hp_loss":0.0,"gold_gain":0.0,"event_name":"N\u0027loth","player_choice":"Ignored","floor":20.0,"gold_loss":0.0,"damage_taken":0.0},{"damage_healed":0,"gold_gain":0,"player_choice":"Copied","damage_taken":0,"max_hp_gain":0,"max_hp_loss":0,"event_name":"Duplicator","floor":25,"gold_loss":0,"cards_obtained":["Flame Barrier"]},{"damage_healed":0,"gold_gain":0,"player_choice":"Fight","damage_taken":0,"max_hp_gain":0,"max_hp_loss":0,"event_name":"Colosseum","floor":29,"gold_loss":0},{"damage_healed":0,"gold_gain":0,"player_choice":"Fled From Nobs","damage_taken":0,"max_hp_gain":0,"max_hp_loss":0,"event_name":"Colosseum","floor":29,"gold_loss":0},{"damage_healed":0,"gold_gain":0,"player_choice":"Shed Blood","damage_taken":24,"max_hp_gain":5,"max_hp_loss":0,"event_name":"Forgotten Altar","floor":30,"gold_loss":0}],"is_beta":true,"boss_relics":[{"not_picked":["Sozu","Empty Cage"],"picked":"Runic Cube"}],"items_purged_floors":[],"is_endless":false,"potions_floor_spawned":[1,14,18],"killed_by":"Champ","ascension_level":13}