{"gold_per_floor":[110,130,130,130,148,148,183,183,255,272,304,304,318,331,331,434,434,444,27,45,56,75,105,125,40,96,114,149,149,149,180,180,180],"floor_reached":33,"playtime":4358,"items_purged":[],"score":351,"play_id":"4b64bc7d-a3d1-438a-b2e7-8eba5fc10cd4","local_time":"20190702204248","is_ascension_mode":true,"campfire_choices":[{"data":"Flex","floor":6,"key":"SMITH"},{"data":"Shrug It Off","floor":8,"key":"SMITH"},{"data":"Rampage","floor":15,"key":"SMITH"},{"data":"Bludgeon","floor":29,"key":"SMITH"},{"data":"Perfected Strike","floor":32,"key":"SMITH"}],"neow_cost":"NONE","seed_source_timestamp":844166980044600,"circlet_count":0,"master_deck":["Strike_R","Strike_R","Strike_R","Strike_R","Strike_R","Defend_R+1","Defend_R","Defend_R+1","Bash","Hemokinesis","Shrug It Off+1","Flex+1","Reaper","Clothesline","Armaments","Headbutt","Rampage+1","Bludgeon+1","Iron Wave","The Bomb","Uppercut+1","Heavy Blade","Uppercut","Feel No Pain+1","Combust+1","Perfected Strike+1","Shrug It Off"],"relics":["Burning Blood","Blood Vial","Art of War","Self Forming Clay","Nunchaku","Bronze Scales","Snecko Eye","Frozen Egg 2","Orichalcum","Ice Cream","Tiny Chest","Champion Belt","War Paint","Omamori"],"potions_floor_usage":[18,21,23,33,33,33],"damage_taken":[{"damage":1,"enemies":"Cultist","floor":1,"turns":3},{"damage":7,"enemies":"Small Slimes","floor":2,"turns":2},{"damage":7,"enemies":"Jaw Worm","floor":5,"turns":3},{"damage":21,"enemies":"Gremlin Nob","floor":7,"turns":4},{"damage":6,"enemies":"Blue Slaver","floor":10,"turns":4},{"damage":21,"enemies":"3 Sentries","floor":11,"turns":7},{"damage":18,"enemies":"Exordium Wildlife","floor":13,"turns":4},{"damage":10,"enemies":"Exordium Thugs","floor":14,"turns":4},{"damage":38,"enemies":"Hexaghost","floor":16,"turns":9},{"damage":3,"enemies":"3 Byrds","floor":18,"turns":1},{"damage":22,"enemies":"2 Thieves","floor":20,"turns":3},{"damage":23,"enemies":"Snecko","floor":21,"turns":5},{"damage":31,"enemies":"Centurion and Healer","floor":22,"turns":4},{"damage":10,"enemies":"Book of Stabbing","floor":23,"turns":2},{"damage":16,"enemies":"3 Cultists","floor":24,"turns":3},{"damage":5,"enemies":"Snecko","floor":27,"turns":3},{"damage":16,"enemies":"Slavers","floor":28,"turns":3},{"damage":19,"enemies":"Gremlin Leader","floor":31,"turns":3},{"damage":50,"enemies":"Champ","floor":33,"turns":6}],"seed_played":"1686210410987145869","potions_obtained":[{"floor":1,"key":"Dexterity Potion"},{"floor":2,"key":"GamblersBrew"},{"floor":13,"key":"LiquidBronze"},{"floor":16,"key":"Dexterity Potion"},{"floor":21,"key":"Fruit Juice"},{"floor":22,"key":"Poison Potion"},{"floor":23,"key":"Energy Potion"},{"floor":24,"key":"Poison Potion"}],"is_trial":false,"path_per_floor":["M","M","?","?","M","R","E","R","T","M","E","?","M","M","R","B",null,"M","$","M","M","M","E","M","?","T","M","E","R","T","E","R","B"],"character_chosen":"IRONCLAD","items_purchased":["The Bomb","Frozen Egg 2"],"campfire_rested":0,"item_purchase_floors":[19,19],"current_hp_per_floor":[80,79,72,72,73,73,60,60,60,62,69,69,59,61,61,31,80,80,80,72,62,39,49,53,53,53,56,48,48,48,37,37,0],"gold":180,"neow_bonus":"REMOVE_CARD","is_prod":false,"is_daily":false,"chose_seed":false,"campfire_upgraded":5,"win_rate":0,"timestamp":1562114568,"path_taken":["M","M","?","?","M","R","E","R","T","M","E","?","M","M","R","BOSS","M","$","?","M","M","E","M","?","T","M","E","R","?","E","R","BOSS"],"build_version":"2019-07-01","purchased_purges":0,"victory":false,"max_hp_per_floor":[80,80,80,80,80,80,80,80,80,80,80,80,80,80,80,80,80,80,80,80,85,85,85,85,85,85,85,85,85,85,85,85,85],"card_choices":[{"not_picked":["Cleave","Havoc"],"picked":"Hemokinesis","floor":1},{"not_picked":["Evolve","Thunderclap"],"picked":"Shrug It Off","floor":2},{"not_picked":["Flame Barrier","Seeing Red"],"picked":"Flex","floor":5},{"not_picked":["Whirlwind","Reckless Charge"],"picked":"Reaper","floor":7},{"not_picked":["Spot Weakness","Thunderclap"],"picked":"Clothesline","floor":10},{"not_picked":["Warcry","Perfected Strike"],"picked":"Armaments","floor":11},{"not_picked":["Dark Embrace","Power Through"],"picked":"Headbutt","floor":13},{"not_picked":["Dual Wield","Evolve"],"picked":"Rampage","floor":14},{"not_picked":["Offering","Immolate"],"picked":"Bludgeon","floor":16},{"not_picked":["True Grit","Body Slam"],"picked":"Iron Wave","floor":18},{"not_picked":["Disarm+1","Entrench"],"picked":"Uppercut+1","floor":20},{"not_picked":["Twin Strike","Disarm"],"picked":"Heavy Blade","floor":21},{"not_picked":["Havoc","Clash+1"],"picked":"Uppercut","floor":22},{"not_picked":["Thunderclap","Twin Strike"],"picked":"Feel No Pain+1","floor":23},{"not_picked":["Thunderclap","Havoc"],"picked":"Combust+1","floor":24},{"not_picked":["Flex","Clash+1"],"picked":"Perfected Strike","floor":27},{"not_picked":["Exhume","Infernal Blade","Pommel Strike"],"picked":"SKIP","floor":28},{"not_picked":["Rampage+1","Whirlwind"],"picked":"Shrug It Off","floor":31}],"player_experience":556515,"relics_obtained":[{"floor":7,"key":"Art of War"},{"floor":9,"key":"Self Forming Clay"},{"floor":11,"key":"Nunchaku"},{"floor":23,"key":"Orichalcum"},{"floor":26,"key":"Tiny Chest"},{"floor":28,"key":"Champion Belt"},{"floor":30,"key":"War Paint"},{"floor":31,"key":"Omamori"}],"event_choices":[{"damage_healed":0,"gold_gain":0,"player_choice":"Success","damage_taken":7,"relics_obtained":["Blood Vial"],"max_hp_gain":0,"max_hp_loss":0,"event_name":"Scrap Ooze","floor":3,"gold_loss":0},{"damage_healed":0,"gold_gain":0,"player_choice":"Ignored","damage_taken":0,"max_hp_gain":0,"max_hp_loss":0,"event_name":"Liars Game","floor":4,"gold_loss":0},{"damage_healed":0,"gold_gain":0,"player_choice":"Gave Potion","damage_taken":0,"relics_obtained":["Bronze Scales"],"max_hp_gain":0,"max_hp_loss":0,"event_name":"WeMeetAgain","floor":12,"gold_loss":0},{"damage_healed":0,"gold_gain":0,"player_choice":"Obtained Relic","damage_taken":0,"relics_obtained":["Ice Cream"],"max_hp_gain":0,"max_hp_loss":0,"event_name":"Addict","floor":25,"gold_loss":85}],"is_beta":false,"boss_relics":[{"not_picked":["Black Star","Black Blood"],"picked":"Snecko Eye"}],"items_purged_floors":[],"is_endless":false,"potions_floor_spawned":[1,2,13,16,21,22,23,24],"killed_by":"Champ","ascension_level":2}