{"gold_per_floor":[115,131,131,131,131,131,56,56,81,231,41,59,77,77,77,166,166,180,180,194,210,160,160,2,2,27,27,27,50,0,23,23,119,119,133,466,485,499,499,499,512,5,82,102,114,0,0,17,17,17],"floor_reached":51,"playtime":4103,"items_purged":["Regret","Doubt","Endless Agony","Neutralize"],"score":1366,"play_id":"aff4bfe4-0b41-4369-b2be-791a7c467fbd","local_time":"20190222184735","is_ascension_mode":true,"campfire_choices":[{"data":"Well Laid Plans","floor":6.0,"key":"SMITH"},{"data":"Caltrops","floor":15.0,"key":"SMITH"},{"floor":23.0,"key":"REST"},{"data":"Footwork","floor":25.0,"key":"SMITH"},{"data":"Wraith Form v2","floor":28.0,"key":"SMITH"},{"floor":32.0,"key":"REST"},{"floor":40.0,"key":"REST"},{"data":"Neutralize","floor":47,"key":"SMITH"},{"floor":49,"key":"REST"}],"neow_cost":"NONE","seed_source_timestamp":767085994597173,"circlet_count":0,"master_deck":["AscendersBane","Survivor+1","Neutralize+1","Well Laid Plans+1","Blur","Footwork+1","Caltrops+1","PiercingWail+1","Phantasmal Killer+1","Concentrate+1","Prepared+1","Grand Finale","Crippling Poison+1","Acrobatics+1","Wraith Form v2+1","Bane","Masterful Stab","Crippling Poison+1","Blade Dance+1","Crippling Poison+1","Distraction+1","Footwork+1","Blur+1","Dodge and Roll+1","Heel Hook","Adrenaline+1","Adrenaline+1","Dodge and Roll+1","Heel Hook","Reflex+1","Cloak And Dagger+1","Escape Plan+1","Cloak And Dagger+1","Cloak And Dagger+1","Acrobatics+1","Footwork+1","Cloak And Dagger+1","Finesse+1","Distraction+1","Bouncing Flask+1","Backflip+1"],"special_seed":0,"relics":["Ring of the Snake","War Paint","Juzu Bracelet","Toxic Egg 2","Lantern","Pandora\u0027s Box","Darkstone Periapt","Orichalcum","Smiling Mask","Orrery","Membership Card","Meat on the Bone","Frozen Egg 2","Red Mask"],"potions_floor_usage":[41,50],"damage_taken":[{"damage":3.0,"enemies":"Cultist","floor":1.0,"turns":5.0},{"damage":1.0,"enemies":"Jaw Worm","floor":2.0,"turns":6.0},{"damage":0.0,"enemies":"2 Louse","floor":12.0,"turns":4.0},{"damage":10.0,"enemies":"Large Slime","floor":13.0,"turns":11.0},{"damage":16.0,"enemies":"The Guardian","floor":16.0,"turns":17.0},{"damage":29.0,"enemies":"Shell Parasite","floor":18.0,"turns":5.0},{"damage":0.0,"enemies":"3 Byrds","floor":20.0,"turns":4.0},{"damage":0.0,"enemies":"3 Cultists","floor":21.0,"turns":4.0},{"damage":12.0,"enemies":"Snecko","floor":29.0,"turns":4.0},{"damage":0.0,"enemies":"Centurion and Healer","floor":31.0,"turns":6.0},{"damage":0.0,"enemies":"Collector","floor":33.0,"turns":10.0},{"damage":2.0,"enemies":"3 Shapes","floor":35.0,"turns":5.0},{"damage":14.0,"enemies":"3 Darklings","floor":37.0,"turns":4.0},{"damage":0.0,"enemies":"Jaw Worm Horde","floor":38.0,"turns":3.0},{"damage":11,"enemies":"Spire Growth","floor":41,"turns":6},{"damage":0,"enemies":"3 Darklings","floor":44,"turns":9},{"damage":2,"enemies":"Maw","floor":45,"turns":9},{"damage":0,"enemies":"4 Shapes","floor":48,"turns":4},{"damage":36,"enemies":"Awakened One","floor":50,"turns":27}],"seed_played":"7470594778939241613","potions_obtained":[{"floor":2.0,"key":"Strength Potion"},{"floor":18.0,"key":"SteroidPotion"},{"floor":21.0,"key":"SteroidPotion"},{"floor":37.0,"key":"Poison Potion"},{"floor":38.0,"key":"SpeedPotion"},{"floor":41,"key":"SkillPotion"}],"is_trial":false,"path_per_floor":["M","M","?","?","?","R","$","?","T","?","$","M","M","?","R","B",null,"M","T","M","M","?","R","$","R","T","?","R","M","$","M","R","B",null,"M","?","M","M","?","R","M","$","T","M","M","?","R","M","R","B",null],"character_chosen":"THE_SILENT","items_purchased":["Footwork","Orichalcum","Membership Card","Meat on the Bone","Cloak And Dagger+1","Strength Potion","Finesse+1"],"campfire_rested":4,"item_purchase_floors":[11,24,42,42,42,42,42],"current_hp_per_floor":[56,55,55,50,50,50,50,43,43,43,43,43,33,33,33,17,54,25,25,25,25,25,44,44,44,44,44,44,32,32,32,51,51,62,60,60,46,46,46,65,54,54,54,54,52,52,52,52,66,42],"gold":17,"neow_bonus":"RANDOM_COMMON_RELIC","is_prod":false,"is_daily":false,"chose_seed":false,"campfire_upgraded":5,"win_rate":0,"timestamp":1550879255,"path_taken":["M","?","?","?","?","R","?","?","T","?","$","M","M","?","R","BOSS","M","?","M","M","?","R","$","R","T","?","R","M","$","M","R","BOSS","M","?","M","M","?","R","M","$","T","M","M","?","R","M","R","BOSS"],"build_version":"2019-02-06","purchased_purges":4,"victory":true,"max_hp_per_floor":[66,66,66,66,66,66,66,66,66,66,66,66,66,66,66,66,66,66,66,66,66,66,66,66,66,66,66,66,66,66,66,66,66,66,66,66,66,66,66,66,66,66,66,66,66,66,66,66,66,66],"card_choices":[{"not_picked":["Acrobatics","Flechettes"],"picked":"Well Laid Plans","floor":1.0},{"not_picked":["Flying Knee","Setup"],"picked":"Blur","floor":2.0},{"not_picked":["Slice","Cloak And Dagger+1"],"picked":"Caltrops","floor":12.0},{"not_picked":["Underhanded Strike","Quick Slash"],"picked":"PiercingWail+1","floor":13.0},{"not_picked":["Wraith Form v2","Storm of Steel+1"],"picked":"Grand Finale","floor":16.0},{"not_picked":["Outmaneuver+1","Caltrops"],"picked":"Footwork","floor":18.0},{"not_picked":["Deflect+1","Eviscerate"],"picked":"Blur+1","floor":20.0},{"not_picked":["All Out Attack","Dagger Throw","Dagger Spray"],"picked":"SKIP","floor":21.0},{"not_picked":["Underhanded Strike+1","Slice"],"picked":"Heel Hook","floor":29.0},{"not_picked":["Predator","All Out Attack"],"picked":"Adrenaline+1","floor":31.0},{"not_picked":["Envenom","Wraith Form v2"],"picked":"Adrenaline+1","floor":33.0},{"not_picked":["Flying Knee","Cloak And Dagger+1"],"picked":"Dodge and Roll+1","floor":34.0},{"not_picked":["Dash","Slice"],"picked":"Heel Hook","floor":34.0},{"not_picked":["Deflect+1","Deadly Poison+1"],"picked":"Reflex+1","floor":34.0},{"not_picked":["Dash","Finisher+1"],"picked":"Cloak And Dagger+1","floor":34.0},{"not_picked":["Dash","Slice"],"picked":"Escape Plan+1","floor":34.0},{"not_picked":["Backstab","Deflect+1"],"picked":"Cloak And Dagger+1","floor":35.0},{"not_picked":["Prepared+1","Slice"],"picked":"Cloak And Dagger+1","floor":37.0},{"not_picked":["Deadly Poison+1","Endless Agony"],"picked":"Acrobatics+1","floor":38.0},{"not_picked":["A Thousand Cuts","Masterful Stab"],"picked":"Footwork+1","floor":41},{"not_picked":["Deflect+1","Flying Knee"],"picked":"Distraction+1","floor":44},{"not_picked":["Poisoned Stab+1","Prepared+1"],"picked":"Bouncing Flask+1","floor":45},{"not_picked":["PiercingWail+1","Outmaneuver+1"],"picked":"Backflip+1","floor":48}],"player_experience":1009119,"relics_obtained":[{"floor":9.0,"key":"Lantern"},{"floor":19.0,"key":"Darkstone Periapt"},{"floor":26.0,"key":"Smiling Mask"},{"floor":43,"key":"Frozen Egg 2"}],"event_choices":[{"damage_healed":0.0,"max_hp_gain":0.0,"max_hp_loss":0.0,"gold_gain":0.0,"event_name":"Golden Idol","player_choice":"Take Wound","floor":3.0,"gold_loss":0.0,"damage_taken":0.0,"relics_obtained":["Golden Idol"],"cards_obtained":["Injury"]},{"damage_healed":0.0,"max_hp_gain":0.0,"max_hp_loss":0.0,"gold_gain":0.0,"event_name":"Scrap Ooze","player_choice":"Success","floor":4.0,"gold_loss":0.0,"damage_taken":5.0,"relics_obtained":["Juzu Bracelet"]},{"damage_healed":0.0,"max_hp_gain":0.0,"max_hp_loss":0.0,"gold_gain":0.0,"event_name":"Big Fish","player_choice":"Box","floor":5.0,"gold_loss":0.0,"damage_taken":0.0,"relics_obtained":["Toxic Egg 2"],"cards_obtained":["Regret"]},{"cards_removed":["Injury"],"damage_healed":0.0,"max_hp_gain":0.0,"max_hp_loss":0.0,"gold_gain":0.0,"event_name":"Golden Wing","player_choice":"Card Removal","floor":8.0,"gold_loss":0.0,"damage_taken":7.0},{"damage_healed":0.0,"max_hp_gain":0.0,"max_hp_loss":0.0,"gold_gain":150.0,"event_name":"Liars Game","player_choice":"AGREE","floor":10.0,"gold_loss":0.0,"damage_taken":0.0,"cards_obtained":["Doubt"]},{"damage_healed":0.0,"max_hp_gain":0.0,"max_hp_loss":0.0,"gold_gain":0.0,"event_name":"Match and Keep!","player_choice":"4 cards matched","floor":14.0,"gold_loss":0.0,"damage_taken":0.0,"cards_obtained":["Phantasmal Killer","Concentrate","Prepared","Neutralize"]},{"damage_healed":0.0,"max_hp_gain":0.0,"max_hp_loss":0.0,"gold_gain":0.0,"event_name":"Designer","player_choice":"Upgrade","floor":22.0,"gold_loss":50.0,"damage_taken":0.0,"cards_upgraded":["Footwork"]},{"damage_healed":0.0,"max_hp_gain":0.0,"max_hp_loss":0.0,"gold_gain":0.0,"event_name":"The Library","player_choice":"Read","floor":27.0,"gold_loss":0.0,"damage_taken":0.0,"cards_obtained":["Dodge and Roll"]},{"damage_healed":0.0,"max_hp_gain":0.0,"max_hp_loss":0.0,"gold_gain":333.0,"event_name":"The Moai Head","player_choice":"Gave Idol","floor":36.0,"relics_lost":["Golden Idol"],"gold_loss":0.0,"damage_taken":0.0},{"damage_healed":0.0,"max_hp_gain":0.0,"max_hp_loss":0.0,"gold_gain":0.0,"event_name":"Mysterious Sphere","player_choice":"Ignored","floor":39.0,"gold_loss":0.0,"damage_taken":0.0},{"damage_healed":0,"gold_gain":0,"player_choice":"Paid","damage_taken":0,"relics_obtained":["Red Mask"],"max_hp_gain":0,"max_hp_loss":0,"event_name":"Tomb of Lord Red Mask","floor":46,"gold_loss":114}],"is_beta":true,"boss_relics":[{"not_picked":["Cursed Key","Ectoplasm"],"picked":"Pandora\u0027s Box"},{"not_picked":["Fusion Hammer","Ring of the Serpent"],"picked":"Orrery"}],"items_purged_floors":[7,11,30,42],"is_endless":false,"potions_floor_spawned":[2,18,21,37,38,41],"ascension_level":19}