{"gold_per_floor":[115,165,59,59,59,59,70,70,93,18,31,57,57,75,75,75],"floor_reached":16,"playtime":678,"items_purged":["Regret"],"score":191,"play_id":"fc975699-bc1d-4688-a379-573e598e1112","local_time":"20190221183136","is_ascension_mode":true,"campfire_choices":[{"data":"Malaise","floor":6,"key":"SMITH"},{"data":"Well Laid Plans","floor":8,"key":"SMITH"},{"floor":15,"key":"REST"}],"neow_cost":"NONE","seed_source_timestamp":683378503008639,"circlet_count":0,"master_deck":["AscendersBane","Defend_G","Defend_G","Defend_G","Defend_G","Defend_G","Strike_G","Strike_G","Strike_G","Strike_G","Strike_G","Survivor","Neutralize","Malaise+1","Sucker Punch","Deflect","Well Laid Plans+1","PiercingWail","Die Die Die","Neutralize","Backstab","Cloak And Dagger","Crippling Poison","Malaise","Cloak And Dagger","Well Laid Plans"],"special_seed":0,"relics":["Ring of the Snake","Singing Bowl","Dream Catcher","Torii"],"potions_floor_usage":[16,16],"damage_taken":[{"damage":0.0,"enemies":"Small Slimes","floor":1.0,"turns":5.0},{"damage":2,"enemies":"Cultist","floor":7,"turns":3},{"damage":0,"enemies":"2 Louse","floor":11,"turns":1},{"damage":42,"enemies":"Gremlin Nob","floor":12,"turns":7},{"damage":2,"enemies":"Red Slaver","floor":14,"turns":6},{"damage":32,"enemies":"Slime Boss","floor":16,"turns":19}],"seed_played":"-5535010621054987208","potions_obtained":[{"floor":1.0,"key":"Fruit Juice"},{"floor":12,"key":"GhostInAJar"},{"floor":13,"key":"Dexterity Potion"}],"is_trial":false,"path_per_floor":["M","?","$","?","?","R","M","R","T","$","M","E","?","M","R","B"],"character_chosen":"THE_SILENT","items_purchased":["Deflect","Well Laid Plans"],"campfire_rested":1,"item_purchase_floors":[3,3],"current_hp_per_floor":[64,57,57,57,57,57,55,55,55,55,55,13,13,11,32,0],"gold":75,"neow_bonus":"ONE_RANDOM_RARE_CARD","is_prod":false,"is_daily":false,"chose_seed":false,"campfire_upgraded":2,"win_rate":0,"timestamp":1550791896,"path_taken":["M","?","?","?","?","R","?","R","T","$","M","E","?","M","R","BOSS"],"build_version":"2019-02-06","purchased_purges":1,"victory":false,"max_hp_per_floor":[71,71,71,71,71,71,71,71,71,71,71,71,71,71,71,71],"card_choices":[{"not_picked":["Calculated Gamble","Choke"],"picked":"Sucker Punch","floor":1.0},{"not_picked":["Prepared","Catalyst"],"picked":"Cloak And Dagger","floor":7},{"not_picked":["Cloak And Dagger","Flying Knee"],"picked":"Crippling Poison","floor":11},{"not_picked":["Masterful Stab","Blade Dance"],"picked":"Malaise","floor":12},{"not_picked":["Endless Agony","Prepared"],"picked":"Cloak And Dagger","floor":14},{"not_picked":["Endless Agony","Eviscerate"],"picked":"Well Laid Plans","floor":15}],"player_experience":1004600,"relics_obtained":[{"floor":9,"key":"Dream Catcher"},{"floor":12,"key":"Torii"}],"event_choices":[{"damage_healed":0.0,"max_hp_gain":0.0,"max_hp_loss":0.0,"gold_gain":50.0,"event_name":"FaceTrader","player_choice":"Touch","floor":2.0,"gold_loss":0.0,"damage_taken":7.0},{"damage_healed":0.0,"max_hp_gain":0.0,"max_hp_loss":0.0,"gold_gain":0.0,"event_name":"Big Fish","player_choice":"Box","floor":4.0,"gold_loss":0.0,"damage_taken":0.0,"relics_obtained":["Singing Bowl"],"cards_obtained":["Regret"]},{"damage_healed":0,"gold_gain":0,"player_choice":"4 cards matched","damage_taken":0,"max_hp_gain":0,"max_hp_loss":0,"event_name":"Match and Keep!","floor":5,"gold_loss":0,"cards_obtained":["PiercingWail","Die Die Die","Neutralize","Backstab"]},{"damage_healed":0,"gold_gain":0,"player_choice":"Got Potions","damage_taken":0,"max_hp_gain":0,"max_hp_loss":0,"event_name":"Lab","floor":13,"gold_loss":0}],"is_beta":true,"boss_relics":[],"items_purged_floors":[10],"is_endless":false,"potions_floor_spawned":[1,12,14],"killed_by":"Slime Boss","ascension_level":19}