{"gold_per_floor":[114,134,134,155,155,155,155,155,181,36,61,61,84,15,15,15],"floor_reached":16,"playtime":520,"items_purged":[],"score":108,"play_id":"9c1b7250-4f24-4dd7-ad7d-a96909bd9b9c","local_time":"20181117122643","is_ascension_mode":true,"campfire_choices":[{"data":"Disarm","floor":6,"key":"SMITH"},{"data":"Rampage","floor":15,"key":"SMITH"}],"neow_cost":"NONE","seed_source_timestamp":224986404484133,"circlet_count":0,"master_deck":["Strike_R","Strike_R","Strike_R","Strike_R","Defend_R","Defend_R","Defend_R","Defend_R","Bash","Disarm+1","Body Slam","Rampage+1","Metallicize","Intimidate","Metallicize"],"relics":["Burning Blood","Golden Idol","Gambling Chip","Potion Belt","Juzu Bracelet"],"potions_floor_usage":[16],"damage_taken":[{"damage":10,"enemies":"Cultist","floor":1,"turns":5},{"damage":18,"enemies":"Jaw Worm","floor":2,"turns":5},{"damage":12,"enemies":"Small Slimes","floor":4,"turns":5},{"damage":19,"enemies":"Exordium Thugs","floor":11,"turns":6},{"damage":8,"enemies":"Large Slime","floor":13,"turns":8},{"damage":25,"enemies":"The Guardian","floor":16,"turns":2}],"seed_played":"-1561243605235746374","potions_obtained":[{"floor":1,"key":"PowerPotion"},{"floor":13,"key":"Dexterity Potion"}],"is_trial":false,"path_per_floor":["M","M","?","M","?","R","$","$","T","$","M","?","M","$","R","B"],"character_chosen":"IRONCLAD","items_purchased":["Juzu Bracelet","Metallicize"],"campfire_rested":0,"item_purchase_floors":[10,14],"current_hp_per_floor":[84,72,50,44,37,37,37,37,37,37,24,24,22,22,22,0],"gold":15,"neow_bonus":"TEN_PERCENT_HP_BONUS","is_prod":false,"is_daily":false,"chose_seed":false,"campfire_upgraded":2,"win_rate":0,"timestamp":1542475603,"path_taken":["M","M","?","M","?","R","?","$","T","$","M","?","M","$","R","BOSS"],"build_version":"2018-11-15","purchased_purges":0,"victory":false,"max_hp_per_floor":[88,88,88,88,88,88,88,88,88,88,88,88,88,88,88,88],"card_choices":[{"not_picked":["Warcry","Pommel Strike"],"picked":"Disarm","floor":1},{"not_picked":["Anger","Evolve"],"picked":"Body Slam","floor":2},{"not_picked":["Evolve","Havoc"],"picked":"Rampage","floor":4},{"not_picked":["Bloodletting","Shrug It Off"],"picked":"Metallicize","floor":11},{"not_picked":["Perfected Strike","Limit Break"],"picked":"Intimidate","floor":13}],"player_experience":491611,"relics_obtained":[{"floor":9,"key":"Potion Belt"}],"event_choices":[{"damage_healed":0,"gold_gain":0,"player_choice":"Take Damage","damage_taken":22,"relics_obtained":["Golden Idol"],"max_hp_gain":0,"max_hp_loss":0,"event_name":"Golden Idol","floor":3,"gold_loss":0},{"damage_healed":0,"gold_gain":0,"player_choice":"Success","damage_taken":7,"relics_obtained":["Gambling Chip"],"max_hp_gain":0,"max_hp_loss":0,"event_name":"Scrap Ooze","floor":5,"gold_loss":0},{"cards_removed":["Strike_R"],"damage_healed":0,"gold_gain":0,"player_choice":"Offered Basic","damage_taken":0,"max_hp_gain":0,"max_hp_loss":0,"event_name":"Bonfire Elementals","floor":12,"gold_loss":0}],"is_beta":true,"boss_relics":[],"items_purged_floors":[],"is_endless":false,"potions_floor_spawned":[1,13],"killed_by":"The Guardian","ascension_level":4}