{"gold_per_floor":[119,119,119,133,147,147,147,177,200,45,75,88,104,79,79,176,176,194,204,204,129,44,44,44],"floor_reached":24,"playtime":908,"items_purged":[],"score":301,"play_id":"a2537e1c-5514-4a80-854b-2f2ea962ed9c","local_time":"20190102142001","is_ascension_mode":true,"campfire_choices":[{"data":"Armaments","floor":6.0,"key":"SMITH"},{"floor":15.0,"key":"REST"}],"neow_cost":"PERCENT_DAMAGE","seed_source_timestamp":180320761106103,"circlet_count":0,"master_deck":["AscendersBane","Strike_R+1","Strike_R","Strike_R+1","Strike_R","Defend_R","Defend_R","Defend_R","Defend_R","Bash","Inflame+1","Armaments+1","Metallicize","Limit Break","Dual Wield","Pommel Strike","Feed","Whirlwind","Warcry+1"],"special_seed":0,"relics":["Burning Blood","Turnip","Dream Catcher","Happy Flower","Red Skull","Tiny Chest","Runic Cube","MutagenicStrength","Letter Opener"],"potions_floor_usage":[24],"damage_taken":[{"damage":1.0,"enemies":"Cultist","floor":1.0,"turns":3.0},{"damage":3.0,"enemies":"2 Louse","floor":4.0,"turns":3.0},{"damage":0.0,"enemies":"Jaw Worm","floor":5.0,"turns":4.0},{"damage":27.0,"enemies":"Lagavulin","floor":8.0,"turns":8.0},{"damage":6.0,"enemies":"Exordium Wildlife","floor":12.0,"turns":2.0},{"damage":26.0,"enemies":"Gremlin Gang","floor":13.0,"turns":6.0},{"damage":7.0,"enemies":"Hexaghost","floor":16.0,"turns":7.0},{"damage":38.0,"enemies":"Spheric Guardian","floor":18.0,"turns":9.0},{"damage":23.0,"enemies":"3 Byrds","floor":19.0,"turns":6.0},{"damage":26,"enemies":"Book of Stabbing","floor":24,"turns":4}],"seed_played":"277542346635190645","potions_obtained":[{"floor":1.0,"key":"LiquidBronze"},{"floor":4.0,"key":"Explosive Potion"},{"floor":16.0,"key":"PowerPotion"},{"floor":18.0,"key":"Weak Potion"},{"floor":19.0,"key":"SpeedPotion"}],"is_trial":false,"path_per_floor":["M","?","?","M","M","R","?","E","T","$","T","M","M","?","R","B",null,"M","M","?","?","?","$","E"],"character_chosen":"IRONCLAD","items_purchased":["Red Skull"],"campfire_rested":1,"item_purchase_floors":[10],"current_hp_per_floor":[56,56,56,59,65,65,49,28,28,28,28,28,8,8,32,31,68,39,26,26,26,26,26,0],"gold":44,"neow_bonus":"ONE_RARE_RELIC","is_prod":false,"is_daily":false,"chose_seed":false,"campfire_upgraded":1,"win_rate":0,"timestamp":1546456801,"path_taken":["M","?","?","?","M","R","?","E","T","?","?","M","?","?","R","BOSS","M","M","?","?","?","$","E"],"build_version":"2019-01-01v2","purchased_purges":0,"victory":false,"max_hp_per_floor":[80,80,80,80,80,80,80,80,80,80,80,80,80,80,80,80,80,83,87,87,87,87,87,87],"card_choices":[{"not_picked":["Clothesline","Thunderclap"],"picked":"Inflame","floor":1.0},{"not_picked":["Wild Strike","Thunderclap"],"picked":"Armaments","floor":4.0},{"not_picked":["Iron Wave","Anger"],"picked":"Metallicize","floor":5.0},{"not_picked":["Armaments","Hemokinesis"],"picked":"Limit Break","floor":8.0},{"not_picked":["Metallicize","Shrug It Off"],"picked":"Dual Wield","floor":12.0},{"not_picked":["Warcry","Rupture"],"picked":"Pommel Strike","floor":13.0},{"not_picked":["Bludgeon","Offering"],"picked":"Feed","floor":16.0},{"not_picked":["Thunderclap","Intimidate"],"picked":"Whirlwind","floor":18.0},{"not_picked":["Sentinel","Power Through"],"picked":"Warcry+1","floor":19.0}],"player_experience":730701,"relics_obtained":[{"floor":8.0,"key":"Dream Catcher"},{"floor":9.0,"key":"Happy Flower"},{"floor":11.0,"key":"Tiny Chest"}],"event_choices":[{"damage_healed":0.0,"max_hp_gain":0.0,"max_hp_loss":0.0,"gold_gain":0.0,"event_name":"The Cleric","player_choice":"Leave","floor":2.0,"gold_loss":0.0,"damage_taken":0.0},{"damage_healed":0.0,"max_hp_gain":0.0,"max_hp_loss":0.0,"gold_gain":0.0,"event_name":"Upgrade Shrine","player_choice":"Upgraded","floor":3.0,"gold_loss":0.0,"damage_taken":0.0,"cards_upgraded":["Inflame"]},{"damage_healed":0.0,"max_hp_gain":0.0,"max_hp_loss":0.0,"gold_gain":0.0,"event_name":"Shining Light","player_choice":"Entered Light","floor":7.0,"gold_loss":0.0,"damage_taken":16.0,"cards_upgraded":["Strike_R","Strike_R"]},{"damage_healed":0.0,"max_hp_gain":0.0,"max_hp_loss":0.0,"gold_gain":0.0,"event_name":"World of Goop","player_choice":"Left Gold","floor":14.0,"gold_loss":25.0,"damage_taken":0.0},{"damage_healed":0.0,"max_hp_gain":0.0,"max_hp_loss":0.0,"gold_gain":0.0,"event_name":"Drug Dealer","player_choice":"Inject Mutagens","floor":20.0,"gold_loss":0.0,"damage_taken":0.0,"relics_obtained":["MutagenicStrength"]},{"cards_removed":["Strike_R"],"damage_healed":0.0,"max_hp_gain":0.0,"max_hp_loss":0.0,"gold_gain":0.0,"event_name":"Beggar","player_choice":"Gave Gold","floor":21.0,"gold_loss":75.0,"damage_taken":0.0},{"damage_healed":0.0,"max_hp_gain":0.0,"max_hp_loss":0.0,"gold_gain":0.0,"event_name":"Addict","player_choice":"Obtained Relic","floor":22.0,"gold_loss":85.0,"damage_taken":0.0,"relics_obtained":["Letter Opener"]}],"is_beta":true,"boss_relics":[{"not_picked":["Coffee Dripper","Cursed Key"],"picked":"Runic Cube"}],"items_purged_floors":[],"is_endless":false,"potions_floor_spawned":[1,4,16,18,19],"killed_by":"Book of Stabbing","ascension_level":11}