{"gold_per_floor":[113,113,113,129,279,279,298,76,129,144,163,163,173,192,192,267,267,283,301,82,99,109,109,109],"floor_reached":24,"playtime":1383,"items_purged":["Doubt"],"score":336,"play_id":"8d56f6c1-134e-445b-823f-6859dc93679d","local_time":"20190118012524","is_ascension_mode":true,"campfire_choices":[{"data":"Armaments","floor":6.0,"key":"SMITH"},{"data":"Disarm","floor":12.0,"key":"SMITH"},{"data":"Berserk","floor":15.0,"key":"SMITH"},{"floor":23,"key":"REST"}],"neow_cost":"NONE","seed_source_timestamp":625800903074787,"circlet_count":0,"master_deck":["AscendersBane","Strike_R","Strike_R","Strike_R","Strike_R","Defend_R","Defend_R","Defend_R","Defend_R","Bash","Disarm+1","Hemokinesis","Armaments+1","Battle Trance","Shrug It Off","Panacea","Pummel","Flame Barrier","Berserk+1","Clothesline","Barricade","Rupture","Combust","Flame Barrier","Ghostly Armor","Disarm"],"special_seed":0,"relics":["Burning Blood","Dodecahedron","Bronze Scales","White Beast Statue","Dream Catcher"],"potions_floor_usage":[21,21,22,24],"damage_taken":[{"damage":4.0,"enemies":"2 Louse","floor":1.0,"turns":4.0},{"damage":11.0,"enemies":"Jaw Worm","floor":4.0,"turns":5.0},{"damage":0.0,"enemies":"Small Slimes","floor":7.0,"turns":5.0},{"damage":8.0,"enemies":"3 Louse","floor":10.0,"turns":3.0},{"damage":1.0,"enemies":"Large Slime","floor":11.0,"turns":8.0},{"damage":13.0,"enemies":"Looter","floor":13.0,"turns":2.0},{"damage":16.0,"enemies":"Exordium Thugs","floor":14.0,"turns":3.0},{"damage":13.0,"enemies":"Hexaghost","floor":16.0,"turns":10.0},{"damage":2.0,"enemies":"Chosen","floor":18.0,"turns":5.0},{"damage":3.0,"enemies":"3 Byrds","floor":19.0,"turns":5.0},{"damage":50,"enemies":"3 Cultists","floor":21,"turns":9},{"damage":19,"enemies":"Cultist and Chosen","floor":22,"turns":8},{"damage":48,"enemies":"Sentry and Sphere","floor":24,"turns":5}],"seed_played":"-9152971503789667932","potions_obtained":[{"floor":1.0,"key":"Dexterity Potion"},{"floor":7.0,"key":"Poison Potion"},{"floor":13.0,"key":"Block Potion"},{"floor":18.0,"key":"Energy Potion"},{"floor":21,"key":"Energy Potion"},{"floor":22,"key":"AttackPotion"}],"is_trial":false,"path_per_floor":["M","?","?","M","?","R","M","$","T","M","M","R","M","M","R","B",null,"M","M","$","M","M","R","M"],"character_chosen":"IRONCLAD","items_purchased":["Shrug It Off","Panacea","Flame Barrier","Dream Catcher"],"campfire_rested":1,"item_purchase_floors":[8,8,20,20],"current_hp_per_floor":[77,77,66,61,61,61,67,67,67,65,70,70,63,53,53,46,73,77,80,80,36,23,47,0],"gold":109,"neow_bonus":"TEN_PERCENT_HP_BONUS","is_prod":false,"is_daily":false,"chose_seed":false,"campfire_upgraded":3,"win_rate":0,"timestamp":1547792724,"path_taken":["M","?","?","M","?","R","M","?","T","M","M","R","M","M","R","BOSS","M","M","$","M","M","R","M"],"build_version":"2019-01-16","purchased_purges":1,"victory":false,"max_hp_per_floor":[82,82,82,82,82,82,82,82,82,82,82,82,82,82,82,82,82,82,82,82,82,82,82,82],"card_choices":[{"not_picked":["Body Slam","Pummel"],"picked":"Disarm","floor":1.0},{"not_picked":["Body Slam","Burning Pact"],"picked":"Armaments","floor":4.0},{"not_picked":["Clothesline","Havoc"],"picked":"Battle Trance","floor":7.0},{"not_picked":["Headbutt","Bloodletting"],"picked":"Pummel","floor":10.0},{"not_picked":["Shockwave","Thunderclap"],"picked":"Flame Barrier","floor":11.0},{"not_picked":["Body Slam","Clash"],"picked":"Berserk","floor":13.0},{"not_picked":["Power Through","Perfected Strike"],"picked":"Clothesline","floor":14.0},{"not_picked":["Offering","Double Tap"],"picked":"Barricade","floor":16.0},{"not_picked":["Heavy Blade","Inflame"],"picked":"Rupture","floor":18.0},{"not_picked":["Sever Soul","Battle Trance"],"picked":"Combust","floor":19.0},{"not_picked":["Pommel Strike","Anger"],"picked":"Ghostly Armor","floor":21},{"not_picked":["Combust","Burning Pact","Sword Boomerang"],"picked":"SKIP","floor":22},{"not_picked":["Perfected Strike+1","Wild Strike"],"picked":"Disarm","floor":23}],"player_experience":852795,"relics_obtained":[{"floor":9.0,"key":"Bronze Scales"}],"event_choices":[{"damage_healed":0.0,"max_hp_gain":0.0,"max_hp_loss":0.0,"gold_gain":0.0,"cards_transformed":["Strike_R"],"event_name":"Living Wall","player_choice":"Change","floor":2.0,"gold_loss":0.0,"damage_taken":0.0,"cards_obtained":["Hemokinesis"]},{"damage_healed":0.0,"max_hp_gain":0.0,"max_hp_loss":0.0,"gold_gain":0.0,"event_name":"Scrap Ooze","player_choice":"Success","floor":3.0,"gold_loss":0.0,"damage_taken":11.0,"relics_obtained":["Dodecahedron"]},{"damage_healed":0.0,"max_hp_gain":0.0,"max_hp_loss":0.0,"gold_gain":150.0,"event_name":"Liars Game","player_choice":"AGREE","floor":5.0,"gold_loss":0.0,"damage_taken":0.0,"cards_obtained":["Doubt"]}],"is_beta":true,"boss_relics":[{"not_picked":["Runic Pyramid","Coffee Dripper"],"picked":"White Beast Statue"}],"items_purged_floors":[8],"is_endless":false,"potions_floor_spawned":[1,7,13,14,18,19,21,22],"killed_by":"Sentry and Sphere","ascension_level":15}