{"gold_per_floor":[11,11,31,50,69,101,101,133,157,31,42,42,56,56,56,131,181,193,193,193,205,205,205,239,239,264,297,309,309,309,321,321,395,395,414,428,12,30,49,49,49,69,69,88,88],"floor_reached":45,"playtime":2113,"items_purged":[],"score":978,"play_id":"d3951201-14c6-451a-890e-5fab894616c3","local_time":"20190710180021","is_ascension_mode":true,"campfire_choices":[{"data":"Armaments","floor":7,"key":"SMITH"},{"data":"Infernal Blade","floor":12,"key":"SMITH"},{"data":"Rampage","floor":15,"key":"SMITH"},{"floor":23,"key":"REST"},{"floor":25,"key":"REST"},{"floor":30,"key":"REST"},{"floor":32,"key":"REST"},{"floor":41,"key":"REST"}],"neow_cost":"NO_GOLD","seed_source_timestamp":1282690091619100,"circlet_count":0,"master_deck":["AscendersBane","Strike_R+1","Strike_R+1","Strike_R+1","Strike_R+1","Defend_R+1","Defend_R+1","Defend_R+1","Defend_R+1","Bash","Armaments+1","Infernal Blade+1","Thunderclap","Offering","Bludgeon","Anger","Inflame","Power Through","Rampage+1","Demon Form","Cleave","Sword Boomerang+1","Battle Trance","Inflame","Barricade","Sword Boomerang","Inflame+1","Limit Break","Perfected Strike+1","Berserk","Magnetism","Rage","Rampage+1","Flex+1","Searing Blow+1"],"relics":["Burning Blood","Charon\u0027s Ashes","Boot","Potion Belt","Tiny House","Nilry\u0027s Codex","MutagenicStrength","Juzu Bracelet","Centennial Puzzle","Bird Faced Urn","Sozu","Blood Vial","The Courier"],"potions_floor_usage":[2,3,3,6,8,16,17,18,24,24,24,28,40],"damage_taken":[{"damage":23,"enemies":"Jaw Worm","floor":1,"turns":4},{"damage":10,"enemies":"Cultist","floor":3,"turns":4},{"damage":2,"enemies":"2 Louse","floor":4,"turns":3},{"damage":4,"enemies":"Large Slime","floor":5,"turns":6},{"damage":6,"enemies":"Gremlin Nob","floor":6,"turns":2},{"damage":6,"enemies":"3 Sentries","floor":8,"turns":4},{"damage":7,"enemies":"Exordium Wildlife","floor":11,"turns":3},{"damage":6,"enemies":"3 Louse","floor":13,"turns":4},{"damage":16,"enemies":"The Guardian","floor":16,"turns":6},{"damage":22,"enemies":"2 Thieves","floor":18,"turns":3},{"damage":32,"enemies":"Shell Parasite","floor":21,"turns":4},{"damage":26,"enemies":"Slavers","floor":24,"turns":3},{"damage":60,"enemies":"Book of Stabbing","floor":27,"turns":5},{"damage":45,"enemies":"Shelled Parasite and Fungi","floor":28,"turns":4},{"damage":6,"enemies":"Snake Plant","floor":31,"turns":1},{"damage":66,"enemies":"Champ","floor":33,"turns":7},{"damage":32,"enemies":"3 Shapes","floor":35,"turns":2},{"damage":23,"enemies":"3 Darklings","floor":36,"turns":2},{"damage":23,"enemies":"4 Shapes","floor":38,"turns":5},{"damage":55,"enemies":"Writhing Mass","floor":39,"turns":5},{"damage":18,"enemies":"Giant Head","floor":40,"turns":6},{"damage":34,"enemies":"Maw","floor":42,"turns":5},{"damage":36,"enemies":"Sphere and 2 Shapes","floor":44,"turns":4},{"damage":40,"enemies":"Spire Growth","floor":45,"turns":3}],"seed_played":"4276958435732528016","potions_obtained":[{"floor":1,"key":"Fruit Juice"},{"floor":2,"key":"EntropicBrew"},{"floor":2,"key":"Energy Potion"},{"floor":6,"key":"Swift Potion"},{"floor":11,"key":"Weak Potion"},{"floor":13,"key":"SteroidPotion"},{"floor":17,"key":"Fruit Juice"},{"floor":18,"key":"BloodPotion"},{"floor":24,"key":"AttackPotion"},{"floor":31,"key":"SmokeBomb"}],"is_trial":false,"path_per_floor":["M","?","M","M","M","E","R","E","T","$","M","R","M","?","R","B",null,"M","?","?","M","?","R","E","R","T","E","M","?","R","M","R","B",null,"M","M","$","M","M","E","R","M","T","M","M"],"character_chosen":"IRONCLAD","items_purchased":["Inflame","PowerPotion","Magnetism","Blood Vial","Rage"],"campfire_rested":5,"item_purchase_floors":[10,10,37,37,37],"current_hp_per_floor":[71,76,72,76,78,78,78,78,78,78,77,77,77,70,70,60,101,85,69,46,20,20,54,63,97,97,43,10,10,44,44,78,26,94,72,61,61,52,13,15,49,33,33,9,0],"gold":88,"neow_bonus":"TWENTY_PERCENT_HP_BONUS","is_prod":false,"is_daily":false,"chose_seed":false,"campfire_upgraded":3,"win_rate":0,"timestamp":1562796021,"path_taken":["M","?","M","?","?","E","R","E","T","?","M","R","M","?","R","BOSS","M","?","?","M","?","R","E","R","T","E","M","?","R","M","R","BOSS","M","M","$","M","M","E","R","M","T","M","M"],"build_version":"2019-07-05","purchased_purges":0,"victory":false,"max_hp_per_floor":[96,101,101,101,101,101,101,101,101,101,101,101,101,101,101,101,111,111,111,116,116,116,116,116,116,116,116,116,116,116,116,116,116,116,116,116,116,116,116,116,116,116,116,116,116],"card_choices":[{"not_picked":["Sever Soul","Perfected Strike"],"picked":"Armaments","floor":1},{"not_picked":["Cleave","Perfected Strike"],"picked":"Infernal Blade","floor":3},{"not_picked":["Body Slam","Searing Blow"],"picked":"Thunderclap","floor":4},{"not_picked":["Flex","Combust"],"picked":"Offering","floor":5},{"not_picked":["Armaments","Blood for Blood"],"picked":"Bludgeon","floor":6},{"not_picked":["Seeing Red","Iron Wave"],"picked":"Anger","floor":8},{"not_picked":["Havoc","Entrench"],"picked":"Power Through","floor":11},{"not_picked":["Heavy Blade","Entrench"],"picked":"Rampage","floor":13},{"not_picked":["Fiend Fire","Limit Break"],"picked":"Demon Form","floor":16},{"not_picked":["Infernal Blade","Headbutt"],"picked":"Cleave","floor":17},{"not_picked":["Reckless Charge","Entrench+1"],"picked":"Sword Boomerang+1","floor":18},{"not_picked":["Intimidate","Twin Strike"],"picked":"Battle Trance","floor":21},{"not_picked":["Whirlwind","Perfected Strike"],"picked":"Inflame","floor":24},{"not_picked":["Battle Trance","Dropkick"],"picked":"Barricade","floor":27},{"not_picked":["Perfected Strike","Evolve"],"picked":"Sword Boomerang","floor":28},{"not_picked":["Flex","Fire Breathing"],"picked":"Inflame+1","floor":31},{"not_picked":["Exhume","Demon Form"],"picked":"Limit Break","floor":33},{"not_picked":["Body Slam","Headbutt"],"picked":"Perfected Strike+1","floor":35},{"not_picked":["Shrug It Off+1","Havoc+1"],"picked":"Berserk","floor":36},{"not_picked":["Havoc+1","Shrug It Off"],"picked":"Rampage+1","floor":38},{"not_picked":["Reckless Charge","Cleave","Thunderclap"],"picked":"SKIP","floor":39},{"not_picked":["Heavy Blade","Thunderclap"],"picked":"Flex+1","floor":42},{"not_picked":["Havoc","Perfected Strike"],"picked":"Searing Blow+1","floor":44}],"player_experience":612686,"relics_obtained":[{"floor":6,"key":"Charon\u0027s Ashes"},{"floor":8,"key":"Boot"},{"floor":9,"key":"Potion Belt"},{"floor":19,"key":"Nilry\u0027s Codex"},{"floor":24,"key":"Juzu Bracelet"},{"floor":26,"key":"Centennial Puzzle"},{"floor":27,"key":"Bird Faced Urn"},{"floor":43,"key":"The Courier"}],"event_choices":[{"damage_healed":0,"gold_gain":0,"player_choice":"Got Potions","damage_taken":0,"max_hp_gain":0,"max_hp_loss":0,"event_name":"Lab","floor":2,"gold_loss":0},{"cards_removed":["Strike_R"],"damage_healed":0,"gold_gain":0,"player_choice":"Card Removal","damage_taken":7,"max_hp_gain":0,"max_hp_loss":0,"event_name":"Golden Wing","floor":14,"gold_loss":0},{"damage_healed":0,"gold_gain":0,"player_choice":"Obtained Book","damage_taken":16,"max_hp_gain":0,"max_hp_loss":0,"event_name":"Cursed Tome","floor":19,"gold_loss":0},{"damage_healed":0,"gold_gain":0,"player_choice":"Shed Blood","damage_taken":28,"max_hp_gain":5,"max_hp_loss":0,"event_name":"Forgotten Altar","floor":20,"gold_loss":0},{"damage_healed":0,"gold_gain":0,"player_choice":"Inject Mutagens","damage_taken":0,"relics_obtained":["MutagenicStrength"],"max_hp_gain":0,"max_hp_loss":0,"event_name":"Drug Dealer","floor":22,"gold_loss":0},{"damage_healed":0,"gold_gain":0,"player_choice":"Simplicity","damage_taken":0,"max_hp_gain":0,"max_hp_loss":0,"event_name":"Back to Basics","floor":29,"gold_loss":0,"cards_upgraded":["Strike_R","Strike_R","Strike_R","Defend_R","Defend_R","Defend_R","Defend_R"]}],"is_beta":false,"boss_relics":[{"not_picked":["Pandora\u0027s Box","Runic Cube"],"picked":"Tiny House"},{"not_picked":["White Beast Statue","Runic Dome"],"picked":"Sozu"}],"items_purged_floors":[],"is_endless":false,"potions_floor_spawned":[1,5,6,11,13,18,24,31,35,38,39],"killed_by":"Spire Growth","ascension_level":13}