{"gold_per_floor":[117,130,149,160,160,3,21,33,57,57,57,57,57,57,57,148,148,172,196,21,21,36,36,50,73,73,73,73,92,92,3,3,3],"floor_reached":33,"playtime":1451,"items_purged":["Strike_G"],"score":454,"play_id":"2c6d43c3-5cbb-48ef-bffd-0df99fd9cad0","local_time":"20190213224033","is_ascension_mode":true,"campfire_choices":[{"floor":11.0,"key":"REST"},{"floor":13.0,"key":"REST"},{"data":"Caltrops","floor":15.0,"key":"SMITH"},{"floor":23.0,"key":"REST"},{"floor":28.0,"key":"REST"},{"floor":30,"key":"REST"},{"floor":32,"key":"REST"}],"neow_cost":"TEN_PERCENT_HP_LOSS","seed_source_timestamp":6094136136831,"circlet_count":0,"master_deck":["AscendersBane","Defend_G+1","Defend_G+1","Defend_G+1","Defend_G+1","Defend_G+1","Strike_G+1","Strike_G+1","Strike_G+1","Strike_G+1","Survivor","Neutralize","Backflip","Bouncing Flask","Noxious Fumes+1","Terror","Deflect","A Thousand Cuts","Caltrops+1","Sucker Punch+1","Venomology","PiercingWail","Noxious Fumes+1","Caltrops","PiercingWail","Acrobatics","Dodge and Roll","Shame","Escape Plan+1","Backflip+1","Dash+1","Catalyst"],"special_seed":0,"relics":["Ring of the Snake","Du-Vu Doll","Art of War","Dream Catcher","Golden Idol","Molten Egg 2","Fusion Hammer","Matryoshka","Anchor"],"potions_floor_usage":[29,29,29,33,33],"damage_taken":[{"damage":4.0,"enemies":"Small Slimes","floor":1.0,"turns":8.0},{"damage":1.0,"enemies":"Jaw Worm","floor":2.0,"turns":5.0},{"damage":0.0,"enemies":"2 Louse","floor":3.0,"turns":3.0},{"damage":21.0,"enemies":"Lots of Slimes","floor":4.0,"turns":5.0},{"damage":0.0,"enemies":"2 Fungi Beasts","floor":7.0,"turns":5.0},{"damage":16.0,"enemies":"3 Louse","floor":8.0,"turns":5.0},{"damage":35.0,"enemies":"The Guardian","floor":16.0,"turns":11.0},{"damage":24.0,"enemies":"2 Thieves","floor":18.0,"turns":5.0},{"damage":4.0,"enemies":"Shell Parasite","floor":19.0,"turns":5.0},{"damage":6.0,"enemies":"Cultist and Chosen","floor":22.0,"turns":7.0},{"damage":14.0,"enemies":"Shelled Parasite and Fungi","floor":24.0,"turns":7.0},{"damage":19.0,"enemies":"Chosen and Byrds","floor":25.0,"turns":6.0},{"damage":18,"enemies":"Sentry and Sphere","floor":29,"turns":4},{"damage":45,"enemies":"Collector","floor":33,"turns":7}],"seed_played":"2209670199762130202","potions_obtained":[{"floor":3.0,"key":"Weak Potion"},{"floor":4.0,"key":"Dexterity Potion"},{"floor":25.0,"key":"LiquidBronze"},{"floor":29,"key":"Poison Potion"}],"is_trial":false,"path_per_floor":["M","M","M","M","?","$","M","M","T","?","R","T","R","?","R","B",null,"M","M","$","?","M","R","M","M","T","?","R","M","R","$","R","B"],"character_chosen":"THE_SILENT","items_purchased":["Art of War","Caltrops","PiercingWail","Dash+1"],"campfire_rested":6,"item_purchase_floors":[6,20,20,31],"current_hp_per_floor":[55,54,54,33,33,33,33,17,17,17,35,35,53,53,53,18,50,26,22,22,22,16,34,20,1,1,1,19,1,19,19,37,0],"gold":3,"neow_bonus":"ONE_RARE_RELIC","is_prod":false,"is_daily":false,"chose_seed":false,"campfire_upgraded":1,"win_rate":0,"timestamp":1550115633,"path_taken":["M","M","M","M","?","$","M","M","T","?","R","?","R","?","R","BOSS","M","?","$","?","M","R","M","M","T","?","R","M","R","$","R","BOSS"],"build_version":"2019-02-06","purchased_purges":1,"victory":false,"max_hp_per_floor":[60,60,60,60,60,60,60,60,60,60,60,60,60,60,60,60,60,60,60,60,60,60,60,60,60,60,60,60,60,60,60,60,60],"card_choices":[{"not_picked":["Outmaneuver","Quick Slash"],"picked":"Backflip","floor":1.0},{"not_picked":["Dodge and Roll","Setup"],"picked":"Bouncing Flask","floor":2.0},{"not_picked":["Deadly Poison","Calculated Gamble"],"picked":"Noxious Fumes","floor":3.0},{"not_picked":["Poisoned Stab","Outmaneuver"],"picked":"Terror","floor":4.0},{"not_picked":["Acrobatics","Bane"],"picked":"Deflect","floor":7.0},{"not_picked":["Dodge and Roll","Heel Hook"],"picked":"A Thousand Cuts","floor":8.0},{"not_picked":["Deadly Poison","Blade Dance"],"picked":"Caltrops","floor":11.0},{"not_picked":["Skewer+1","Accuracy"],"picked":"Sucker Punch+1","floor":13.0},{"not_picked":["Unload+1","Burst"],"picked":"Venomology","floor":16.0},{"not_picked":["Deadly Poison","Dagger Spray+1"],"picked":"PiercingWail","floor":18.0},{"not_picked":["Cloak And Dagger","Quick Slash+1"],"picked":"Noxious Fumes+1","floor":19.0},{"not_picked":["Outmaneuver+1","Bouncing Flask","Poisoned Stab+1"],"picked":"SKIP","floor":22.0},{"not_picked":["Dagger Spray+1","Bane+1"],"picked":"Acrobatics","floor":23.0},{"not_picked":["Cloak And Dagger","Bullet Time"],"picked":"Dodge and Roll","floor":24.0},{"not_picked":["Deflect","Choke+1","Underhanded Strike+1"],"picked":"SKIP","floor":25.0},{"not_picked":["Dodge and Roll","Poisoned Stab+1"],"picked":"Escape Plan+1","floor":28.0},{"not_picked":["Deadly Poison","Outmaneuver"],"picked":"Backflip+1","floor":29},{"not_picked":["Sucker Punch+1","Blade Dance"],"picked":"Catalyst","floor":32}],"player_experience":958793,"relics_obtained":[{"floor":9.0,"key":"Dream Catcher"},{"floor":12.0,"key":"Molten Egg 2"},{"floor":26.0,"key":"Matryoshka"}],"event_choices":[{"damage_healed":0.0,"max_hp_gain":0.0,"max_hp_loss":0.0,"gold_gain":0.0,"event_name":"Living Wall","player_choice":"Grow","floor":5.0,"gold_loss":0.0,"damage_taken":0.0,"cards_upgraded":["Noxious Fumes"]},{"damage_healed":0.0,"max_hp_gain":0.0,"max_hp_loss":0.0,"gold_gain":0.0,"event_name":"Golden Idol","player_choice":"Take Wound","floor":10.0,"gold_loss":0.0,"damage_taken":0.0,"relics_obtained":["Golden Idol"],"cards_obtained":["Injury"]},{"cards_removed":["Injury"],"damage_healed":0.0,"max_hp_gain":0.0,"max_hp_loss":0.0,"gold_gain":0.0,"event_name":"Fountain of Cleansing","player_choice":"Removed Curses","floor":14.0,"gold_loss":0.0,"damage_taken":0.0},{"damage_healed":0.0,"max_hp_gain":0.0,"max_hp_loss":0.0,"gold_gain":0.0,"event_name":"Back to Basics","player_choice":"Simplicity","floor":21.0,"gold_loss":0.0,"damage_taken":0.0,"cards_upgraded":["Defend_G","Defend_G","Defend_G","Defend_G","Defend_G","Strike_G","Strike_G","Strike_G","Strike_G"]},{"damage_healed":0.0,"max_hp_gain":0.0,"max_hp_loss":0.0,"gold_gain":0.0,"event_name":"Addict","player_choice":"Stole Relic","floor":27.0,"gold_loss":0.0,"damage_taken":0.0,"relics_obtained":["Anchor"],"cards_obtained":["Shame"]}],"is_beta":true,"boss_relics":[{"not_picked":["Black Star","Runic Dome"],"picked":"Fusion Hammer"}],"items_purged_floors":[20],"is_endless":false,"potions_floor_spawned":[3,4,7,24,25,29],"killed_by":"Collector","ascension_level":18}