{"gold_per_floor":[219,219,237,247,265,265,440,440,440,440,98,117,134,151,151,254,254,268,268,268,13,33,33,50,50,77,97,97,97,97,115,115,115],"floor_reached":33,"playtime":2768,"items_purged":[],"score":395,"play_id":"69feb083-5772-48d1-9cc4-4ca1c333c5f8","local_time":"20181204065944","is_ascension_mode":true,"campfire_choices":[{"data":"Flame Barrier","floor":6.0,"key":"SMITH"},{"data":"Iron Wave","floor":8.0,"key":"SMITH"},{"data":"Enlightenment","floor":15.0,"key":"SMITH"},{"data":"Demon Form","floor":23,"key":"SMITH"},{"data":"Bash","floor":25,"key":"SMITH"},{"data":"Reinforced Body","floor":32,"key":"SMITH"}],"neow_cost":"NONE","seed_source_timestamp":0,"circlet_count":0,"master_deck":["AscendersBane","Defend_R","Defend_R","Defend_R","Defend_R","Bash+1","Iron Wave+1","Flame Barrier+1","Battle Trance","Enlightenment+1","Melter","Demon Form+1","Blur+1","Bite","Bite","Bite","Bite","Bite","Battle Trance+1","Reinforced Body+1","Beam Cell"],"special_seed":0,"relics":["Burning Blood","Torii","PrismaticShard","Orichalcum","White Beast Statue","Matryoshka","Dream Catcher","Red Skull","MutagenicStrength"],"potions_floor_usage":[33,33],"damage_taken":[{"damage":0.0,"enemies":"Small Slimes","floor":1.0,"turns":3.0},{"damage":7.0,"enemies":"2 Louse","floor":3.0,"turns":3.0},{"damage":1.0,"enemies":"Jaw Worm","floor":4.0,"turns":5.0},{"damage":6.0,"enemies":"Blue Slaver","floor":5.0,"turns":6.0},{"damage":0.0,"enemies":"3 Louse","floor":12.0,"turns":4.0},{"damage":0.0,"enemies":"2 Fungi Beasts","floor":13.0,"turns":4.0},{"damage":0.0,"enemies":"Large Slime","floor":14.0,"turns":5.0},{"damage":33.0,"enemies":"The Guardian","floor":16.0,"turns":15.0},{"damage":14.0,"enemies":"Chosen","floor":18.0,"turns":7.0},{"damage":12,"enemies":"2 Thieves","floor":22,"turns":4},{"damage":12,"enemies":"Cultist and Chosen","floor":24,"turns":6},{"damage":33,"enemies":"Snake Plant","floor":27,"turns":5},{"damage":22,"enemies":"Colosseum Slavers","floor":29,"turns":6},{"damage":0,"enemies":"Sentry and Sphere","floor":31,"turns":4},{"damage":72,"enemies":"Collector","floor":33,"turns":6}],"seed_played":"7830803115888257664","potions_obtained":[{"floor":3.0,"key":"Fire Potion"},{"floor":12.0,"key":"SpeedPotion"},{"floor":22,"key":"Explosive Potion"}],"is_trial":false,"path_per_floor":["M","?","M","M","M","R","?","R","T","?","$","M","M","M","R","B",null,"M","M","?","?","$","M","R","M","R","T","M","?","?","?","M","R","B"],"character_chosen":"IRONCLAD","items_purchased":["PrismaticShard","Orichalcum","Matryoshka"],"campfire_rested":0,"item_purchase_floors":[11,11,21],"current_hp_per_floor":[78,78,77,80,80,80,80,80,80,73,73,79,80,80,80,53,73,65,56,56,56,56,56,56,56,56,37,37,37,37,55,55,0],"gold":115,"neow_bonus":"HUNDRED_GOLD","is_prod":false,"is_daily":false,"chose_seed":false,"campfire_upgraded":6,"win_rate":0,"timestamp":1543924784,"path_taken":["M","?","M","M","M","R","?","R","T","?","?","?","M","M","R","BOSS","M","?","?","$","M","R","M","R","T","M","?","?","?","M","R","BOSS"],"build_version":"2018-12-4","purchased_purges":0,"victory":false,"max_hp_per_floor":[80,80,80,80,80,80,80,80,80,80,80,80,80,80,80,80,80,80,56,56,56,56,56,56,56,56,56,56,56,56,56,56,56],"card_choices":[{"not_picked":["Reckless Charge","Flex"],"picked":"Iron Wave","floor":1.0},{"not_picked":["Rage","Reckless Charge"],"picked":"Flame Barrier","floor":3.0},{"not_picked":["Flex","Anger","Infernal Blade"],"picked":"SKIP","floor":4.0},{"not_picked":["Sword Boomerang","True Grit"],"picked":"Battle Trance","floor":5.0},{"not_picked":["Havoc","Clash"],"picked":"Enlightenment","floor":12.0},{"not_picked":["Dagger Throw","Perfected Strike","Warcry"],"picked":"SKIP","floor":13.0},{"not_picked":["Cleave","Dagger Throw"],"picked":"Melter","floor":14.0},{"not_picked":["A Thousand Cuts","Meteor Strike"],"picked":"Demon Form","floor":16.0},{"not_picked":["All Out Attack+1","Flying Knee"],"picked":"Blur+1","floor":18},{"not_picked":["Body Slam","Hologram","Pommel Strike"],"picked":"SKIP","floor":22},{"not_picked":["Underhanded Strike","Forethought"],"picked":"Battle Trance+1","floor":24},{"not_picked":["Twin Strike","Grand Finale"],"picked":"Reinforced Body","floor":27},{"not_picked":["Poisoned Stab","Lockon+1"],"picked":"Beam Cell","floor":31}],"player_experience":582752,"relics_obtained":[{"floor":9.0,"key":"Torii"},{"floor":26,"key":"Dream Catcher"},{"floor":26,"key":"Red Skull"}],"event_choices":[{"damage_healed":0.0,"max_hp_gain":0.0,"max_hp_loss":0.0,"gold_gain":0.0,"event_name":"The Cleric","player_choice":"Leave","floor":2.0,"gold_loss":0.0,"damage_taken":0.0},{"damage_healed":0.0,"max_hp_gain":0.0,"max_hp_loss":0.0,"gold_gain":175.0,"event_name":"Liars Game","player_choice":"AGREE","floor":7.0,"gold_loss":0.0,"damage_taken":0.0,"cards_obtained":["Doubt"]},{"cards_removed":["Doubt"],"damage_healed":0.0,"max_hp_gain":0.0,"max_hp_loss":0.0,"gold_gain":0.0,"event_name":"Golden Wing","player_choice":"Card Removal","floor":10.0,"gold_loss":0.0,"damage_taken":7.0},{"damage_healed":0,"gold_gain":0,"player_choice":"Became a vampire","damage_taken":0,"max_hp_gain":0,"max_hp_loss":24,"event_name":"Vampires","floor":19,"gold_loss":0,"cards_obtained":["Bite","Bite","Bite","Bite","Bite"]},{"damage_healed":0,"gold_gain":0,"player_choice":"Ignored","damage_taken":0,"max_hp_gain":0,"max_hp_loss":0,"event_name":"Beggar","floor":20,"gold_loss":0},{"damage_healed":0,"gold_gain":0,"player_choice":"Inject Mutagens","damage_taken":0,"relics_obtained":["MutagenicStrength"],"max_hp_gain":0,"max_hp_loss":0,"event_name":"Drug Dealer","floor":28,"gold_loss":0},{"damage_healed":0,"gold_gain":0,"player_choice":"Fight","damage_taken":0,"max_hp_gain":0,"max_hp_loss":0,"event_name":"Colosseum","floor":29,"gold_loss":0},{"damage_healed":0,"gold_gain":0,"player_choice":"Fled From Nobs","damage_taken":0,"max_hp_gain":0,"max_hp_loss":0,"event_name":"Colosseum","floor":29,"gold_loss":0},{"damage_healed":0,"gold_gain":0,"player_choice":"Ignored","damage_taken":0,"max_hp_gain":0,"max_hp_loss":0,"event_name":"Ghosts","floor":30,"gold_loss":0}],"is_beta":true,"boss_relics":[{"not_picked":["Velvet Choker","Philosopher\u0027s Stone"],"picked":"White Beast Statue"}],"items_purged_floors":[],"is_endless":false,"potions_floor_spawned":[3,12,18,22,24,27,29,31],"killed_by":"Collector","ascension_level":11}