{"gold_per_floor":[111,131,4,79,254,254,108,125,204,221,249,259,259,259,259,363,363,375,76,90,109,6,6,6,6,31,61,61,61,61,74,74,74],"floor_reached":33,"playtime":2006,"items_purged":["Doubt"],"score":288,"play_id":"358b34b2-50ef-4231-a14d-03752a9e3582","local_time":"20180919160249","is_ascension_mode":false,"campfire_choices":[{"data":"Heavy Blade","floor":6,"key":"SMITH"},{"data":"Perfected Strike","floor":13,"key":"SMITH"},{"data":"Reckless Charge","floor":15,"key":"SMITH"},{"data":"Fire Breathing","floor":23,"key":"SMITH"},{"data":"Inflame","floor":25,"key":"SMITH"},{"data":"Flex","floor":28,"key":"SMITH"},{"data":"Flex","floor":32,"key":"SMITH"}],"neow_cost":"NONE","seed_source_timestamp":53978414882604,"circlet_count":0,"master_deck":["Strike_R","Strike_R","Strike_R","Strike_R","Strike_R","Defend_R","Defend_R","Defend_R","Defend_R","Bash","Heavy Blade+1","Reckless Charge+1","Twin Strike","Reckless Charge","Flame Barrier","Perfected Strike+1","Thunderclap","Reaper","Wild Strike+1","Flex+1","Fire Breathing+1","Clash","Inflame+1","Pommel Strike","Body Slam+1","Flex+1"],"relics":["Burning Blood","Self Forming Clay","Bottled Flame","Runic Cube","Meat on the Bone","Juzu Bracelet","Letter Opener","MutagenicStrength","Pear"],"potions_floor_usage":[11,11,16,16,27,33,33,33,33],"damage_taken":[{"damage":0,"enemies":"Small Slimes","floor":1,"turns":3},{"damage":6,"enemies":"2 Louse","floor":2,"turns":2},{"damage":6,"enemies":"Cultist","floor":8,"turns":3},{"damage":10,"enemies":"Lots of Slimes","floor":10,"turns":4},{"damage":15,"enemies":"3 Sentries","floor":11,"turns":6},{"damage":14,"enemies":"Exordium Wildlife","floor":12,"turns":3},{"damage":41,"enemies":"Slime Boss","floor":16,"turns":11},{"damage":25,"enemies":"2 Thieves","floor":18,"turns":4},{"damage":17,"enemies":"Spheric Guardian","floor":20,"turns":5},{"damage":41,"enemies":"Chosen and Byrds","floor":21,"turns":6},{"damage":27,"enemies":"Slavers","floor":27,"turns":5},{"damage":10,"enemies":"Cultist and Chosen","floor":31,"turns":4},{"damage":95,"enemies":"Collector","floor":33,"turns":7}],"seed_played":"5266428793876603254","potions_obtained":[{"floor":8,"key":"SteroidPotion"},{"floor":10,"key":"SteroidPotion"},{"floor":11,"key":"Energy Potion"},{"floor":12,"key":"SpeedPotion"},{"floor":18,"key":"SteroidPotion"},{"floor":21,"key":"EntropicBrew"}],"is_trial":false,"path_per_floor":["M","M","$","?","?","R","$","M","T","M","E","M","R","?","R","B",null,"M","$","M","M","$","R","?","R","T","E","R","?","T","M","R"],"character_chosen":"IRONCLAD","items_purchased":["Twin Strike","LiquidBronze","Reckless Charge","Flex","Meat on the Bone","Inflame","Pommel Strike"],"campfire_rested":0,"item_purchase_floors":[3,3,7,19,19,22,22],"current_hp_per_floor":[88,88,88,77,77,77,77,77,77,73,64,56,56,61,61,26,93,74,74,63,40,40,40,93,93,93,72,72,72,82,78,78,0],"gold":74,"neow_bonus":"TEN_PERCENT_HP_BONUS","is_prod":false,"is_daily":false,"chose_seed":false,"campfire_upgraded":7,"win_rate":0.0,"timestamp":1537390969,"path_taken":["M","M","$","?","?","R","$","M","T","M","E","M","R","?","R","BOSS","M","$","?","M","$","R","?","R","T","E","R","?","?","M","R","BOSS"],"build_version":"2018-09-06","purchased_purges":1,"victory":false,"max_hp_per_floor":[88,88,88,88,88,88,88,88,88,88,88,88,88,93,93,93,93,93,93,93,93,93,93,93,93,93,93,93,93,103,103,103,103],"card_choices":[{"not_picked":["Dropkick","Spot Weakness"],"picked":"Heavy Blade","floor":1},{"not_picked":["Heavy Blade","Power Through"],"picked":"Reckless Charge","floor":2},{"not_picked":["Spot Weakness","True Grit","Second Wind"],"picked":"SKIP","floor":8},{"not_picked":["Dropkick","Wild Strike"],"picked":"Flame Barrier","floor":10},{"not_picked":["Carnage","Sentinel"],"picked":"Perfected Strike","floor":11},{"not_picked":["Headbutt","Heavy Blade"],"picked":"Thunderclap","floor":12},{"not_picked":["Brutality","Fiend Fire"],"picked":"Reaper","floor":16},{"not_picked":["Second Wind+1","Sword Boomerang"],"picked":"Wild Strike+1","floor":18},{"not_picked":["Sword Boomerang","Shrug It Off"],"picked":"Fire Breathing","floor":20},{"not_picked":["Iron Wave","Blood for Blood"],"picked":"Clash","floor":21},{"not_picked":["Warcry","Hemokinesis"],"picked":"Body Slam+1","floor":27},{"not_picked":["Sentinel+1","Havoc"],"picked":"Flex","floor":31}],"player_experience":38981,"relics_obtained":[{"floor":9,"key":"Self Forming Clay"},{"floor":11,"key":"Bottled Flame"},{"floor":26,"key":"Juzu Bracelet"},{"floor":27,"key":"Letter Opener"},{"floor":30,"key":"Pear"}],"event_choices":[{"event_name":"World of Goop","player_choice":"Gather Gold","floor":4,"damage_taken":0},{"event_name":"Liars Game","player_choice":"agreed","floor":5,"damage_taken":0},{"event_name":"Big Fish","player_choice":"Donut","floor":14,"damage_taken":0},{"event_name":"Wheel of Change","player_choice":"Full Heal","floor":24,"damage_taken":0},{"event_name":"Drug Dealer","player_choice":"Inject Mutagens","floor":29,"damage_taken":0}],"is_beta":false,"boss_relics":[{"not_picked":["Runic Dome","Sozu"],"picked":"Runic Cube"}],"items_purged_floors":[7],"is_endless":false,"potions_floor_spawned":[8,10,11,12,18,21],"killed_by":"Collector","ascension_level":0}