{"gold_per_floor":[114,127,137,137,212,212,223,249,321,353,365,17,17,35,35,137,137,151,50,61,160,171,171,197,26,26,26],"floor_reached":27,"playtime":1143,"items_purged":["Shame","Injury"],"score":389,"play_id":"77889a9f-89aa-4c01-a604-16d89a58f74e","local_time":"20190707230517","is_ascension_mode":true,"campfire_choices":[{"data":"Whirlwind","floor":6,"key":"SMITH"},{"data":"Barricade","floor":15,"key":"SMITH"},{"floor":23,"key":"REST"}],"neow_cost":"NONE","seed_source_timestamp":1042758506368600,"circlet_count":0,"master_deck":["AscendersBane","Strike_R","Strike_R","Strike_R","Strike_R","Strike_R+1","Defend_R","Defend_R+1","Defend_R","Defend_R","Bash","Feel No Pain","Shrug It Off","Whirlwind+1","Shrug It Off","Armaments","Barricade+1","Sword Boomerang","Sword Boomerang","Juggernaut","Clumsy","Rage+1","Body Slam","Havoc","Flame Barrier+1","Shrug It Off","Enlightenment","Wild Strike"],"relics":["Burning Blood","NeowsBlessing","WingedGreaves","Sundial","Lantern","Boot","Bronze Scales","Mercury Hourglass","Calling Bell","Oddly Smooth Stone","Blue Candle","Dead Branch","Smiling Mask","Bird Faced Urn"],"potions_floor_usage":[8,10,24],"damage_taken":[{"damage":0,"enemies":"Small Slimes","floor":1,"turns":1},{"damage":0,"enemies":"Jaw Worm","floor":2,"turns":1},{"damage":0,"enemies":"Cultist","floor":3,"turns":1},{"damage":6,"enemies":"Blue Slaver","floor":7,"turns":5},{"damage":4,"enemies":"3 Sentries","floor":8,"turns":6},{"damage":30,"enemies":"Gremlin Nob","floor":10,"turns":5},{"damage":13,"enemies":"Lots of Slimes","floor":11,"turns":3},{"damage":9,"enemies":"Large Slime","floor":14,"turns":4},{"damage":17,"enemies":"The Guardian","floor":16,"turns":14},{"damage":20,"enemies":"2 Thieves","floor":18,"turns":3},{"damage":3,"enemies":"3 Byrds","floor":20,"turns":3},{"damage":47,"enemies":"3 Cultists","floor":22,"turns":5},{"damage":34,"enemies":"Slavers","floor":24,"turns":3},{"damage":17,"enemies":"Chosen and Byrds","floor":27,"turns":5}],"seed_played":"6151607791635984342","potions_obtained":[{"floor":1,"key":"AttackPotion"},{"floor":2,"key":"SmokeBomb"},{"floor":7,"key":"Weak Potion"},{"floor":8,"key":"BloodPotion"},{"floor":22,"key":"Fruit Juice"}],"is_trial":false,"path_per_floor":["M","M","M","?","?","R","M","E","T","E","M","$","?","M","R","B",null,"M","$","M","?","M","R","E","$","T","M"],"character_chosen":"IRONCLAD","items_purchased":["Boot","Sword Boomerang","Bronze Scales","Body Slam","Enlightenment","Wild Strike"],"campfire_rested":1,"item_purchase_floors":[12,12,12,19,25,25],"current_hp_per_floor":[78,80,80,64,56,56,56,58,58,34,27,27,27,24,24,13,63,49,49,52,52,11,35,12,12,12,0],"gold":26,"neow_bonus":"THREE_ENEMY_KILL","is_prod":false,"is_daily":false,"chose_seed":false,"campfire_upgraded":2,"win_rate":0,"timestamp":1562555117,"path_taken":["M","M","M","?","?","R","M","E","T","E","?","$","?","?","R","BOSS","M","$","?","?","M","R","E","$","T","M"],"build_version":"2019-07-05","purchased_purges":2,"victory":false,"max_hp_per_floor":[80,80,80,80,80,80,80,80,80,80,80,80,80,80,80,80,80,80,80,80,80,80,80,85,85,85,85],"card_choices":[{"not_picked":["Anger","Dropkick"],"picked":"Feel No Pain","floor":1},{"not_picked":["True Grit","Intimidate"],"picked":"Shrug It Off","floor":2},{"not_picked":["Perfected Strike","Pummel"],"picked":"Whirlwind","floor":3},{"not_picked":["Clash","Body Slam","Sentinel"],"picked":"SKIP","floor":7},{"not_picked":["Flame Barrier","Heavy Blade"],"picked":"Shrug It Off","floor":8},{"not_picked":["Headbutt","Corruption"],"picked":"Armaments","floor":10},{"not_picked":["Intimidate","Sever Soul"],"picked":"Barricade","floor":11},{"not_picked":["Headbutt","Cleave"],"picked":"Sword Boomerang","floor":14},{"not_picked":["Feed","Fiend Fire"],"picked":"Juggernaut","floor":16},{"not_picked":["Pommel Strike","Havoc"],"picked":"Rage+1","floor":18},{"not_picked":["Flex","Combust"],"picked":"Havoc","floor":20},{"not_picked":["Clash","Carnage"],"picked":"Flame Barrier+1","floor":22},{"not_picked":["True Grit","Limit Break"],"picked":"Shrug It Off","floor":24}],"player_experience":590007,"relics_obtained":[{"floor":8,"key":"WingedGreaves"},{"floor":9,"key":"Sundial"},{"floor":10,"key":"Lantern"},{"floor":17,"key":"Oddly Smooth Stone"},{"floor":17,"key":"Blue Candle"},{"floor":17,"key":"Dead Branch"},{"floor":24,"key":"Smiling Mask"},{"floor":26,"key":"Bird Faced Urn"}],"event_choices":[{"damage_healed":0,"gold_gain":0,"player_choice":"Entered Light","damage_taken":16,"max_hp_gain":0,"max_hp_loss":0,"event_name":"Shining Light","floor":4,"gold_loss":0,"cards_upgraded":["Defend_R","Strike_R"]},{"damage_healed":0,"gold_gain":75,"player_choice":"Touch","damage_taken":8,"max_hp_gain":0,"max_hp_loss":0,"event_name":"FaceTrader","floor":5,"gold_loss":0},{"damage_healed":0,"gold_gain":0,"player_choice":"Gave Potion","damage_taken":0,"relics_obtained":["Mercury Hourglass"],"max_hp_gain":0,"max_hp_loss":0,"event_name":"WeMeetAgain","floor":13,"gold_loss":0},{"damage_healed":0,"gold_gain":99,"player_choice":"Stole From Cult","damage_taken":0,"max_hp_gain":0,"max_hp_loss":0,"event_name":"Nest","floor":21,"gold_loss":0}],"is_beta":false,"boss_relics":[{"not_picked":["Runic Pyramid","Mark of Pain"],"picked":"Calling Bell"}],"items_purged_floors":[19,25],"is_endless":false,"potions_floor_spawned":[1,2,7,8,22],"killed_by":"Chosen and Byrds","ascension_level":12}