{"gold_per_floor":[114,129,144,144,159,159,163,178,203,218,218,4,19,34,34,134,134,149,149,164,179,179,179,194,194,194,194,209,224,224,36,36,136,136,151,151],"floor_reached":36,"playtime":2849,"items_purged":["Strike_B","Strike_B"],"score":385,"play_id":"5afb03dc-9c25-4bf5-bbc7-3d908e3c8b77","local_time":"20190714082618","daily_mods":["Specialized","Vintage","Binary"],"is_ascension_mode":false,"campfire_choices":[{"floor":6,"key":"REST"},{"data":"Redo","floor":11,"key":"SMITH"},{"floor":15,"key":"REST"},{"data":"Apotheosis","floor":23,"key":"SMITH"},{"floor":25,"key":"REST"},{"data":"Echo Form","floor":27,"key":"SMITH"},{"floor":30,"key":"REST"},{"data":"Echo Form","floor":32,"key":"SMITH"}],"neow_cost":"","seed_source_timestamp":0,"circlet_count":0,"master_deck":["Strike_B","Defend_B","Defend_B","Defend_B","Defend_B","Zap","Dualcast","Static Discharge","Static Discharge","Static Discharge","Static Discharge","Static Discharge","Redo+1","Apotheosis+1","Echo Form+1","Echo Form+1","Impatience","Discovery"],"special_seed":18091,"relics":["Cracked Core","Centennial Puzzle","FossilizedHelix","Pen Nib","Symbiotic Virus","Odd Mushroom","Bottled Lightning","PreservedInsect","Smiling Mask","Question Card","The Courier","Nuclear Battery","Girya","Happy Flower","Regal Pillow","Kunai","Unceasing Top","Blue Candle","Ancient Tea Set","Eternal Feather","Orichalcum"],"potions_floor_usage":[36],"damage_taken":[{"damage":5,"enemies":"Cultist","floor":1,"turns":3},{"damage":10,"enemies":"Small Slimes","floor":2,"turns":4},{"damage":11,"enemies":"Jaw Worm","floor":3,"turns":4},{"damage":10,"enemies":"Gremlin Gang","floor":5,"turns":3},{"damage":11,"enemies":"The Mushroom Lair","floor":7,"turns":3},{"damage":2,"enemies":"Exordium Wildlife","floor":8,"turns":4},{"damage":5,"enemies":"Looter","floor":10,"turns":2},{"damage":0,"enemies":"Red Slaver","floor":13,"turns":4},{"damage":13,"enemies":"3 Louse","floor":14,"turns":3},{"damage":35,"enemies":"Hexaghost","floor":16,"turns":4},{"damage":4,"enemies":"Spheric Guardian","floor":18,"turns":3},{"damage":24,"enemies":"Chosen","floor":20,"turns":6},{"damage":10,"enemies":"Snecko","floor":21,"turns":4},{"damage":16,"enemies":"Centurion and Healer","floor":24,"turns":4},{"damage":25,"enemies":"Cultist and Chosen","floor":28,"turns":3},{"damage":16,"enemies":"Shelled Parasite and Fungi","floor":29,"turns":3},{"damage":4,"enemies":"Champ","floor":33,"turns":9},{"damage":8,"enemies":"Orb Walker","floor":35,"turns":5},{"damage":73,"enemies":"2 Orb Walkers","floor":36,"turns":4}],"seed_played":"-4607552387354997456","potions_obtained":[{"floor":1,"key":"FearPotion"},{"floor":3,"key":"SteroidPotion"},{"floor":8,"key":"PowerPotion"}],"is_trial":false,"path_per_floor":["M","M","M","?","M","R","?","M","T","M","R","$","M","M","R","B",null,"M","?","M","M","?","R","M","R","T","R","M","M","R","$","R","B",null,"M","?"],"character_chosen":"DEFECT","items_purchased":["Apotheosis","Impatience","Discovery"],"campfire_rested":4,"item_purchase_floors":[12,31,31],"current_hp_per_floor":[70,60,49,54,44,68,57,55,55,50,50,50,50,37,61,26,80,76,76,52,42,42,42,26,65,65,65,40,24,63,63,63,59,80,72,0],"gold":151,"neow_bonus":"","is_prod":false,"is_daily":true,"chose_seed":false,"campfire_upgraded":4,"win_rate":0,"timestamp":1563117978,"path_taken":["M","M","M","?","M","R","?","M","T","M","R","?","M","?","R","BOSS","M","?","?","?","?","R","?","R","T","R","M","M","R","$","R","BOSS","M","?"],"build_version":"2019-07-05","purchased_purges":2,"victory":false,"max_hp_per_floor":[75,75,75,80,80,80,80,80,80,80,80,80,80,80,80,80,80,80,80,80,80,80,80,80,80,80,80,80,80,80,80,80,80,80,80,80],"card_choices":[{"not_picked":["Recycle"],"picked":"Redo","floor":7},{"not_picked":["Multi-Cast","Meteor Strike"],"picked":"Echo Form","floor":16}],"player_experience":138022,"relics_obtained":[{"floor":1,"key":"Centennial Puzzle"},{"floor":2,"key":"FossilizedHelix"},{"floor":3,"key":"Pen Nib"},{"floor":5,"key":"Symbiotic Virus"},{"floor":7,"key":"Odd Mushroom"},{"floor":8,"key":"Bottled Lightning"},{"floor":9,"key":"PreservedInsect"},{"floor":10,"key":"Smiling Mask"},{"floor":13,"key":"Question Card"},{"floor":14,"key":"The Courier"},{"floor":18,"key":"Girya"},{"floor":20,"key":"Happy Flower"},{"floor":21,"key":"Regal Pillow"},{"floor":24,"key":"Kunai"},{"floor":26,"key":"Unceasing Top"},{"floor":28,"key":"Blue Candle"},{"floor":29,"key":"Ancient Tea Set"},{"floor":35,"key":"Orichalcum"}],"event_choices":[{"damage_healed":0,"gold_gain":0,"player_choice":"Donut","damage_taken":0,"max_hp_gain":5,"max_hp_loss":0,"event_name":"Big Fish","floor":4,"gold_loss":0},{"damage_healed":0,"gold_gain":0,"player_choice":"Fought Mushrooms","damage_taken":0,"max_hp_gain":0,"max_hp_loss":0,"event_name":"Mushrooms","floor":7,"gold_loss":0},{"damage_healed":0,"gold_gain":0,"player_choice":"Copied","damage_taken":0,"max_hp_gain":0,"max_hp_loss":0,"event_name":"Duplicator","floor":19,"gold_loss":0,"cards_obtained":["Echo Form"]},{"cards_removed":["Strike_B"],"damage_healed":0,"gold_gain":0,"player_choice":"Purged","damage_taken":0,"max_hp_gain":0,"max_hp_loss":0,"event_name":"Purifier","floor":22,"gold_loss":0},{"damage_healed":0,"gold_gain":0,"player_choice":"Fight","damage_taken":0,"max_hp_gain":0,"max_hp_loss":0,"event_name":"Mysterious Sphere","floor":36,"gold_loss":0}],"is_beta":false,"boss_relics":[{"not_picked":["Snecko Eye","Coffee Dripper"],"picked":"Nuclear Battery"},{"not_picked":["Empty Cage","Pandora\u0027s Box"],"picked":"Eternal Feather"}],"items_purged_floors":[12,31],"is_endless":false,"potions_floor_spawned":[1,3,8,10,13,21,29,35],"killed_by":"2 Orb Walkers","ascension_level":0}