{"gold_per_floor":[119,294,294,70,170,197,211,246,301,330,330,330,19,33,33,130,130,150,150,169,94,111,138,138,169,169,189,189,207,28,46,46,151,151,161,161,179,179,191,222,236,287,287,287,287,313,313,327,327,327],"floor_reached":50,"playtime":1900,"items_purged":["Doubt"],"score":637,"play_id":"830846c0-2cf2-48a7-91fb-58a3624a8f51","local_time":"20190708202104","is_ascension_mode":true,"campfire_choices":[{"data":"Sword Boomerang","floor":11,"key":"SMITH"},{"data":"Armaments","floor":15,"key":"SMITH"},{"data":"Demon Form","floor":24,"key":"SMITH"},{"data":"Battle Trance","floor":28,"key":"SMITH"},{"data":"Double Tap","floor":32,"key":"SMITH"},{"floor":45,"key":"RECALL"},{"floor":47,"key":"REST"},{"floor":49,"key":"DIG"}],"neow_cost":"NONE","seed_source_timestamp":1118546671605800,"circlet_count":0,"master_deck":["Strike_R","Strike_R","Strike_R","Defend_R+1","Defend_R","Defend_R","Defend_R","Bash+1","Disarm","Cleave","Wild Strike","Wild Strike","Sword Boomerang+1","Battle Trance+1","Armaments+1","Double Tap+1","Demon Form+1","Headbutt","Thunderclap","Anger","Sword Boomerang+1","Rampage+1","Cleave+1","Perfected Strike+1","Cleave+1","Shockwave+1","Shrug It Off","Bludgeon+1","Rupture+1","Whirlwind+1","Thunderclap+1","Corruption"],"relics":["Burning Blood","NeowsBlessing","Anchor","Boot","Vajra","Tiny Chest","Oddly Smooth Stone","Membership Card","Bronze Scales","Busted Crown","Smiling Mask","Strawberry","Lantern","Molten Egg 2","Fusion Hammer","Bottled Tornado","Juzu Bracelet","Prayer Wheel","Shovel","Bag of Preparation"],"potions_floor_usage":[8,25,25,25,39,48],"damage_taken":[{"damage":0,"enemies":"Small Slimes","floor":1,"turns":1},{"damage":0,"enemies":"3 Sentries","floor":6,"turns":1},{"damage":0,"enemies":"2 Louse","floor":7,"turns":1},{"damage":4,"enemies":"Gremlin Nob","floor":8,"turns":3},{"damage":14,"enemies":"3 Sentries","floor":10,"turns":6},{"damage":0,"enemies":"Cultist","floor":14,"turns":2},{"damage":22,"enemies":"The Guardian","floor":16,"turns":10},{"damage":4,"enemies":"2 Thieves","floor":18,"turns":2},{"damage":0,"enemies":"3 Byrds","floor":20,"turns":2},{"damage":18,"enemies":"Centurion and Healer","floor":22,"turns":3},{"damage":13,"enemies":"Book of Stabbing","floor":23,"turns":4},{"damage":21,"enemies":"Slavers","floor":25,"turns":3},{"damage":0,"enemies":"Snecko","floor":27,"turns":4},{"damage":6,"enemies":"3 Cultists","floor":29,"turns":3},{"damage":11,"enemies":"Snake Plant","floor":31,"turns":3},{"damage":35,"enemies":"Collector","floor":33,"turns":6},{"damage":3,"enemies":"3 Shapes","floor":35,"turns":3},{"damage":5,"enemies":"Orb Walker","floor":37,"turns":2},{"damage":12,"enemies":"4 Shapes","floor":39,"turns":2},{"damage":22,"enemies":"Nemesis","floor":40,"turns":5},{"damage":0,"enemies":"Spire Growth","floor":41,"turns":3},{"damage":8,"enemies":"2 Orb Walkers","floor":42,"turns":3},{"damage":11,"enemies":"Reptomancer","floor":46,"turns":4},{"damage":14,"enemies":"Jaw Worm Horde","floor":48,"turns":2},{"damage":99,"enemies":"Time Eater","floor":50,"turns":7}],"seed_played":"-3432254528582563949","potions_obtained":[{"floor":6,"key":"AttackPotion"},{"floor":8,"key":"GamblersBrew"},{"floor":10,"key":"Swift Potion"},{"floor":16,"key":"Explosive Potion"},{"floor":20,"key":"Energy Potion"},{"floor":25,"key":"EssenceOfSteel"},{"floor":27,"key":"SteroidPotion"},{"floor":36,"key":"Explosive Potion"},{"floor":40,"key":"SkillPotion"},{"floor":41,"key":"PowerPotion"}],"is_trial":false,"path_per_floor":["M","?","?","$","?","E","M","E","T","E","R","?","$","M","R","B",null,"M","?","M","?","M","E","R","E","T","M","R","M","$","M","R","B",null,"M","?","M","T","M","E","M","?","T","?","R","E","R","M","R","B"],"character_chosen":"IRONCLAD","items_purchased":["Anchor","Membership Card","Bronze Scales","Battle Trance","Molten Egg 2","Sword Boomerang+1","Rampage+1"],"campfire_rested":1,"item_purchase_floors":[4,13,13,13,30,30,30],"current_hp_per_floor":[80,80,64,64,64,70,76,78,78,70,70,70,70,76,76,60,80,80,80,80,80,68,61,61,53,53,59,59,59,59,54,54,25,87,87,87,87,87,81,65,71,69,69,61,61,56,82,74,74,0],"gold":327,"neow_bonus":"THREE_ENEMY_KILL","is_prod":false,"is_daily":false,"chose_seed":false,"campfire_upgraded":5,"win_rate":0,"timestamp":1562631664,"path_taken":["M","?","?","$","?","E","?","E","T","E","R","?","$","?","R","BOSS","M","?","?","?","M","E","R","E","T","M","R","M","$","M","R","BOSS","M","?","?","?","M","E","M","?","T","?","R","E","R","M","R","BOSS"],"build_version":"2019-07-05","purchased_purges":1,"victory":false,"max_hp_per_floor":[80,80,80,80,80,80,80,80,80,80,80,80,80,80,80,80,80,80,80,80,80,80,80,80,87,87,87,87,87,87,87,87,87,87,87,87,87,87,87,87,87,87,87,87,87,87,87,87,87,87],"card_choices":[{"not_picked":["Flex","Havoc"],"picked":"Disarm","floor":1},{"not_picked":["Warcry","Inflame"],"picked":"Cleave","floor":6},{"not_picked":["Sentinel","Twin Strike"],"picked":"Wild Strike","floor":7},{"not_picked":["Body Slam","Clash"],"picked":"Wild Strike","floor":8},{"not_picked":["Entrench","Headbutt"],"picked":"Sword Boomerang","floor":10},{"not_picked":["Hemokinesis","Battle Trance"],"picked":"Armaments","floor":14},{"not_picked":["Reaper","Bludgeon"],"picked":"Double Tap","floor":16},{"not_picked":["Rage"],"picked":"SKIP","floor":18},{"not_picked":["Blood for Blood"],"picked":"SKIP","floor":20},{"not_picked":[],"picked":"Headbutt","floor":22},{"not_picked":["Sentinel"],"picked":"SKIP","floor":23},{"not_picked":["Dark Embrace"],"picked":"SKIP","floor":25},{"not_picked":[],"picked":"Thunderclap","floor":27},{"not_picked":[],"picked":"Anger","floor":29},{"not_picked":[],"picked":"Cleave+1","floor":31},{"not_picked":[],"picked":"Perfected Strike+1","floor":35},{"not_picked":[],"picked":"Cleave+1","floor":37},{"not_picked":[],"picked":"Shockwave+1","floor":39},{"not_picked":[],"picked":"Shrug It Off","floor":40},{"not_picked":[],"picked":"Bludgeon+1","floor":41},{"not_picked":[],"picked":"Rupture+1","floor":42},{"not_picked":[],"picked":"Whirlwind+1","floor":46},{"not_picked":[],"picked":"Thunderclap+1","floor":48},{"not_picked":[],"picked":"Corruption","floor":48}],"player_experience":593127,"relics_obtained":[{"floor":6,"key":"Boot"},{"floor":8,"key":"Vajra"},{"floor":9,"key":"Tiny Chest"},{"floor":10,"key":"Oddly Smooth Stone"},{"floor":23,"key":"Smiling Mask"},{"floor":25,"key":"Strawberry"},{"floor":26,"key":"Lantern"},{"floor":38,"key":"Bottled Tornado"},{"floor":40,"key":"Juzu Bracelet"},{"floor":42,"key":"Prayer Wheel"},{"floor":46,"key":"Shovel"},{"floor":49,"key":"Bag of Preparation"}],"event_choices":[{"damage_healed":0,"gold_gain":175,"player_choice":"AGREE","damage_taken":0,"max_hp_gain":0,"max_hp_loss":0,"event_name":"Liars Game","floor":2,"gold_loss":0,"cards_obtained":["Doubt"]},{"damage_healed":0,"gold_gain":0,"player_choice":"Entered Light","damage_taken":16,"max_hp_gain":0,"max_hp_loss":0,"event_name":"Shining Light","floor":3,"gold_loss":0,"cards_upgraded":["Defend_R","Bash"]},{"damage_healed":0,"gold_gain":100,"player_choice":"Pray","damage_taken":0,"max_hp_gain":0,"max_hp_loss":0,"event_name":"Golden Shrine","floor":5,"gold_loss":0},{"cards_removed":["Strike_R"],"damage_healed":0,"gold_gain":0,"player_choice":"Offered Basic","damage_taken":0,"max_hp_gain":0,"max_hp_loss":0,"event_name":"Bonfire Elementals","floor":12,"gold_loss":0},{"damage_healed":0,"gold_gain":0,"player_choice":"1 cards matched","damage_taken":0,"max_hp_gain":0,"max_hp_loss":0,"event_name":"Match and Keep!","floor":19,"gold_loss":0,"cards_obtained":["Demon Form"]},{"cards_removed":["Strike_R"],"damage_healed":0,"gold_gain":0,"player_choice":"Gave Gold","damage_taken":0,"max_hp_gain":0,"max_hp_loss":0,"event_name":"Beggar","floor":21,"gold_loss":75},{"damage_healed":0,"gold_gain":0,"player_choice":"Got Potions","damage_taken":0,"max_hp_gain":0,"max_hp_loss":0,"event_name":"Lab","floor":36,"gold_loss":0},{"damage_healed":0,"gold_gain":0,"player_choice":"Fight","damage_taken":0,"max_hp_gain":0,"max_hp_loss":0,"event_name":"Mysterious Sphere","floor":42,"gold_loss":0},{"damage_healed":0,"gold_gain":0,"player_choice":"Damaged","damage_taken":8,"max_hp_gain":0,"max_hp_loss":0,"event_name":"Wheel of Change","floor":44,"gold_loss":0}],"is_beta":false,"boss_relics":[{"not_picked":["Tiny House","Runic Pyramid"],"picked":"Busted Crown"},{"not_picked":["Mark of Pain","Empty Cage"],"picked":"Fusion Hammer"}],"items_purged_floors":[4],"is_endless":false,"potions_floor_spawned":[6,8,10,16,20,25,27,37,40,41,42],"killed_by":"Time Eater","ascension_level":1}