{"gold_per_floor":[111,130,149,163,183,209,209,209,209,223,237,237,237,253,253,351,351,363,394,394,407,426,426,426],"floor_reached":24,"playtime":1805,"items_purged":[],"score":227,"play_id":"f7f9f3e9-df89-4606-87f2-565ab29f81a4","local_time":"20190212185510","is_ascension_mode":false,"campfire_choices":[{"floor":7,"key":"RECALL"},{"floor":13,"key":"REST"},{"floor":15,"key":"REST"},{"floor":23,"key":"REST"}],"neow_cost":"NONE","seed_source_timestamp":426809115178444,"circlet_count":0,"master_deck":["Strike_B","Strike_B","Strike_B","Strike_B","Defend_B","Defend_B","Defend_B","Defend_B","Zap","Dualcast+1","Biased Cognition","Ball Lightning","Ball Lightning","Ball Lightning","Reprogram+1","Steam","Streamline","Go for the Eyes","Tempest","Rip and Tear","Go for the Eyes","Buffer","Glacier+1","Darkness","Defragment","Fission","Ball Lightning"],"relics":["Cracked Core","War Paint","Cables","Black Star","Red Mask","Nloth\u0027s Gift"],"potions_floor_usage":[10,11,18],"damage_taken":[{"damage":1,"enemies":"Jaw Worm","floor":1,"turns":3},{"damage":1,"enemies":"Cultist","floor":2,"turns":3},{"damage":0,"enemies":"2 Louse","floor":3,"turns":2},{"damage":16,"enemies":"Lots of Slimes","floor":4,"turns":3},{"damage":7,"enemies":"2 Fungi Beasts","floor":5,"turns":2},{"damage":19,"enemies":"3 Sentries","floor":6,"turns":5},{"damage":5,"enemies":"Gremlin Gang","floor":10,"turns":2},{"damage":5,"enemies":"Blue Slaver","floor":11,"turns":2},{"damage":0,"enemies":"3 Louse","floor":14,"turns":1},{"damage":44,"enemies":"The Guardian","floor":16,"turns":7},{"damage":3,"enemies":"3 Byrds","floor":18,"turns":3},{"damage":13,"enemies":"Masked Bandits","floor":19,"turns":5},{"damage":5,"enemies":"Spheric Guardian","floor":21,"turns":3},{"damage":39,"enemies":"Cultist and Chosen","floor":22,"turns":7},{"damage":38,"enemies":"Slavers","floor":24,"turns":3}],"seed_played":"-8200062006005508255","potions_obtained":[{"floor":6,"key":"AttackPotion"},{"floor":10,"key":"LiquidBronze"},{"floor":11,"key":"SkillPotion"},{"floor":16,"key":"Fire Potion"},{"floor":19,"key":"Swift Potion"}],"is_trial":false,"path_per_floor":["M","M","M","M","M","E","R","?","T","M","M","?","R","M","R","B",null,"M","?","?","M","M","R","E"],"character_chosen":"DEFECT","items_purchased":[],"campfire_rested":3,"item_purchase_floors":[],"current_hp_per_floor":[74,73,73,57,50,31,31,24,24,19,14,14,36,36,58,14,75,72,59,59,54,15,37,0],"gold":426,"neow_bonus":"ONE_RANDOM_RARE_CARD","is_prod":false,"is_daily":false,"chose_seed":false,"campfire_upgraded":0,"win_rate":0,"timestamp":1550015710,"path_taken":["M","M","M","M","M","E","R","?","T","M","M","?","R","M","R","BOSS","M","?","?","M","M","R","E"],"build_version":"2019-01-23","purchased_purges":0,"victory":false,"max_hp_per_floor":[75,75,75,75,75,75,75,75,75,75,75,75,75,75,75,75,75,75,75,75,75,75,75,75],"card_choices":[{"not_picked":["Sweeping Beam","Rebound"],"picked":"Ball Lightning","floor":1},{"not_picked":["Chill","Coolheaded"],"picked":"Ball Lightning","floor":2},{"not_picked":["Sweeping Beam","Doom and Gloom"],"picked":"Ball Lightning","floor":3},{"not_picked":["Rebound","Compile Driver"],"picked":"Reprogram","floor":4},{"not_picked":["Turbo","Barrage"],"picked":"Steam","floor":5},{"not_picked":["All For One","Chill"],"picked":"Streamline","floor":6},{"not_picked":["Stack","Sweeping Beam"],"picked":"Go for the Eyes","floor":10},{"not_picked":["Turbo","Hologram"],"picked":"Tempest","floor":11},{"not_picked":["Reprogram","Cold Snap"],"picked":"Rip and Tear","floor":14},{"not_picked":["Coolheaded","Barrage"],"picked":"Go for the Eyes","floor":14},{"not_picked":["Seek","Creative AI"],"picked":"Buffer","floor":16},{"not_picked":["Rebound","Stack"],"picked":"Glacier+1","floor":18},{"not_picked":["Conserve Battery","Glacier+1"],"picked":"Darkness","floor":18},{"not_picked":["BootSequence+1","Skim+1"],"picked":"Defragment","floor":19},{"not_picked":["Skim","Steam"],"picked":"Fission","floor":21},{"not_picked":["Go for the Eyes","Streamline"],"picked":"Ball Lightning","floor":22}],"player_experience":216030,"relics_obtained":[{"floor":6,"key":"War Paint"},{"floor":19,"key":"Red Mask"}],"event_choices":[{"damage_healed":0,"gold_gain":0,"player_choice":"Success","damage_taken":7,"relics_obtained":["Cables"],"max_hp_gain":0,"max_hp_loss":0,"event_name":"Scrap Ooze","floor":8,"gold_loss":0},{"damage_healed":0,"gold_gain":0,"player_choice":"Gave Potion","damage_taken":0,"relics_obtained":["Prayer Wheel"],"max_hp_gain":0,"max_hp_loss":0,"event_name":"WeMeetAgain","floor":12,"gold_loss":0},{"damage_healed":0,"gold_gain":0,"player_choice":"Fought Bandits","damage_taken":0,"max_hp_gain":0,"max_hp_loss":0,"event_name":"Masked Bandits","floor":19,"gold_loss":0},{"damage_healed":0,"gold_gain":0,"player_choice":"Traded Relic","damage_taken":0,"relics_obtained":["Nloth\u0027s Gift"],"max_hp_gain":0,"max_hp_loss":0,"event_name":"N\u0027loth","floor":20,"relics_lost":["Prayer Wheel"],"gold_loss":0}],"is_beta":false,"boss_relics":[{"not_picked":["FrozenCore","Velvet Choker"],"picked":"Black Star"}],"items_purged_floors":[],"is_endless":false,"potions_floor_spawned":[6,10,11,16,19],"killed_by":"Slavers","ascension_level":0}