{"gold_per_floor":[109,109,56,56,66,97,97,116,189,204,13,46,46,77,77,173,173,190,204,204,204,204],"floor_reached":22,"playtime":1524,"items_purged":[],"score":202,"play_id":"5b0a3ecc-5080-417e-be82-d448439d4bd9","local_time":"20190620062039","is_ascension_mode":false,"campfire_choices":[{"data":"Deadly Poison","floor":7,"key":"SMITH"},{"floor":15,"key":"REST"}],"neow_cost":"NONE","seed_source_timestamp":326682148143392,"circlet_count":0,"master_deck":["Defend_G","Defend_G","Defend_G","Defend_G","Strike_G","Strike_G","Strike_G+1","Strike_G","Strike_G","Survivor","Neutralize","Poisoned Stab+1","Deadly Poison+1","Quick Slash","Outmaneuver","Dagger Spray","Bane","Terror","Catalyst","Dagger Spray","Dodge and Roll+1","Bane"],"relics":["Eternal Feather","Bag of Marbles","Pen Nib","Darkstone Periapt","TheAbacus","PreservedInsect","Oddly Smooth Stone","Sozu"],"potions_floor_usage":[14,16,16],"damage_taken":[{"damage":5,"enemies":"Jaw Worm","floor":1,"turns":6},{"damage":1,"enemies":"Small Slimes","floor":5,"turns":3},{"damage":20,"enemies":"3 Sentries","floor":6,"turns":10},{"damage":5,"enemies":"2 Louse","floor":8,"turns":2},{"damage":3,"enemies":"Exordium Wildlife","floor":10,"turns":5},{"damage":13,"enemies":"Lagavulin","floor":12,"turns":5},{"damage":2,"enemies":"3 Sentries","floor":14,"turns":5},{"damage":24,"enemies":"The Guardian","floor":16,"turns":7},{"damage":26,"enemies":"Chosen","floor":18,"turns":6},{"damage":16,"enemies":"Spheric Guardian","floor":19,"turns":4},{"damage":30,"enemies":"Snake Plant","floor":22,"turns":3}],"seed_played":"-3826765923186826494","potions_obtained":[{"floor":5,"key":"GamblersBrew"},{"floor":8,"key":"Dexterity Potion"},{"floor":12,"key":"LiquidBronze"}],"is_trial":false,"path_per_floor":["M","?","$","?","M","E","R","M","T","M","$","E","?","E","R","B",null,"M","M","?","?","M"],"character_chosen":"THE_SILENT","items_purchased":["Deadly Poison","TheAbacus"],"campfire_rested":1,"item_purchase_floors":[3,11],"current_hp_per_floor":[65,53,53,53,52,32,41,36,36,33,33,20,6,4,37,13,70,44,28,28,28,0],"gold":204,"neow_bonus":"BOSS_RELIC","is_prod":false,"is_daily":false,"chose_seed":false,"campfire_upgraded":1,"win_rate":0.0,"timestamp":1561029639,"path_taken":["M","?","$","?","M","E","R","M","T","M","$","E","?","E","R","BOSS","M","M","?","?","?"],"build_version":"2019-01-23","purchased_purges":0,"victory":false,"max_hp_per_floor":[70,70,70,70,70,70,70,70,70,70,70,70,70,70,70,70,70,70,70,70,70,70],"card_choices":[{"not_picked":["Distraction","Sucker Punch"],"picked":"Poisoned Stab","floor":1},{"not_picked":["Riddle With Holes","Prepared"],"picked":"Quick Slash","floor":5},{"not_picked":["PiercingWail","Skewer"],"picked":"Outmaneuver","floor":6},{"not_picked":["Sucker Punch","Prepared"],"picked":"Dagger Spray","floor":8},{"not_picked":["Backflip","Tactician"],"picked":"Bane","floor":10},{"not_picked":["Dodge and Roll","Masterful Stab"],"picked":"Terror","floor":12},{"not_picked":["Tactician","Venomology"],"picked":"Catalyst","floor":14},{"not_picked":["Die Die Die","Corpse Explosion"],"picked":"Wraith Form v2","floor":16},{"not_picked":["Acrobatics","Quick Slash+1"],"picked":"Dagger Spray","floor":18},{"not_picked":["Riddle With Holes","Reflex+1"],"picked":"Dodge and Roll+1","floor":19}],"player_experience":53830,"relics_obtained":[{"floor":6,"key":"Pen Nib"},{"floor":9,"key":"Darkstone Periapt"},{"floor":12,"key":"PreservedInsect"},{"floor":14,"key":"Oddly Smooth Stone"}],"event_choices":[{"damage_healed":0,"gold_gain":0,"player_choice":"Success","damage_taken":12,"relics_obtained":["Bag of Marbles"],"max_hp_gain":0,"max_hp_loss":0,"event_name":"Scrap Ooze","floor":2,"gold_loss":0},{"damage_healed":0,"gold_gain":0,"player_choice":"Ignored","damage_taken":0,"max_hp_gain":0,"max_hp_loss":0,"event_name":"Golden Wing","floor":4,"gold_loss":0},{"damage_healed":0,"gold_gain":0,"player_choice":"Entered Light","damage_taken":14,"max_hp_gain":0,"max_hp_loss":0,"event_name":"Shining Light","floor":13,"gold_loss":0,"cards_upgraded":["Strike_G","Poisoned Stab"]},{"cards_removed":["Wraith Form v2"],"damage_healed":0,"gold_gain":0,"player_choice":"Elegance","damage_taken":0,"max_hp_gain":0,"max_hp_loss":0,"event_name":"Back to Basics","floor":20,"gold_loss":0},{"damage_healed":0,"gold_gain":0,"cards_transformed":["Defend_G"],"player_choice":"Transformed","damage_taken":0,"max_hp_gain":0,"max_hp_loss":0,"event_name":"Transmorgrifier","floor":21,"gold_loss":0,"cards_obtained":["Bane"]}],"is_beta":false,"boss_relics":[{"not_picked":["Coffee Dripper","Runic Pyramid"],"picked":"Sozu"}],"items_purged_floors":[],"is_endless":false,"potions_floor_spawned":[5,8,12],"killed_by":"Snake Plant","ascension_level":0}