{"gold_per_floor":[109,122,197,210,210,210,220,233,233,233,267,247,247,267,267,363,363,382,62,75,88,88],"floor_reached":22,"playtime":1205,"items_purged":["Strike_R"],"score":216,"play_id":"19fc7c93-9f44-4179-9938-abff54d13709","local_time":"20190717225237","is_ascension_mode":true,"campfire_choices":[{"data":"Wild Strike","floor":10,"key":"SMITH"},{"data":"Bash","floor":13,"key":"SMITH"},{"data":"Inflame","floor":15,"key":"SMITH"}],"neow_cost":"NONE","seed_source_timestamp":508263990867500,"circlet_count":0,"master_deck":["Strike_R","Strike_R","Strike_R","Strike_R","Defend_R","Defend_R","Defend_R","Defend_R","Bash+1","Dropkick","Flex","Armaments","Wild Strike+1","Inflame+1","Offering","Warcry","Shrug It Off"],"relics":["Burning Blood","Bronze Scales","Champion Belt","Sundial","WingedGreaves","Mark of Pain","HandDrill"],"potions_floor_usage":[11,16,21],"damage_taken":[{"damage":2,"enemies":"Jaw Worm","floor":1,"turns":3},{"damage":15,"enemies":"Small Slimes","floor":2,"turns":4},{"damage":0,"enemies":"Cultist","floor":4,"turns":2},{"damage":2,"enemies":"3 Louse","floor":7,"turns":4},{"damage":13,"enemies":"Large Slime","floor":8,"turns":3},{"damage":30,"enemies":"Lagavulin","floor":11,"turns":5},{"damage":11,"enemies":"Lots of Slimes","floor":14,"turns":4},{"damage":19,"enemies":"Hexaghost","floor":16,"turns":8},{"damage":13,"enemies":"3 Byrds","floor":18,"turns":3},{"damage":10,"enemies":"Shell Parasite","floor":20,"turns":4},{"damage":21,"enemies":"3 Cultists","floor":21,"turns":6},{"damage":20,"enemies":"Centurion and Healer","floor":22,"turns":4}],"seed_played":"-5782118312700012235","potions_obtained":[{"floor":1,"key":"Regen Potion"},{"floor":2,"key":"BloodPotion"},{"floor":8,"key":"Swift Potion"},{"floor":12,"key":"FairyPotion"},{"floor":16,"key":"Block Potion"}],"is_trial":false,"path_per_floor":["M","M","?","M","?","T","M","M","T","R","E","?","R","M","R","B",null,"M","$","M","M","M"],"character_chosen":"IRONCLAD","items_purchased":["HandDrill","Shrug It Off"],"campfire_rested":0,"item_purchase_floors":[19,19],"current_hp_per_floor":[88,79,68,74,71,71,75,68,68,68,58,58,58,53,53,40,88,81,81,77,62,42],"gold":88,"neow_bonus":"TEN_PERCENT_HP_BONUS","is_prod":false,"is_daily":false,"chose_seed":false,"campfire_upgraded":3,"win_rate":0,"timestamp":1563418357,"path_taken":["M","M","?","M","?","?","M","M","T","R","E","?","R","M","R","BOSS","M","$","M","?","M"],"build_version":"2019-07-17","purchased_purges":1,"victory":false,"max_hp_per_floor":[88,88,88,88,88,88,88,88,88,88,88,88,88,88,88,88,88,88,88,88,88,88],"card_choices":[{"not_picked":["True Grit","Sword Boomerang"],"picked":"Dropkick","floor":1},{"not_picked":["Thunderclap","Shrug It Off"],"picked":"Flex","floor":2},{"not_picked":["Infernal Blade","Combust"],"picked":"Armaments","floor":4},{"not_picked":["True Grit","Warcry","Heavy Blade"],"picked":"SKIP","floor":7},{"not_picked":["Clothesline","Heavy Blade"],"picked":"Wild Strike","floor":8},{"not_picked":["Dual Wield","Dropkick"],"picked":"Inflame","floor":11},{"not_picked":["Bloodletting","Dropkick","Shockwave"],"picked":"SKIP","floor":14},{"not_picked":["Berserk","Barricade"],"picked":"Offering","floor":16},{"not_picked":["Wild Strike","Iron Wave"],"picked":"Warcry","floor":18},{"not_picked":["Dual Wield","Wild Strike","Spot Weakness"],"picked":"SKIP","floor":20},{"not_picked":["Thunderclap","Havoc","Feel No Pain"],"picked":"SKIP","floor":21}],"player_experience":737331,"relics_obtained":[{"floor":6,"key":"Champion Belt"},{"floor":9,"key":"Sundial"},{"floor":11,"key":"WingedGreaves"}],"event_choices":[{"damage_healed":0,"gold_gain":75,"player_choice":"Gather Gold","damage_taken":11,"max_hp_gain":0,"max_hp_loss":0,"event_name":"World of Goop","floor":3,"gold_loss":0},{"damage_healed":0,"gold_gain":0,"player_choice":"Success","damage_taken":3,"relics_obtained":["Bronze Scales"],"max_hp_gain":0,"max_hp_loss":0,"event_name":"Scrap Ooze","floor":5,"gold_loss":0},{"damage_healed":0,"gold_gain":0,"player_choice":"Bought 1 Potion","damage_taken":0,"max_hp_gain":0,"max_hp_loss":0,"event_name":"The Woman in Blue","floor":12,"gold_loss":0}],"is_beta":false,"boss_relics":[{"not_picked":["Velvet Choker","Runic Pyramid"],"picked":"Mark of Pain"}],"items_purged_floors":[19],"is_endless":false,"potions_floor_spawned":[1,2,8,16,18],"killed_by":"Centurion and Healer","ascension_level":3}