{"gold_per_floor":[119,194,214,214,226,260,23,23],"floor_reached":8,"playtime":361,"items_purged":[],"score":92,"play_id":"0e5e81ec-1465-4a61-9011-58168e89bd64","local_time":"20190716193429","is_ascension_mode":true,"campfire_choices":[],"neow_cost":"NONE","seed_source_timestamp":1808493593472500,"circlet_count":0,"master_deck":["AscendersBane","Strike_R","Strike_R","Strike_R","Strike_R","Strike_R","Defend_R","Defend_R","Defend_R","Defend_R","Bash","Pommel Strike","Ghostly Armor","Shockwave","Thunderclap","Impervious","Dropkick","Armaments"],"relics":["Burning Blood","Nunchaku","Boot","Bag of Marbles"],"potions_floor_usage":[],"damage_taken":[{"damage":11,"enemies":"Jaw Worm","floor":1,"turns":4},{"damage":7,"enemies":"2 Louse","floor":3,"turns":3},{"damage":0,"enemies":"Cultist","floor":5,"turns":3},{"damage":46,"enemies":"Lagavulin","floor":6,"turns":9},{"damage":23,"enemies":"3 Sentries","floor":8,"turns":7}],"seed_played":"5114902704744187647","potions_obtained":[{"floor":1,"key":"Strength Potion"},{"floor":6,"key":"FearPotion"}],"is_trial":false,"path_per_floor":["M","?","M","?","M","E","$","E"],"character_chosen":"IRONCLAD","items_purchased":["Bag of Marbles","Dropkick","Armaments"],"campfire_rested":0,"item_purchase_floors":[7,7,7],"current_hp_per_floor":[67,56,55,55,61,21,21,0],"gold":23,"neow_bonus":"THREE_CARDS","is_prod":false,"is_daily":false,"chose_seed":false,"campfire_upgraded":0,"win_rate":0,"timestamp":1563320069,"path_taken":["M","?","M","?","?","E","?","E"],"build_version":"2019-07-05","purchased_purges":0,"victory":false,"max_hp_per_floor":[80,80,80,80,80,80,80,80],"card_choices":[{"not_picked":["Perfected Strike","True Grit"],"picked":"Pommel Strike","floor":0},{"not_picked":["Warcry","True Grit"],"picked":"Ghostly Armor","floor":1},{"not_picked":["True Grit","Sword Boomerang"],"picked":"Shockwave","floor":3},{"not_picked":["Heavy Blade","Flex"],"picked":"Thunderclap","floor":5},{"not_picked":["Anger","Body Slam"],"picked":"Impervious","floor":6}],"player_experience":649483,"relics_obtained":[{"floor":6,"key":"Boot"}],"event_choices":[{"damage_healed":0,"gold_gain":75,"player_choice":"Gather Gold","damage_taken":11,"max_hp_gain":0,"max_hp_loss":0,"event_name":"World of Goop","floor":2,"gold_loss":0},{"damage_healed":0,"gold_gain":0,"player_choice":"Gave Potion","damage_taken":0,"relics_obtained":["Nunchaku"],"max_hp_gain":0,"max_hp_loss":0,"event_name":"WeMeetAgain","floor":4,"gold_loss":0}],"is_beta":false,"boss_relics":[],"items_purged_floors":[],"is_endless":false,"potions_floor_spawned":[1,6],"killed_by":"3 Sentries","ascension_level":13}