{"gold_per_floor":[12,31,31,31,97,132,149,149,175,207,207,120,120,120,120,217,217,227,246,256,270,270,286,286,16,16,28,28,63,73,91,91,191,191,205,222,239,239,259,35,35],"floor_reached":41,"playtime":3358,"items_purged":[],"score":475,"play_id":"e6c017db-6db4-4972-96da-7e6654ad18e3","local_time":"20190210161819","is_ascension_mode":false,"campfire_choices":[{"floor":8,"key":"RECALL"},{"floor":11,"key":"REST"},{"data":"Defragment","floor":13,"key":"SMITH"},{"data":"Redo","floor":15,"key":"SMITH"},{"data":"Static Discharge","floor":32,"key":"SMITH"}],"neow_cost":"NO_GOLD","seed_source_timestamp":243047217775297,"circlet_count":0,"master_deck":["Defend_B","Defend_B+1","Defend_B","Defend_B","Zap","Dualcast+1","Reinforced Body+1","Redo+1","Core Surge","Electrodynamics","Conserve Battery","Ball Lightning+1","Defragment+1","All For One+1","Barrage+1","Defragment","Doom and Gloom+1","Recycle+1","Cold Snap+1","Bite+1","Bite+1","Bite+1","Bite+1","Bite+1","Static Discharge+1","Leap","Steam+1","Melter+1","Stack","Undo+1","Thunder Strike+1","Beam Cell+1","Sunder+1","Conserve Battery+1","Dramatic Entrance+1","Tempest","Double Energy"],"relics":["Cracked Core","Peace Pipe","Smiling Mask","Molten Egg 2","Runic Pyramid","Bottled Tornado","Happy Flower","War Paint","Anchor","Inserter","Bag of Marbles"],"potions_floor_usage":[7,10,19,29,29,31,37,39],"damage_taken":[{"damage":5,"enemies":"2 Louse","floor":1,"turns":4},{"damage":2,"enemies":"Small Slimes","floor":2,"turns":5},{"damage":13,"enemies":"Lagavulin","floor":6,"turns":7},{"damage":6,"enemies":"Cultist","floor":7,"turns":3},{"damage":18,"enemies":"Gremlin Nob","floor":10,"turns":3},{"damage":7,"enemies":"The Guardian","floor":16,"turns":9},{"damage":7,"enemies":"Shell Parasite","floor":18,"turns":5},{"damage":5,"enemies":"2 Thieves","floor":19,"turns":3},{"damage":16,"enemies":"Centurion and Healer","floor":20,"turns":6},{"damage":27,"enemies":"Snake Plant","floor":21,"turns":4},{"damage":15,"enemies":"Cultist and Chosen","floor":23,"turns":5},{"damage":0,"enemies":"3 Cultists","floor":27,"turns":3},{"damage":13,"enemies":"Slavers","floor":29,"turns":5},{"damage":2,"enemies":"Centurion and Healer","floor":30,"turns":4},{"damage":0,"enemies":"Snake Plant","floor":31,"turns":4},{"damage":32,"enemies":"Automaton","floor":33,"turns":8},{"damage":4,"enemies":"3 Shapes","floor":35,"turns":3},{"damage":1,"enemies":"3 Darklings","floor":36,"turns":4},{"damage":36,"enemies":"Writhing Mass","floor":37,"turns":5},{"damage":6,"enemies":"4 Shapes","floor":39,"turns":3},{"damage":59,"enemies":"Nemesis","floor":41,"turns":3}],"seed_played":"-2508228136916780035","potions_obtained":[{"floor":2,"key":"PowerPotion"},{"floor":6,"key":"FearPotion"},{"floor":16,"key":"Energy Potion"},{"floor":21,"key":"Explosive Potion"},{"floor":23,"key":"Swift Potion"},{"floor":29,"key":"FearPotion"},{"floor":35,"key":"EssenceOfSteel"},{"floor":36,"key":"SteroidPotion"}],"is_trial":false,"path_per_floor":["M","M","?","?","?","E","M","R","T","E","R","$","R","?","R","B",null,"M","M","M","M","T","M","?","$","T","M","$","E","M","M","R","B",null,"M","M","M","?","M","$","E"],"character_chosen":"DEFECT","items_purchased":["Ball Lightning+1","Defragment","Happy Flower","Static Discharge","Leap","Bag of Marbles","Double Energy"],"campfire_rested":1,"item_purchase_floors":[12,12,25,25,25,40,40],"current_hp_per_floor":[70,68,68,53,53,40,34,34,34,16,38,38,38,75,75,68,75,68,63,47,20,20,5,5,5,5,11,11,13,23,38,38,18,52,52,51,25,25,25,25,0],"gold":35,"neow_bonus":"ONE_RARE_RELIC","is_prod":false,"is_daily":false,"chose_seed":false,"campfire_upgraded":3,"win_rate":0,"timestamp":1549833499,"path_taken":["M","M","?","?","?","E","M","R","T","E","R","$","R","?","R","BOSS","M","M","M","M","?","?","?","?","T","M","$","E","M","M","R","BOSS","M","M","M","?","M","$","E"],"build_version":"2019-01-23","purchased_purges":0,"victory":false,"max_hp_per_floor":[75,75,75,75,75,75,75,75,75,75,75,75,75,75,75,75,75,75,75,75,75,75,75,52,52,52,52,52,52,52,52,52,52,52,52,52,52,52,52,52,52],"card_choices":[{"not_picked":["Turbo","Skim"],"picked":"Reinforced Body","floor":1},{"not_picked":["Rebound","Streamline"],"picked":"Redo","floor":2},{"not_picked":["Undo","Heatsinks"],"picked":"Electrodynamics","floor":6},{"not_picked":["Coolheaded","Chill"],"picked":"Rip and Tear","floor":7},{"not_picked":["Turbo","Fission"],"picked":"Conserve Battery","floor":10},{"not_picked":["Seek","Buffer"],"picked":"All For One+1","floor":16},{"not_picked":["Steam","Heatsinks"],"picked":"Barrage+1","floor":18},{"not_picked":["Aggregate+1","Steam"],"picked":"Defragment","floor":19},{"not_picked":["Steam Power","Leap+1"],"picked":"Doom and Gloom+1","floor":20},{"not_picked":["Gash+1","Leap"],"picked":"Recycle","floor":21},{"not_picked":["Coolheaded","Gash+1"],"picked":"Cold Snap+1","floor":23},{"not_picked":["Hologram+1","Rebound+1"],"picked":"Steam+1","floor":27},{"not_picked":["Multi-Cast","Redo"],"picked":"Melter+1","floor":29},{"not_picked":["Lockon+1","Static Discharge"],"picked":"Stack","floor":30},{"not_picked":["Ball Lightning+1","Sweeping Beam+1"],"picked":"Undo+1","floor":31},{"not_picked":["Machine Learning","Rainbow"],"picked":"Thunder Strike+1","floor":33},{"not_picked":["Leap","Force Field+1"],"picked":"Beam Cell+1","floor":35},{"not_picked":["Recycle","Coolheaded+1"],"picked":"Sunder+1","floor":36},{"not_picked":["BootSequence+1","Creative AI"],"picked":"Conserve Battery+1","floor":37},{"not_picked":["Deep Breath","Mayhem"],"picked":"Dramatic Entrance+1","floor":38},{"not_picked":["Coolheaded","Ball Lightning+1"],"picked":"Tempest","floor":39}],"player_experience":210895,"relics_obtained":[{"floor":6,"key":"Smiling Mask"},{"floor":10,"key":"Molten Egg 2"},{"floor":22,"key":"Bottled Tornado"},{"floor":26,"key":"War Paint"},{"floor":29,"key":"Anchor"}],"event_choices":[{"damage_healed":0,"gold_gain":0,"cards_transformed":["Strike_B"],"player_choice":"Change","damage_taken":0,"max_hp_gain":0,"max_hp_loss":0,"event_name":"Living Wall","floor":3,"gold_loss":0,"cards_obtained":["Core Surge"]},{"damage_healed":0,"gold_gain":0,"player_choice":"Entered Light","damage_taken":15,"max_hp_gain":0,"max_hp_loss":0,"event_name":"Shining Light","floor":4,"gold_loss":0,"cards_upgraded":["Dualcast","Reinforced Body"]},{"damage_healed":0,"gold_gain":66,"player_choice":"Gained Gold","damage_taken":0,"max_hp_gain":0,"max_hp_loss":0,"event_name":"Golden Wing","floor":5,"gold_loss":0},{"cards_removed":["Rip and Tear"],"damage_healed":37,"gold_gain":0,"player_choice":"Offered Uncommon","damage_taken":0,"max_hp_gain":0,"max_hp_loss":0,"event_name":"Bonfire Elementals","floor":14,"gold_loss":0},{"damage_healed":0,"gold_gain":0,"player_choice":"Became a vampire","damage_taken":0,"max_hp_gain":0,"max_hp_loss":23,"event_name":"Vampires","floor":24,"gold_loss":0,"cards_obtained":["Bite","Bite","Bite","Bite","Bite"]},{"damage_healed":0,"gold_gain":0,"player_choice":"Memory 1","damage_taken":0,"max_hp_gain":0,"max_hp_loss":0,"event_name":"SensoryStone","floor":38,"gold_loss":0}],"is_beta":false,"boss_relics":[{"not_picked":["Empty Cage","Snecko Eye"],"picked":"Runic Pyramid"},{"not_picked":["Sozu","Tiny House"],"picked":"Inserter"}],"items_purged_floors":[],"is_endless":false,"potions_floor_spawned":[2,6,16,21,23,29,35,36],"killed_by":"Nemesis","ascension_level":0}