{"gold_per_floor":[111,122,122,122,87,117,117,134,134,134,149,166,176,194,194,268,268,283,283,283,302,302,302,302,302,379,393,411,336,336],"floor_reached":30,"playtime":931,"items_purged":[],"score":599,"play_id":"0267688d-730f-4056-96e1-66fda0263b09","local_time":"20190304132128","is_ascension_mode":true,"campfire_choices":[{"data":"Inflame","floor":7.0,"key":"SMITH"},{"data":"Regret","floor":10.0,"key":"PURGE"},{"data":"Armaments","floor":15,"key":"SMITH"},{"data":"Writhe","floor":23,"key":"PURGE"},{"data":"Juggernaut","floor":25,"key":"SMITH"}],"neow_cost":"NONE","seed_source_timestamp":7751338581755,"circlet_count":0,"master_deck":["AscendersBane","Defend_R","Defend_R","Defend_R","Defend_R","Bash","Inflame+1","Fire Breathing","Heavy Blade","Shrug It Off","Seeing Red","Armaments+1","Juggernaut+1","Double Tap","Immolate+1","Entrench+1","Sever Soul+1","Armaments+1","Shrug It Off+1","Double Tap","True Grit","Inflame+1","Body Slam+1","Clothesline"],"special_seed":0,"relics":["Burning Blood","NeowsBlessing","StoneCalendar","Peace Pipe","Lantern","FossilizedHelix","Astrolabe","Frozen Egg 2","Dodecahedron"],"potions_floor_usage":[16,18,28,30],"damage_taken":[{"damage":0.0,"enemies":"Cultist","floor":1.0,"turns":1.0},{"damage":0.0,"enemies":"Jaw Worm","floor":2.0,"turns":1.0},{"damage":0.0,"enemies":"Gremlin Nob","floor":6.0,"turns":1.0},{"damage":3.0,"enemies":"Small Slimes","floor":8.0,"turns":2.0},{"damage":0.0,"enemies":"Exordium Wildlife","floor":11.0,"turns":3.0},{"damage":0,"enemies":"Looter","floor":12,"turns":2},{"damage":9,"enemies":"Lots of Slimes","floor":13,"turns":5},{"damage":0,"enemies":"2 Fungi Beasts","floor":14,"turns":3},{"damage":0,"enemies":"Slime Boss","floor":16,"turns":9},{"damage":8,"enemies":"3 Byrds","floor":18,"turns":4},{"damage":9,"enemies":"Chosen","floor":21,"turns":5},{"damage":38,"enemies":"Shelled Parasite and Fungi","floor":27,"turns":10},{"damage":34,"enemies":"Centurion and Healer","floor":28,"turns":7},{"damage":19,"enemies":"Snake Plant","floor":30,"turns":3}],"seed_played":"1210665731941996680","potions_obtained":[{"floor":1.0,"key":"GamblersBrew"},{"floor":8.0,"key":"PowerPotion"},{"floor":16,"key":"Fire Potion"},{"floor":28,"key":"BloodPotion"}],"is_trial":false,"path_per_floor":["M","M","?","?","?","E","R","M","T","R","M","M","M","M","R","B",null,"M","?","?","M","?","R","?","R","T","M","M","?","M"],"character_chosen":"IRONCLAD","items_purchased":[],"campfire_rested":0,"item_purchase_floors":[],"current_hp_per_floor":[74,75,75,57,75,75,75,75,75,75,75,75,72,75,75,75,75,73,73,73,70,70,70,70,70,70,38,10,10,0],"gold":336,"neow_bonus":"THREE_ENEMY_KILL","is_prod":false,"is_daily":false,"chose_seed":false,"campfire_upgraded":3,"win_rate":0,"timestamp":1551723688,"path_taken":["M","M","?","?","?","E","R","M","T","R","M","M","?","M","R","BOSS","M","?","?","?","?","R","?","R","T","?","M","?","M"],"build_version":"2019-02-06","purchased_purges":0,"victory":false,"max_hp_per_floor":[75,75,75,75,75,75,75,75,75,75,75,75,75,75,75,75,75,75,75,75,75,75,75,75,75,75,75,75,75,75],"card_choices":[{"not_picked":["Hemokinesis","Seeing Red"],"picked":"Perfected Strike","floor":1.0},{"not_picked":["Blood for Blood","Iron Wave"],"picked":"Inflame","floor":2.0},{"not_picked":["Fiend Fire","Pommel Strike"],"picked":"Fire Breathing","floor":6.0},{"not_picked":["Combust","Flex"],"picked":"Heavy Blade","floor":8.0},{"not_picked":["Headbutt","Infernal Blade"],"picked":"Shrug It Off","floor":11.0},{"not_picked":["Havoc","Clash"],"picked":"Seeing Red","floor":12},{"not_picked":["Heavy Blade","True Grit"],"picked":"Armaments","floor":13},{"not_picked":["Cleave","Clothesline"],"picked":"Juggernaut","floor":14},{"not_picked":["Bludgeon","Dark Embrace"],"picked":"Double Tap","floor":16},{"not_picked":["True Grit","Infernal Blade"],"picked":"Armaments+1","floor":18},{"not_picked":["Clash+1","Combust+1"],"picked":"Shrug It Off+1","floor":21},{"not_picked":["Thunderclap","Cleave"],"picked":"Body Slam+1","floor":27},{"not_picked":["Body Slam+1","Immolate"],"picked":"Clothesline","floor":28}],"player_experience":1027686,"relics_obtained":[{"floor":6.0,"key":"Lantern"},{"floor":9.0,"key":"FossilizedHelix"},{"floor":26,"key":"Dodecahedron"}],"event_choices":[{"damage_healed":0.0,"max_hp_gain":0.0,"max_hp_loss":0.0,"gold_gain":0.0,"event_name":"Big Fish","player_choice":"Box","floor":3.0,"gold_loss":0.0,"damage_taken":0.0,"relics_obtained":["StoneCalendar"],"cards_obtained":["Regret"]},{"damage_healed":0.0,"max_hp_gain":0.0,"max_hp_loss":0.0,"gold_gain":0.0,"event_name":"Scrap Ooze","player_choice":"Success","floor":4.0,"gold_loss":0.0,"damage_taken":18.0,"relics_obtained":["Peace Pipe"]},{"damage_healed":18.0,"max_hp_gain":0.0,"max_hp_loss":0.0,"gold_gain":0.0,"event_name":"The Cleric","player_choice":"Healed","floor":5.0,"gold_loss":35.0,"damage_taken":0.0},{"damage_healed":0,"gold_gain":0,"player_choice":"Opened","damage_taken":0,"relics_obtained":["Frozen Egg 2"],"max_hp_gain":0,"max_hp_loss":0,"event_name":"The Mausoleum","floor":19,"gold_loss":0,"cards_obtained":["Writhe"]},{"damage_healed":0,"gold_gain":0,"cards_transformed":["Strike_R"],"player_choice":"Transformed","damage_taken":0,"max_hp_gain":0,"max_hp_loss":0,"event_name":"Transmorgrifier","floor":20,"gold_loss":0,"cards_obtained":["Sever Soul"]},{"damage_healed":0,"gold_gain":0,"cards_transformed":["Strike_R","Perfected Strike"],"player_choice":"Became Test Subject","damage_taken":0,"max_hp_gain":0,"max_hp_loss":0,"event_name":"Drug Dealer","floor":22,"gold_loss":0,"cards_obtained":["Double Tap","True Grit"]},{"damage_healed":0,"gold_gain":0,"player_choice":"Copied","damage_taken":0,"max_hp_gain":0,"max_hp_loss":0,"event_name":"Duplicator","floor":24,"gold_loss":0,"cards_obtained":["Inflame"]},{"cards_removed":["Sever Soul"],"damage_healed":0,"gold_gain":0,"player_choice":"Gave Gold","damage_taken":0,"max_hp_gain":0,"max_hp_loss":0,"event_name":"Beggar","floor":29,"gold_loss":75}],"is_beta":true,"boss_relics":[{"not_picked":["Coffee Dripper","Runic Pyramid"],"picked":"Astrolabe"}],"items_purged_floors":[],"is_endless":false,"potions_floor_spawned":[1,8,11,12,16,28],"killed_by":"Snake Plant","ascension_level":19}