{"gold_per_floor":[109,36,36,36,211,211,246,246,246,272,285,285,315,331,331,426,426,437,437,128,152,163,188,188,214,214,214,214,231,231],"floor_reached":30,"playtime":1850,"items_purged":["Doubt"],"score":286,"play_id":"9de61078-d07c-4629-bb14-ba962e503517","local_time":"20190612214518","is_ascension_mode":true,"campfire_choices":[{"floor":6,"key":"RECALL"},{"floor":15,"key":"REST"}],"neow_cost":"NONE","seed_source_timestamp":11114522745754,"circlet_count":0,"master_deck":["Strike_B","Strike_B","Strike_B","Strike_B","Defend_B","Zap","Dualcast","Defragment","Defragment+1","Cold Snap","Melter+1","Capacitor","Defragment","Thunder Strike+1","Rip and Tear+1","Steam+1","Double Energy+1","Gash+1","Double Energy+1","Static Discharge","Dramatic Entrance+1","Coolheaded","Ball Lightning+1","Barrage+1","Conserve Battery","Sweeping Beam+1","Decay","Self Repair"],"relics":["Cracked Core","Juzu Bracelet","Thread and Needle","Lantern","Pear","Molten Egg 2","Orichalcum","Astrolabe","Boot","Gremlin Horn","Ornamental Fan","MutagenicStrength"],"potions_floor_usage":[7,16,16,16,25,30],"damage_taken":[{"damage":1,"enemies":"Cultist","floor":1,"turns":3},{"damage":32,"enemies":"Lagavulin","floor":7,"turns":6},{"damage":31,"enemies":"Gremlin Nob","floor":10,"turns":5},{"damage":0,"enemies":"Small Slimes","floor":11,"turns":2},{"damage":2,"enemies":"Jaw Worm","floor":14,"turns":2},{"damage":18,"enemies":"Slime Boss","floor":16,"turns":7},{"damage":0,"enemies":"Spheric Guardian","floor":18,"turns":2},{"damage":15,"enemies":"3 Byrds","floor":22,"turns":4},{"damage":50,"enemies":"Slavers","floor":23,"turns":4},{"damage":24,"enemies":"Gremlin Leader","floor":25,"turns":6},{"damage":3,"enemies":"Sentry and Sphere","floor":29,"turns":5},{"damage":9,"enemies":"Snake Plant","floor":30,"turns":1}],"seed_played":"-8504981206376982056","potions_obtained":[{"floor":4,"key":"Regen Potion"},{"floor":4,"key":"LiquidBronze"},{"floor":4,"key":"FocusPotion"},{"floor":7,"key":"Ancient Potion"},{"floor":18,"key":"FairyPotion"},{"floor":23,"key":"Ancient Potion"},{"floor":25,"key":"SteroidPotion"}],"is_trial":false,"path_per_floor":["M","$","?","?","?","R","E","?","T","E","M","T","?","M","R","B",null,"M","?","$","T","M","E","?","E","T","?","?","M","M"],"character_chosen":"DEFECT","items_purchased":["Defragment","Static Discharge","Dramatic Entrance+1","Coolheaded","Ball Lightning+1"],"campfire_rested":1,"item_purchase_floors":[2,20,20,20,20],"current_hp_per_floor":[74,74,74,74,74,74,51,48,58,27,27,27,27,25,50,32,85,85,85,85,85,70,20,20,8,8,8,8,5,0],"gold":231,"neow_bonus":"RANDOM_COMMON_RELIC","is_prod":false,"is_daily":false,"chose_seed":false,"campfire_upgraded":0,"win_rate":0,"timestamp":1560390318,"path_taken":["M","$","?","?","?","R","E","?","T","E","M","?","?","M","R","BOSS","M","?","$","?","M","E","?","E","T","?","?","M","M"],"build_version":"2019-01-23","purchased_purges":1,"victory":false,"max_hp_per_floor":[75,75,75,75,75,75,75,75,85,85,85,85,85,85,85,85,85,85,85,85,85,85,85,85,85,85,85,85,85,85],"card_choices":[{"not_picked":["Sweeping Beam","Cold Snap"],"picked":"Defragment","floor":1},{"not_picked":["Streamline","Heatsinks"],"picked":"Cold Snap","floor":7},{"not_picked":["Aggregate","Coolheaded"],"picked":"Melter","floor":10},{"not_picked":["Fission","Sunder+1"],"picked":"Capacitor","floor":11},{"not_picked":["Stack","Consume"],"picked":"Defragment","floor":14},{"not_picked":["Fission","Multi-Cast"],"picked":"Thunder Strike+1","floor":16},{"not_picked":["Hologram+1","Double Energy"],"picked":"Gash+1","floor":18},{"not_picked":["Steam","Sweeping Beam+1"],"picked":"Barrage+1","floor":22},{"not_picked":["Redo","Rebound+1"],"picked":"Conserve Battery","floor":23},{"not_picked":["Redo","Go for the Eyes+1"],"picked":"Sweeping Beam+1","floor":25},{"not_picked":["White Noise","Stack"],"picked":"Self Repair","floor":29}],"player_experience":474803,"relics_obtained":[{"floor":7,"key":"Thread and Needle"},{"floor":9,"key":"Pear"},{"floor":10,"key":"Molten Egg 2"},{"floor":12,"key":"Orichalcum"},{"floor":23,"key":"Boot"},{"floor":25,"key":"Gremlin Horn"},{"floor":26,"key":"Ornamental Fan"}],"event_choices":[{"damage_healed":0,"gold_gain":0,"player_choice":"Grow","damage_taken":0,"max_hp_gain":0,"max_hp_loss":0,"event_name":"Living Wall","floor":3,"gold_loss":0,"cards_upgraded":["Defragment"]},{"damage_healed":0,"gold_gain":0,"player_choice":"Got Potions","damage_taken":0,"max_hp_gain":0,"max_hp_loss":0,"event_name":"Lab","floor":4,"gold_loss":0},{"damage_healed":0,"gold_gain":175,"player_choice":"AGREE","damage_taken":0,"max_hp_gain":0,"max_hp_loss":0,"event_name":"Liars Game","floor":5,"gold_loss":0,"cards_obtained":["Doubt"]},{"damage_healed":0,"gold_gain":0,"player_choice":"Success","damage_taken":3,"relics_obtained":["Lantern"],"max_hp_gain":0,"max_hp_loss":0,"event_name":"Scrap Ooze","floor":8,"gold_loss":0},{"damage_healed":0,"gold_gain":30,"player_choice":"Searched \u00271\u0027 times","damage_taken":0,"max_hp_gain":0,"max_hp_loss":0,"event_name":"Dead Adventurer","floor":13,"gold_loss":0},{"damage_healed":0,"gold_gain":0,"player_choice":"Copied","damage_taken":0,"max_hp_gain":0,"max_hp_loss":0,"event_name":"Duplicator","floor":19,"gold_loss":0,"cards_obtained":["Double Energy"]},{"damage_healed":0,"gold_gain":0,"player_choice":"Ignored","damage_taken":0,"max_hp_gain":0,"max_hp_loss":0,"event_name":"Beggar","floor":24,"gold_loss":0},{"damage_healed":0,"gold_gain":0,"player_choice":"Smashed Altar","damage_taken":0,"max_hp_gain":0,"max_hp_loss":0,"event_name":"Forgotten Altar","floor":27,"gold_loss":0,"cards_obtained":["Decay"]},{"damage_healed":0,"gold_gain":0,"player_choice":"Inject Mutagens","damage_taken":0,"relics_obtained":["MutagenicStrength"],"max_hp_gain":0,"max_hp_loss":0,"event_name":"Drug Dealer","floor":28,"gold_loss":0}],"is_beta":false,"boss_relics":[{"not_picked":["Runic Dome","Coffee Dripper"],"picked":"Astrolabe"}],"items_purged_floors":[20],"is_endless":false,"potions_floor_spawned":[7,10,14,18,23,25],"killed_by":"Snake Plant","ascension_level":1}