{"path_per_floor":["M","?","?","?","M","E","$","?","T","M","$","?","M","$","R","B",null,"M"],"character_chosen":"THE_SILENT","items_purchased":["Oddly Smooth Stone","Noxious Fumes"],"gold_per_floor":[119,119,119,119,130,155,11,11,59,70,70,70,81,42,42,142,142,157,157],"floor_reached":19,"campfire_rested":0,"playtime":1881,"current_hp_per_floor":[70,70,56,53,53,39,39,39,39,39,39,39,37,37,37,22,70,40,0],"items_purged":[],"gold":157,"score":173,"play_id":"6da319d0-aa83-45cd-be98-fb3d1dc9da2f","local_time":"20180507215725","is_prod":false,"is_daily":false,"chose_seed":false,"is_ascension_mode":true,"campfire_upgraded":1,"timestamp":1525744645,"path_taken":["M","?","?","?","?","E","$","?","T","?","?","?","M","$","R","BOSS","M","M"],"build_version":"2018-05-03","seed_source_timestamp":350148408118111,"purchased_purges":1,"victory":false,"master_deck":["Defend_G","Defend_G+1","Defend_G+1","Defend_G","Defend_G","Strike_G","Strike_G","Strike_G","Strike_G","Survivor+1","Neutralize","Outmaneuver","Setup","Calculated Gamble","Outmaneuver","Acrobatics","Noxious Fumes","Night Terror","Clumsy","Normality","Normality","Prepared+1"],"max_hp_per_floor":[70,70,70,70,70,70,70,70,70,70,70,70,70,70,70,70,70,70,70],"relics":["Ring of the Snake","Ancient Tea Set","Bag of Marbles","Oddly Smooth Stone","Vajra","Calling Bell","Juzu Bracelet","Matryoshka","The Specimen"],"card_choices":[{"not_picked":["Bane","Underhanded Strike"],"picked":"Outmaneuver","floor":1},{"not_picked":["Cloak And Dagger","Masterful Stab"],"picked":"Setup","floor":5},{"not_picked":["Outmaneuver","Reflex"],"picked":"Calculated Gamble","floor":6},{"not_picked":["Cloak And Dagger","Deflect"],"picked":"Outmaneuver","floor":10},{"not_picked":["Deadly Poison","PiercingWail"],"picked":"Acrobatics","floor":13},{"not_picked":["Storm of Steel","Die Die Die"],"picked":"Night Terror","floor":16},{"not_picked":["Flying Knee","Dagger Spray"],"picked":"Prepared","floor":18}],"player_experience":201344,"potions_floor_usage":[6,16,16,18,18,19],"damage_taken":[{"damage":0,"enemies":"Small Slimes","floor":1,"turns":4},{"damage":0,"enemies":"Cultist","floor":5,"turns":4},{"damage":14,"enemies":"3 Sentries","floor":6,"turns":17},{"damage":0,"enemies":"Jaw Worm","floor":10,"turns":6},{"damage":2,"enemies":"Looter","floor":13,"turns":4},{"damage":15,"enemies":"Slime Boss","floor":16,"turns":15},{"damage":30,"enemies":"Shell Parasite","floor":18,"turns":12},{"damage":40,"enemies":"3 Byrds","floor":19,"turns":6}],"event_choices":[{"event_name":"The Woman in Blue","player_choice":"Bought 0 Potions","floor":2,"damage_taken":0},{"event_name":"Shining Light","player_choice":"Entered Light","floor":3,"damage_taken":0},{"event_name":"Scrap Ooze","player_choice":"success","floor":4,"damage_taken":3},{"event_name":"Purifier","player_choice":"One Purge","floor":8,"damage_taken":0},{"event_name":"The Lab","player_choice":"Got Potions","floor":12,"damage_taken":0}],"boss_relics":[{"not_picked":["Philosopher\u0027s Stone","Lizard Tail"],"picked":"Calling Bell"}],"potions_floor_spawned":[5,10,13,16,18],"seed_played":"-6832068495647222621","killed_by":"3 Byrds","ascension_level":1,"is_trial":false}