{"gold_per_floor":[112,112,7,7,17,43,59,94,117,136,156,2,2,20,20,123,123,140,153,153,153,165,165,197,197],"floor_reached":25,"playtime":3352,"items_purged":[],"score":258,"play_id":"41458442-b2cf-471c-b0fa-0ff32d7ae836","local_time":"20180702212315","is_ascension_mode":false,"campfire_choices":[{"data":"Jack Of All Trades","floor":15.0,"key":"SMITH"},{"data":"Seeing Red","floor":23,"key":"SMITH"}],"neow_cost":"","seed_source_timestamp":0,"circlet_count":0,"master_deck":["Strike_R","Strike_R","Strike_R","Strike_R","Strike_R","Defend_R+1","Defend_R","Defend_R","Bash","Seeing Red+1","Flame Barrier","Jack Of All Trades+1","Pommel Strike","Fiend Fire","Clash","Blood for Blood+1","Cleave","Dropkick","Armaments","Dark Embrace","Anger+1","Perfected Strike","Flex","Double Tap"],"special_seed":0,"relics":["Burning Blood","NeowsBlessing","Boot","Pen Nib","Regal Pillow","Juzu Bracelet","Runic Dome","Potion Belt","Paper Frog"],"potions_floor_usage":[24,25],"damage_taken":[{"damage":0.0,"enemies":"Jaw Worm","floor":1.0,"turns":1.0},{"damage":0.0,"enemies":"Cultist","floor":5.0,"turns":1.0},{"damage":0.0,"enemies":"Gremlin Nob","floor":6.0,"turns":1.0},{"damage":0.0,"enemies":"2 Louse","floor":7.0,"turns":2.0},{"damage":36.0,"enemies":"3 Sentries","floor":8.0,"turns":11.0},{"damage":0.0,"enemies":"Large Slime","floor":10.0,"turns":5.0},{"damage":9.0,"enemies":"2 Fungi Beasts","floor":11.0,"turns":2.0},{"damage":2.0,"enemies":"Looter","floor":14.0,"turns":3.0},{"damage":38.0,"enemies":"Slime Boss","floor":16.0,"turns":8.0},{"damage":10,"enemies":"Spheric Guardian","floor":18,"turns":3},{"damage":13,"enemies":"3 Byrds","floor":19,"turns":5},{"damage":25,"enemies":"Snake Plant","floor":22,"turns":3},{"damage":47,"enemies":"Slavers","floor":24,"turns":5},{"damage":18,"enemies":"Slaver and Parasite","floor":25,"turns":1}],"seed_played":"-3787057205065765600","potions_obtained":[{"floor":1.0,"key":"LiquidBronze"},{"floor":5.0,"key":"PowerPotion"},{"floor":8.0,"key":"Explosive Potion"},{"floor":19,"key":"Regen Potion"},{"floor":22,"key":"FearPotion"}],"is_trial":false,"path_per_floor":["M","?","$","?","M","E","M","E","T","M","M","$","?","M","R","B",null,"M","M","?","?","M","R","E"],"character_chosen":"IRONCLAD","items_purchased":["Jack Of All Trades","Juzu Bracelet"],"campfire_rested":0,"item_purchase_floors":[],"current_hp_per_floor":[80,80,80,80,80,80,80,50,50,56,53,53,37,41,41,9,80,76,69,69,69,50,50,18,0],"gold":197,"neow_bonus":"","is_prod":false,"is_daily":false,"chose_seed":false,"campfire_upgraded":2,"win_rate":0.0,"timestamp":1530580995,"path_taken":["M","?","$","?","?","E","M","E","T","?","M","?","?","M","R","BOSS","M","M","?","?","M","R","E","M"],"build_version":"2018-06-28","purchased_purges":0,"victory":false,"max_hp_per_floor":[80,80,80,80,80,80,80,80,80,80,80,80,80,80,80,80,80,80,80,80,80,80,80,80,80],"card_choices":[{"not_picked":["Evolve","Havoc"],"picked":"Seeing Red","floor":1.0},{"not_picked":["Wild Strike","Entrench"],"picked":"Pommel Strike","floor":5.0},{"not_picked":["Havoc","Reckless Charge"],"picked":"Fiend Fire","floor":6.0},{"not_picked":["Metallicize","Havoc"],"picked":"Clash","floor":7.0},{"not_picked":["Headbutt","Entrench"],"picked":"Blood for Blood","floor":8.0},{"not_picked":["Headbutt","Thunderclap"],"picked":"Cleave","floor":10.0},{"not_picked":["Body Slam","Warcry"],"picked":"Dropkick","floor":11.0},{"not_picked":["Iron Wave","Body Slam"],"picked":"Armaments","floor":14.0},{"not_picked":["Impervious","Demon Form"],"picked":"Dark Embrace","floor":16.0},{"not_picked":["Iron Wave","Hemokinesis"],"picked":"Anger+1","floor":18},{"not_picked":["Corruption","Iron Wave"],"picked":"Perfected Strike","floor":19},{"not_picked":["Headbutt","Evolve"],"picked":"Flex","floor":22},{"not_picked":["Wild Strike","Rupture"],"picked":"Double Tap","floor":24}],"player_experience":86706,"relics_obtained":[{"floor":6.0,"key":"Boot"},{"floor":8.0,"key":"Pen Nib"},{"floor":9.0,"key":"Regal Pillow"},{"floor":24,"key":"Paper Frog"}],"event_choices":[{"event_name":"Transmorgrifier","player_choice":"Transform","floor":2.0,"damage_taken":0.0},{"event_name":"Golden Wing","player_choice":"Ignored","floor":4.0,"damage_taken":0.0},{"event_name":"Shining Light","player_choice":"Entered Light","floor":13.0,"damage_taken":0.0},{"event_name":"The Mausoleum","player_choice":"Yes","floor":20,"damage_taken":0},{"event_name":"Back to Basics","player_choice":"Elegance","floor":21,"damage_taken":0}],"boss_relics":[{"not_picked":["Astrolabe","Sozu"],"picked":"Runic Dome"}],"items_purged_floors":[],"is_endless":false,"potions_floor_spawned":[1,5,8,19,22],"killed_by":"Slaver and Parasite","ascension_level":0}