{"gold_per_floor":[114,114,114,129,129,129,141,141,188,263,276,113,129,142,142,218,218,228,206,206,221,133,133,133],"floor_reached":24,"playtime":942,"items_purged":[],"score":376,"play_id":"73c09dc9-53db-4630-ac7f-7889ce7b9fc8","local_time":"20190325030741","is_ascension_mode":true,"campfire_choices":[{"data":"Rainbow","floor":6.0,"key":"SMITH"},{"data":"Melter","floor":8.0,"key":"SMITH"},{"data":"Consume","floor":15.0,"key":"SMITH"},{"data":"Defragment","floor":23.0,"key":"SMITH"}],"neow_cost":"NONE","seed_source_timestamp":143450592169975,"circlet_count":0,"master_deck":["AscendersBane","Strike_B","Strike_B","Defend_B","Defend_B","Defend_B","Defend_B","Zap","Dualcast","Conserve Battery","Rainbow+1","Chill","Melter+1","Consume+1","Cold Snap","Creative AI","Chill","Stack","Glacier+1","Defragment+1"],"special_seed":0,"relics":["Cracked Core","Boot","Orichalcum","Happy Flower","Black Star"],"potions_floor_usage":[24,24],"damage_taken":[{"damage":4.0,"enemies":"Small Slimes","floor":1.0,"turns":3.0},{"damage":5.0,"enemies":"Jaw Worm","floor":4.0,"turns":4.0},{"damage":0.0,"enemies":"Cultist","floor":7.0,"turns":4.0},{"damage":1.0,"enemies":"Lots of Slimes","floor":11.0,"turns":4.0},{"damage":0.0,"enemies":"2 Fungi Beasts","floor":13.0,"turns":4.0},{"damage":3.0,"enemies":"Blue Slaver","floor":14.0,"turns":3.0},{"damage":10.0,"enemies":"Hexaghost","floor":16.0,"turns":9.0},{"damage":13.0,"enemies":"3 Byrds","floor":18.0,"turns":5.0},{"damage":22.0,"enemies":"2 Thieves","floor":19.0,"turns":4.0},{"damage":18.0,"enemies":"Centurion and Healer","floor":21.0,"turns":9.0},{"damage":66,"enemies":"Gremlin Leader","floor":24,"turns":9}],"seed_played":"4656775780597329977","potions_obtained":[{"floor":4.0,"key":"Weak Potion"},{"floor":7.0,"key":"LiquidBronze"},{"floor":14.0,"key":"Dexterity Potion"},{"floor":19.0,"key":"LiquidBronze"}],"is_trial":false,"path_per_floor":["M","?","?","M","$","R","M","R","T","?","M","$","M","M","R","B",null,"M","M","?","M","$","R","E"],"character_chosen":"DEFECT","items_purchased":["Happy Flower","Defragment"],"campfire_rested":0,"item_purchase_floors":[12,22],"current_hp_per_floor":[60,60,53,48,48,48,48,48,48,37,36,36,36,33,33,23,59,46,24,81,63,63,63,0],"gold":133,"neow_bonus":"RANDOM_COMMON_RELIC","is_prod":false,"is_daily":false,"chose_seed":false,"campfire_upgraded":4,"win_rate":0,"timestamp":1553497661,"path_taken":["M","?","?","M","$","R","M","R","T","?","M","$","?","M","R","BOSS","M","M","?","M","?","R","E"],"build_version":"2019-03-15","purchased_purges":0,"victory":false,"max_hp_per_floor":[71,71,71,71,71,71,71,71,71,71,71,71,71,71,71,71,71,71,71,81,81,81,81,81],"card_choices":[{"not_picked":["Coolheaded","Force Field"],"picked":"Conserve Battery","floor":1.0},{"not_picked":["Steam","Sweeping Beam"],"picked":"Chill","floor":4.0},{"not_picked":["Rebound","Steam"],"picked":"Melter","floor":7.0},{"not_picked":["Double Energy","Aggregate"],"picked":"Consume","floor":11.0},{"not_picked":["Lockon","Streamline"],"picked":"Cold Snap","floor":13.0},{"not_picked":["Go for the Eyes","Darkness"],"picked":"Machine Learning","floor":14.0},{"not_picked":["Seek","Machine Learning"],"picked":"Creative AI","floor":16.0},{"not_picked":["Steam","Leap+1"],"picked":"Chill","floor":18.0},{"not_picked":["Barrage+1","Scrape"],"picked":"Stack","floor":19.0},{"not_picked":["Loop","Hologram+1"],"picked":"Glacier+1","floor":21.0}],"player_experience":1045864,"relics_obtained":[{"floor":9.0,"key":"Orichalcum"}],"event_choices":[{"damage_healed":0.0,"max_hp_gain":0.0,"max_hp_loss":0.0,"gold_gain":0.0,"cards_transformed":["Strike_B"],"event_name":"Living Wall","player_choice":"Change","floor":2.0,"gold_loss":0.0,"damage_taken":0.0,"cards_obtained":["Rainbow"]},{"cards_removed":["Strike_B"],"damage_healed":0.0,"max_hp_gain":0.0,"max_hp_loss":0.0,"gold_gain":0.0,"event_name":"Golden Wing","player_choice":"Card Removal","floor":3.0,"gold_loss":0.0,"damage_taken":7.0},{"damage_healed":0.0,"max_hp_gain":0.0,"max_hp_loss":0.0,"gold_gain":75.0,"event_name":"World of Goop","player_choice":"Gather Gold","floor":10.0,"gold_loss":0.0,"damage_taken":11.0},{"cards_removed":["Machine Learning"],"damage_healed":47.0,"max_hp_gain":10.0,"max_hp_loss":0.0,"gold_gain":0.0,"event_name":"Bonfire Elementals","player_choice":"Offered Rare","floor":20.0,"gold_loss":0.0,"damage_taken":0.0}],"is_beta":true,"boss_relics":[{"not_picked":["Tiny House","Coffee Dripper"],"picked":"Black Star"}],"items_purged_floors":[],"is_endless":false,"potions_floor_spawned":[4,7,14,19],"killed_by":"Gremlin Leader","ascension_level":20}