{"gold_per_floor":[115,115,135,135,147,147,163,163,235,235,261,261,281,17,17,91,91,106,106,106,121,121,121,132,132],"floor_reached":25,"playtime":1215,"items_purged":["Pain"],"score":382,"play_id":"aec7cf0a-9376-4992-bdad-9e52b90aa286","local_time":"20190325173153","is_ascension_mode":true,"campfire_choices":[{"data":"Go for the Eyes","floor":8.0,"key":"SMITH"},{"data":"Undo","floor":10.0,"key":"SMITH"},{"data":"Stack","floor":12.0,"key":"SMITH"},{"data":"Lockon","floor":15.0,"key":"SMITH"},{"data":"Ghostly","floor":23.0,"key":"SMITH"}],"neow_cost":"NONE","seed_source_timestamp":0,"circlet_count":0,"master_deck":["AscendersBane","Strike_B","Strike_B","Strike_B","Defend_B+1","Defend_B","Defend_B","Defend_B","Zap","Dualcast","Compile Driver+1","Undo+1","Darkness","Go for the Eyes+1","Coolheaded","Stack+1","Lockon+1","Leap","Core Surge","Storm+1","Recycle","Ghostly+1","Ghostly","Ghostly"],"special_seed":0,"relics":["Cracked Core","WarpedTongs","Gremlin Horn","Odd Mushroom","Strawberry","White Beast Statue","Enchiridion"],"potions_floor_usage":[],"damage_taken":[{"damage":7.0,"enemies":"Jaw Worm","floor":1.0,"turns":3.0},{"damage":0.0,"enemies":"2 Louse","floor":3.0,"turns":3.0},{"damage":0.0,"enemies":"Cultist","floor":5.0,"turns":4.0},{"damage":9.0,"enemies":"3 Louse","floor":7.0,"turns":4.0},{"damage":15.0,"enemies":"The Mushroom Lair","floor":11.0,"turns":6.0},{"damage":7.0,"enemies":"2 Fungi Beasts","floor":13.0,"turns":4.0},{"damage":2.0,"enemies":"The Guardian","floor":16.0,"turns":10.0},{"damage":12.0,"enemies":"3 Byrds","floor":18.0,"turns":7.0},{"damage":19.0,"enemies":"Shell Parasite","floor":21.0,"turns":6.0},{"damage":12.0,"enemies":"Sentry and Sphere","floor":24.0,"turns":9.0},{"damage":1,"enemies":"Snake Plant","floor":25,"turns":3}],"seed_played":"558596412374594069","potions_obtained":[{"floor":7.0,"key":"FocusPotion"},{"floor":11.0,"key":"SmokeBomb"},{"floor":18.0,"key":"EssenceOfSteel"},{"floor":21.0,"key":"SkillPotion"},{"floor":24.0,"key":"SpeedPotion"}],"is_trial":false,"path_per_floor":["M","?","M","?","M","?","M","R","T","R","?","R","M","$","R","B",null,"M","?","?","M","?","R","M","M"],"character_chosen":"DEFECT","items_purchased":["Leap","Strawberry"],"campfire_rested":0,"item_purchase_floors":[14,14],"current_hp_per_floor":[64,64,64,41,41,41,32,32,32,32,17,17,10,17,17,15,68,56,56,35,16,16,16,4,3],"gold":132,"neow_bonus":"TEN_PERCENT_HP_BONUS","is_prod":false,"is_daily":false,"chose_seed":false,"campfire_upgraded":5,"win_rate":0,"timestamp":1553549513,"path_taken":["M","?","M","?","M","?","?","R","T","R","?","R","M","$","R","BOSS","M","?","?","M","?","R","M","M"],"build_version":"2019-03-15","purchased_purges":1,"victory":false,"max_hp_per_floor":[78,78,78,78,78,78,78,78,78,78,78,78,78,85,85,85,85,85,85,85,85,42,42,42,42],"card_choices":[{"not_picked":["Redo","Streamline"],"picked":"Compile Driver","floor":1.0},{"not_picked":["Sweeping Beam","Beam Cell"],"picked":"Darkness","floor":3.0},{"not_picked":["Sweeping Beam","Force Field"],"picked":"Go for the Eyes","floor":5.0},{"not_picked":["Leap","Turbo"],"picked":"Coolheaded","floor":7.0},{"not_picked":["Redo","Hologram"],"picked":"Stack","floor":11.0},{"not_picked":["Gash","Ball Lightning"],"picked":"Lockon","floor":13.0},{"not_picked":["Meteor Strike","Multi-Cast"],"picked":"Core Surge","floor":16.0},{"not_picked":["Hologram","Self Repair"],"picked":"Storm+1","floor":18.0},{"not_picked":["Streamline","Rebound"],"picked":"Recycle","floor":21.0},{"not_picked":["Turbo","Ball Lightning","Sweeping Beam"],"picked":"SKIP","floor":24.0}],"player_experience":1048618,"relics_obtained":[{"floor":9.0,"key":"Gremlin Horn"},{"floor":11.0,"key":"Odd Mushroom"},{"floor":20.0,"key":"Enchiridion"}],"event_choices":[{"damage_healed":0.0,"max_hp_gain":0.0,"max_hp_loss":0.0,"gold_gain":0.0,"cards_transformed":["Strike_B"],"event_name":"Living Wall","player_choice":"Change","floor":2.0,"gold_loss":0.0,"damage_taken":0.0,"cards_obtained":["Undo"]},{"damage_healed":0.0,"max_hp_gain":0.0,"max_hp_loss":0.0,"gold_gain":0.0,"event_name":"Shining Light","player_choice":"Entered Light","floor":4.0,"gold_loss":0.0,"damage_taken":23.0,"cards_upgraded":["Defend_B","Compile Driver"]},{"damage_healed":0.0,"max_hp_gain":0.0,"max_hp_loss":0.0,"gold_gain":0.0,"event_name":"Accursed Blacksmith","player_choice":"Rummage","floor":6.0,"gold_loss":0.0,"damage_taken":0.0,"relics_obtained":["WarpedTongs"],"cards_obtained":["Pain"]},{"damage_healed":0.0,"max_hp_gain":0.0,"max_hp_loss":0.0,"gold_gain":0.0,"event_name":"Mushrooms","player_choice":"Fought Mushrooms","floor":11.0,"gold_loss":0.0,"damage_taken":0.0},{"damage_healed":0.0,"max_hp_gain":0.0,"max_hp_loss":0.0,"gold_gain":0.0,"event_name":"Beggar","player_choice":"Ignored","floor":19.0,"gold_loss":0.0,"damage_taken":0.0},{"damage_healed":0.0,"max_hp_gain":0.0,"max_hp_loss":0.0,"gold_gain":0.0,"event_name":"Cursed Tome","player_choice":"Obtained Book","floor":20.0,"gold_loss":0.0,"damage_taken":21.0},{"damage_healed":0.0,"max_hp_gain":0.0,"max_hp_loss":43.0,"gold_gain":0.0,"event_name":"Ghosts","player_choice":"Became a Ghost","floor":22.0,"gold_loss":0.0,"damage_taken":0.0,"cards_obtained":["Ghostly","Ghostly","Ghostly"]}],"is_beta":true,"boss_relics":[{"not_picked":["Cursed Key","Black Star"],"picked":"White Beast Statue"}],"items_purged_floors":[14],"is_endless":false,"potions_floor_spawned":[7,11,18,21,24],"killed_by":"Snake Plant","ascension_level":20}