{"gold_per_floor":[217,237,254,254,268,268,318,318,318,332,332,482,482,482,482,575,575,475,475,14,34,34,34,52,52,77,77,102,2,2,2,2,93,93,116,116,116,132,20,20],"floor_reached":40,"playtime":1503,"items_purged":["Pain","Regret"],"score":754,"play_id":"b7c55106-07af-45b0-a170-5daf3d720d0a","local_time":"20190212170847","is_ascension_mode":true,"campfire_choices":[{"data":"Loop","floor":6.0,"key":"SMITH"},{"data":"Auto Shields","floor":8.0,"key":"SMITH"},{"data":"Defend_B","floor":15.0,"key":"SMITH"},{"floor":23.0,"key":"REST"},{"floor":25.0,"key":"REST"},{"floor":27.0,"key":"REST"},{"floor":30.0,"key":"REST"},{"floor":32.0,"key":"REST"}],"neow_cost":"NONE","seed_source_timestamp":1220802614840129,"circlet_count":0,"master_deck":["AscendersBane","Strike_B","Strike_B","Strike_B","Strike_B","Defend_B","Defend_B","Defend_B+1","Zap","Dualcast","Hello World","Cold Snap","Loop+1","Injury","Auto Shields+1","White Noise","Machine Learning","Parasite","Writhe","FTL","Stack","Chaos+1","Coolheaded","Echo Form","FTL+1","Loop+1","Conserve Battery","Compile Driver"],"special_seed":0,"relics":["Cracked Core","Golden Idol","Ornamental Fan","Kunai","Calling Bell","Juzu Bracelet","Gremlin Horn","Calipers","Darkstone Periapt","Thread and Needle","Vajra","Inserter"],"potions_floor_usage":[33,33],"damage_taken":[{"damage":2.0,"enemies":"2 Louse","floor":1.0,"turns":3.0},{"damage":7.0,"enemies":"Cultist","floor":2.0,"turns":4.0},{"damage":2.0,"enemies":"Jaw Worm","floor":3.0,"turns":4.0},{"damage":23.0,"enemies":"3 Louse","floor":5.0,"turns":3.0},{"damage":0.0,"enemies":"Looter","floor":10.0,"turns":4.0},{"damage":0.0,"enemies":"Blue Slaver","floor":11.0,"turns":1.0},{"damage":6.0,"enemies":"Hexaghost","floor":16.0,"turns":11.0},{"damage":36.0,"enemies":"2 Thieves","floor":18.0,"turns":5.0},{"damage":23.0,"enemies":"Shell Parasite","floor":21.0,"turns":7.0},{"damage":24.0,"enemies":"Snake Plant","floor":24.0,"turns":8.0},{"damage":25.0,"enemies":"Sentry and Sphere","floor":28.0,"turns":7.0},{"damage":8,"enemies":"Champ","floor":33,"turns":14},{"damage":33,"enemies":"Orb Walker","floor":35,"turns":6},{"damage":11,"enemies":"3 Shapes","floor":38,"turns":6},{"damage":61,"enemies":"Giant Head","floor":40,"turns":5}],"seed_played":"-3192939254035017636","potions_obtained":[{"floor":1.0,"key":"SmokeBomb"},{"floor":5.0,"key":"PowerPotion"},{"floor":16.0,"key":"Dexterity Potion"},{"floor":21.0,"key":"FocusPotion"},{"floor":24.0,"key":"PowerPotion"},{"floor":35,"key":"GamblersBrew"}],"is_trial":false,"path_per_floor":["M","M","M","?","M","R","?","R","T","M","M","?","?","T","R","B",null,"M","?","$","M","?","R","M","R","T","R","M","$","R","?","R","B",null,"M","?","$","M","$","E"],"character_chosen":"DEFECT","items_purchased":["Thread and Needle","FTL","Conserve Battery","Compile Driver"],"campfire_rested":5,"item_purchase_floors":[20,20,39,39],"current_hp_per_floor":[62,55,53,53,30,30,30,30,30,30,30,30,23,23,23,17,58,22,28,28,5,5,28,4,27,27,50,25,25,48,48,71,63,74,41,41,41,30,30,0],"gold":20,"neow_bonus":"HUNDRED_GOLD","is_prod":false,"is_daily":false,"chose_seed":false,"campfire_upgraded":3,"win_rate":0,"timestamp":1550009327,"path_taken":["M","M","M","?","M","R","?","R","T","?","M","?","?","?","R","BOSS","M","?","$","M","?","R","M","R","T","R","M","$","R","?","R","BOSS","M","?","$","M","$","E"],"build_version":"2019-02-06","purchased_purges":2,"victory":false,"max_hp_per_floor":[71,71,71,71,71,71,71,71,71,71,71,71,71,71,71,71,71,71,77,77,77,77,77,77,77,77,77,77,77,77,77,77,77,77,77,77,77,77,77,77],"card_choices":[{"not_picked":["Steam Power","Steam"],"picked":"Hello World","floor":1.0},{"not_picked":["Steam","Fusion"],"picked":"Cold Snap","floor":2.0},{"not_picked":["Doom and Gloom","Steam"],"picked":"Loop","floor":3.0},{"not_picked":["Compile Driver","Fusion"],"picked":"Auto Shields","floor":5.0},{"not_picked":["Hologram","Stack"],"picked":"White Noise","floor":10.0},{"not_picked":["Thunder Strike","Rainbow"],"picked":"Machine Learning","floor":16.0},{"not_picked":["Doom and Gloom","Gash","Beam Cell"],"picked":"SKIP","floor":18.0},{"not_picked":["Steam","Leap"],"picked":"Stack","floor":21.0},{"not_picked":["Redo","Compile Driver+1"],"picked":"Chaos+1","floor":24.0},{"not_picked":["Beam Cell","Sweeping Beam"],"picked":"Coolheaded","floor":28.0},{"not_picked":["Biased Cognition","Buffer"],"picked":"Echo Form","floor":33},{"not_picked":["Rip and Tear","Beam Cell"],"picked":"FTL+1","floor":35},{"not_picked":["Hello World","Beam Cell"],"picked":"Loop+1","floor":38}],"player_experience":938010,"relics_obtained":[{"floor":9.0,"key":"Ornamental Fan"},{"floor":14.0,"key":"Kunai"},{"floor":17.0,"key":"Juzu Bracelet"},{"floor":17.0,"key":"Gremlin Horn"},{"floor":17.0,"key":"Calipers"},{"floor":26.0,"key":"Vajra"}],"event_choices":[{"damage_healed":0.0,"max_hp_gain":0.0,"max_hp_loss":0.0,"gold_gain":0.0,"event_name":"Golden Idol","player_choice":"Take Wound","floor":4.0,"gold_loss":0.0,"damage_taken":0.0,"relics_obtained":["Golden Idol"],"cards_obtained":["Injury"]},{"damage_healed":0.0,"max_hp_gain":0.0,"max_hp_loss":0.0,"gold_gain":50.0,"event_name":"Golden Shrine","player_choice":"Pray","floor":7.0,"gold_loss":0.0,"damage_taken":0.0},{"damage_healed":0.0,"max_hp_gain":0.0,"max_hp_loss":0.0,"gold_gain":150.0,"event_name":"Liars Game","player_choice":"AGREE","floor":12.0,"gold_loss":0.0,"damage_taken":0.0,"cards_obtained":["Doubt"]},{"cards_removed":["Doubt"],"damage_healed":0.0,"max_hp_gain":0.0,"max_hp_loss":0.0,"gold_gain":0.0,"event_name":"Golden Wing","player_choice":"Card Removal","floor":13.0,"gold_loss":0.0,"damage_taken":7.0},{"damage_healed":0.0,"max_hp_gain":0.0,"max_hp_loss":0.0,"gold_gain":0.0,"event_name":"The Mausoleum","player_choice":"Opened","floor":19.0,"gold_loss":0.0,"damage_taken":0.0,"relics_obtained":["Darkstone Periapt"],"cards_obtained":["Writhe"]},{"damage_healed":0.0,"max_hp_gain":0.0,"max_hp_loss":0.0,"gold_gain":0.0,"event_name":"Cursed Tome","player_choice":"Ignored","floor":22.0,"gold_loss":0.0,"damage_taken":0.0},{"damage_healed":0.0,"max_hp_gain":0.0,"max_hp_loss":0.0,"gold_gain":0.0,"event_name":"Ghosts","player_choice":"Ignored","floor":31.0,"gold_loss":0.0,"damage_taken":0.0},{"cards_removed":["Defend_B"],"damage_healed":0,"gold_gain":0,"player_choice":"Removed Skill","damage_taken":0,"max_hp_gain":0,"max_hp_loss":0,"event_name":"Falling","floor":36,"gold_loss":0}],"is_beta":true,"boss_relics":[{"not_picked":["Empty Cage","Orrery"],"picked":"Calling Bell"},{"not_picked":["Velvet Choker","Astrolabe"],"picked":"Inserter"}],"items_purged_floors":[20,29],"is_endless":false,"potions_floor_spawned":[1,5,11,16,21,24,28,35],"killed_by":"Giant Head","ascension_level":18}