{"gold_per_floor":[113,113,125,125,125,125,166,166,221,221,371,371,307,331,331,427,427,441,146,0,0,0,0,12,12,12,12,32,32,45,62,62,136,136,156,156,170,182,182,15,30,40,63,73,73,73,73,101,101,101],"floor_reached":51,"playtime":3029,"items_purged":["Strike_B"],"score":1256,"play_id":"e21592fd-611e-4a5a-a725-1857ad315a4a","local_time":"20190212222016","is_ascension_mode":true,"campfire_choices":[{"data":"Go for the Eyes","floor":6.0,"key":"SMITH"},{"data":"Glacier","floor":8.0,"key":"SMITH"},{"data":"Glacier","floor":10.0,"key":"SMITH"},{"floor":15.0,"key":"REST"},{"data":"Blizzard","floor":23.0,"key":"SMITH"},{"data":"Defragment","floor":25.0,"key":"SMITH"},{"data":"Loop","floor":29.0,"key":"SMITH"},{"data":"Buffer","floor":32.0,"key":"SMITH"},{"data":"Glacier","floor":45.0,"key":"SMITH"},{"data":"Echo Form","floor":47.0,"key":"SMITH"},{"data":"Defend_B","floor":49.0,"key":"SMITH"}],"neow_cost":"NONE","seed_source_timestamp":1237899753814386,"circlet_count":0,"master_deck":["AscendersBane","Strike_B","Defend_B+1","Defend_B","Defend_B+1","Defend_B+1","Zap","Dualcast","Glacier+1","Go for the Eyes+1","Glacier+1","Buffer+1","Chill","Defragment+1","Blizzard+1","Loop+1","Echo Form+1","Glacier+1"],"special_seed":0,"relics":["Cracked Core","War Paint","Bloody Idol","PreservedInsect","DataDisk","Blood Vial","Empty Cage","Tiny Chest","Sundial","Nuclear Battery","Bird Faced Urn","Lantern","Bronze Scales","Bag of Marbles"],"potions_floor_usage":[50,50],"damage_taken":[{"damage":8.0,"enemies":"Small Slimes","floor":1.0,"turns":3.0},{"damage":2.0,"enemies":"2 Louse","floor":3.0,"turns":2.0},{"damage":13.0,"enemies":"3 Sentries","floor":7.0,"turns":9.0},{"damage":0.0,"enemies":"Jaw Worm","floor":14.0,"turns":4.0},{"damage":21.0,"enemies":"The Guardian","floor":16.0,"turns":29.0},{"damage":9.0,"enemies":"Shell Parasite","floor":18.0,"turns":21.0},{"damage":3.0,"enemies":"3 Byrds","floor":24.0,"turns":7.0},{"damage":23.0,"enemies":"Cultist and Chosen","floor":28.0,"turns":11.0},{"damage":6.0,"enemies":"3 Cultists","floor":30.0,"turns":5.0},{"damage":0.0,"enemies":"Chosen and Byrds","floor":31.0,"turns":8.0},{"damage":5.0,"enemies":"Champ","floor":33.0,"turns":23.0},{"damage":29.0,"enemies":"3 Shapes","floor":35.0,"turns":6.0},{"damage":0.0,"enemies":"3 Darklings","floor":37.0,"turns":7.0},{"damage":1.0,"enemies":"Sphere and 2 Shapes","floor":38.0,"turns":10.0},{"damage":0.0,"enemies":"Maw","floor":41.0,"turns":12.0},{"damage":0.0,"enemies":"Spire Growth","floor":42.0,"turns":9.0},{"damage":0.0,"enemies":"Jaw Worm Horde","floor":44.0,"turns":5.0},{"damage":1.0,"enemies":"Nemesis","floor":48.0,"turns":15.0},{"damage":25,"enemies":"Time Eater","floor":50,"turns":19}],"seed_played":"-3256145287781213882","potions_obtained":[{"floor":3.0,"key":"Fire Potion"},{"floor":7.0,"key":"Strength Potion"},{"floor":14.0,"key":"Regen Potion"},{"floor":30.0,"key":"Explosive Potion"},{"floor":31.0,"key":"Weak Potion"},{"floor":37.0,"key":"PowerPotion"},{"floor":44.0,"key":"Strength Potion"}],"is_trial":false,"path_per_floor":["M","?","M","?","?","R","E","R","T","R","?","?","?","M","R","B",null,"M","$","?","?","?","R","M","R","T","?","M","R","M","M","R","B",null,"M","?","M","M","T","$","M","M","T","M","R","$","R","E","R","B",null],"character_chosen":"DEFECT","items_purchased":["Tiny Chest","Defragment","Lantern"],"campfire_rested":1,"item_purchase_floors":[19,19,40],"current_hp_per_floor":[56,61,59,59,59,59,46,46,46,46,46,11,11,13,35,16,61,69,69,69,69,69,69,73,73,73,73,57,57,58,65,65,67,74,52,52,59,65,65,65,76,76,76,76,76,76,76,76,76,59],"gold":101,"neow_bonus":"RANDOM_COMMON_RELIC","is_prod":false,"is_daily":false,"chose_seed":false,"campfire_upgraded":10,"win_rate":0,"timestamp":1550028016,"path_taken":["M","?","M","?","?","R","E","R","T","R","?","?","?","M","R","BOSS","M","$","?","?","?","R","M","R","T","?","M","R","M","M","R","BOSS","M","?","M","M","?","$","M","?","T","M","R","$","R","E","R","BOSS"],"build_version":"2019-02-06","purchased_purges":1,"victory":true,"max_hp_per_floor":[71,76,76,76,76,76,76,76,76,76,76,76,76,76,76,76,76,76,76,76,76,76,76,76,76,76,76,76,76,76,76,76,76,76,76,76,76,76,76,76,76,76,76,76,76,76,76,76,76,76],"card_choices":[{"not_picked":["Rebound","Storm"],"picked":"Glacier","floor":1.0},{"not_picked":["Redo","Stack"],"picked":"Go for the Eyes","floor":3.0},{"not_picked":["Gash","Ball Lightning"],"picked":"Glacier","floor":7.0},{"not_picked":["Go for the Eyes","Storm","Rip and Tear"],"picked":"SKIP","floor":14.0},{"not_picked":["Core Surge","Machine Learning"],"picked":"Buffer","floor":16.0},{"not_picked":["Ball Lightning","Sunder"],"picked":"Chill","floor":18.0},{"not_picked":["Rip and Tear","Go for the Eyes","Ball Lightning"],"picked":"SKIP","floor":24.0},{"not_picked":["FTL","Leap"],"picked":"Loop","floor":28.0},{"not_picked":["Go for the Eyes","Turbo","Compile Driver+1"],"picked":"SKIP","floor":30.0},{"not_picked":["Force Field","Consume","Genetic Algorithm"],"picked":"SKIP","floor":31.0},{"not_picked":["All For One","Electrodynamics"],"picked":"Echo Form","floor":33.0},{"not_picked":["Steam","Rebound","Compile Driver"],"picked":"SKIP","floor":35.0},{"not_picked":["Compile Driver","Go for the Eyes"],"picked":"Glacier","floor":37.0},{"not_picked":["Stack","Steam","Undo"],"picked":"SKIP","floor":38.0},{"not_picked":["Barrage+1","Streamline","Heatsinks"],"picked":"SKIP","floor":41.0},{"not_picked":["Go for the Eyes","Streamline","Fusion"],"picked":"SKIP","floor":42.0},{"not_picked":["Barrage","Meteor Strike","Steam"],"picked":"SKIP","floor":44.0},{"not_picked":["Rebound+1","Hyperbeam","Melter"],"picked":"SKIP","floor":48.0}],"player_experience":942145,"relics_obtained":[{"floor":7.0,"key":"PreservedInsect"},{"floor":9.0,"key":"DataDisk"},{"floor":26.0,"key":"Sundial"},{"floor":39.0,"key":"Bird Faced Urn"},{"floor":43.0,"key":"Bronze Scales"},{"floor":48.0,"key":"Bag of Marbles"}],"event_choices":[{"damage_healed":0.0,"max_hp_gain":5.0,"max_hp_loss":0.0,"gold_gain":0.0,"event_name":"Big Fish","player_choice":"Donut","floor":2.0,"gold_loss":0.0,"damage_taken":0.0},{"cards_removed":["Strike_B"],"damage_healed":0.0,"max_hp_gain":0.0,"max_hp_loss":0.0,"gold_gain":0.0,"event_name":"Living Wall","player_choice":"Forget","floor":4.0,"gold_loss":0.0,"damage_taken":0.0},{"damage_healed":0.0,"max_hp_gain":0.0,"max_hp_loss":0.0,"gold_gain":0.0,"event_name":"Golden Idol","player_choice":"Take Wound","floor":5.0,"gold_loss":0.0,"damage_taken":0.0,"relics_obtained":["Golden Idol"],"cards_obtained":["Injury"]},{"damage_healed":0.0,"max_hp_gain":0.0,"max_hp_loss":0.0,"gold_gain":150.0,"event_name":"Liars Game","player_choice":"AGREE","floor":11.0,"gold_loss":0.0,"damage_taken":0.0,"cards_obtained":["Doubt"]},{"damage_healed":0.0,"max_hp_gain":0.0,"max_hp_loss":0.0,"gold_gain":0.0,"event_name":"Scrap Ooze","player_choice":"Success","floor":12.0,"gold_loss":0.0,"damage_taken":35.0,"relics_obtained":["Blood Vial"]},{"damage_healed":0.0,"max_hp_gain":0.0,"max_hp_loss":0.0,"gold_gain":0.0,"event_name":"World of Goop","player_choice":"Left Gold","floor":13.0,"gold_loss":64.0,"damage_taken":0.0},{"damage_healed":0.0,"max_hp_gain":0.0,"max_hp_loss":0.0,"gold_gain":0.0,"event_name":"Masked Bandits","player_choice":"Paid Fearfully","floor":20.0,"gold_loss":146.0,"damage_taken":0.0},{"damage_healed":0.0,"max_hp_gain":0.0,"max_hp_loss":0.0,"gold_gain":0.0,"event_name":"Forgotten Altar","player_choice":"Gave Idol","floor":21.0,"relics_lost":["Golden Idol"],"gold_loss":0.0,"damage_taken":0.0,"relics_obtained":["Bloody Idol"]},{"damage_healed":0.0,"max_hp_gain":0.0,"max_hp_loss":0.0,"gold_gain":0.0,"event_name":"The Library","player_choice":"Read","floor":22.0,"gold_loss":0.0,"damage_taken":0.0,"cards_obtained":["Blizzard"]},{"damage_healed":0.0,"max_hp_gain":0.0,"max_hp_loss":0.0,"gold_gain":0.0,"event_name":"Beggar","player_choice":"Ignored","floor":27.0,"gold_loss":0.0,"damage_taken":0.0},{"cards_removed":["Strike_B"],"damage_healed":0.0,"max_hp_gain":0.0,"max_hp_loss":0.0,"gold_gain":0.0,"event_name":"Falling","player_choice":"Removed Attack","floor":36.0,"gold_loss":0.0,"damage_taken":0.0}],"is_beta":true,"boss_relics":[{"not_picked":["Sozu","Velvet Choker"],"picked":"Empty Cage"},{"not_picked":["Calling Bell","Lizard Tail"],"picked":"Nuclear Battery"}],"items_purged_floors":[19],"is_endless":false,"potions_floor_spawned":[3,7,14,30,31,37,41,42,44],"ascension_level":18}