{"gold_per_floor":[109,123,134,146,221,221,234,234,234,250,279,295,329,329,329,433,433,448,459,384,403,416,416,428,234,287,299,310,410,127,147,147,243,243,258,273,1272,1272,432,432,432,449,529,540,540],"floor_reached":45,"playtime":4025,"items_purged":["Perfected Strike","Cleave","Normality"],"score":498,"play_id":"8faa61fd-a0df-493b-8d55-1ab29a897bd1","local_time":"20181109073246","is_ascension_mode":false,"campfire_choices":[{"data":"Metallicize","floor":6,"key":"SMITH"},{"data":"Rampage","floor":8,"key":"SMITH"},{"data":"Rage","floor":15,"key":"SMITH"},{"floor":23,"key":"REST"},{"floor":32,"key":"REST"},{"floor":40,"key":"REST"}],"neow_cost":"NONE","seed_source_timestamp":136013579676305,"circlet_count":0,"master_deck":["Bash","Metallicize+1","Rampage+1","Shrug It Off","Spot Weakness","Shrug It Off","Body Slam","Rage+1","Offering","Headbutt","Heavy Blade","Shrug It Off","Dropkick","Infernal Blade","Rupture+1","Rupture+1","Metallicize+1","Rupture+1","Combust+1","Bloodletting","Offering","Dark Embrace+1","Brutality+1","Intimidate+1","Seeing Red","Normality","Trip","Apotheosis","Pummel"],"relics":["Burning Blood","Paper Frog","Odd Mushroom","Frozen Egg 2","Pandora\u0027s Box","Lee\u0027s Waffle","Smiling Mask","WingedGreaves","Gremlin Horn","Toolbox","Astrolabe","Bronze Scales","OrangePellets","Tiny Chest","SsserpentHead","Question Card"],"potions_floor_usage":[11,13,16,16,19,24,29,29,44,45,45],"damage_taken":[{"damage":13,"enemies":"Jaw Worm","floor":1,"turns":5},{"damage":1,"enemies":"Small Slimes","floor":2,"turns":4},{"damage":0,"enemies":"2 Louse","floor":3,"turns":3},{"damage":4,"enemies":"Blue Slaver","floor":4,"turns":5},{"damage":13,"enemies":"2 Fungi Beasts","floor":7,"turns":4},{"damage":7,"enemies":"Exordium Thugs","floor":10,"turns":5},{"damage":22,"enemies":"The Mushroom Lair","floor":11,"turns":5},{"damage":9,"enemies":"Exordium Wildlife","floor":12,"turns":4},{"damage":16,"enemies":"3 Sentries","floor":13,"turns":6},{"damage":2,"enemies":"The Guardian","floor":16,"turns":14},{"damage":25,"enemies":"3 Byrds","floor":18,"turns":4},{"damage":18,"enemies":"2 Thieves","floor":19,"turns":3},{"damage":32,"enemies":"Cultist and Chosen","floor":21,"turns":7},{"damage":10,"enemies":"Centurion and Healer","floor":22,"turns":6},{"damage":26,"enemies":"Snake Plant","floor":24,"turns":4},{"damage":10,"enemies":"Sentry and Sphere","floor":27,"turns":5},{"damage":8,"enemies":"Snecko","floor":28,"turns":5},{"damage":21,"enemies":"Colosseum Slavers","floor":29,"turns":4},{"damage":15,"enemies":"Colosseum Nobs","floor":29,"turns":4},{"damage":24,"enemies":"Snake Plant","floor":31,"turns":2},{"damage":60,"enemies":"Automaton","floor":33,"turns":8},{"damage":27,"enemies":"3 Shapes","floor":35,"turns":4},{"damage":18,"enemies":"Orb Walker","floor":36,"turns":3},{"damage":33,"enemies":"Sphere and 2 Shapes","floor":42,"turns":4},{"damage":34,"enemies":"Writhing Mass","floor":44,"turns":5},{"damage":85,"enemies":"Transient","floor":45,"turns":4}],"seed_played":"9076335944203190558","potions_obtained":[{"floor":1,"key":"PowerPotion"},{"floor":2,"key":"Regen Potion"},{"floor":3,"key":"PowerPotion"},{"floor":12,"key":"EssenceOfSteel"},{"floor":16,"key":"AttackPotion"},{"floor":22,"key":"Fruit Juice"},{"floor":27,"key":"Block Potion"},{"floor":28,"key":"SkillPotion"},{"floor":31,"key":"Regen Potion"},{"floor":35,"key":"EssenceOfSteel"},{"floor":36,"key":"Poison Potion"}],"is_trial":false,"path_per_floor":["M","M","M","M","?","R","M","R","T","M","?","M","E","?","R","B",null,"M","M","$","M","M","R","M","$","T","M","M","?","$","M","R","B",null,"M","M","?","?","$","R","?","M","T","M","M"],"character_chosen":"IRONCLAD","items_purchased":["Lee\u0027s Waffle","Toolbox","Combust+1","Apotheosis","Bronze Scales","OrangePellets","Tiny Chest","Regen Potion","Pummel"],"campfire_rested":3,"item_purchase_floors":[25,30,30,39,39,39,39,39,39],"current_hp_per_floor":[81,86,88,88,77,77,70,70,70,69,67,64,54,59,59,63,93,74,62,62,36,32,59,44,105,105,101,99,75,75,57,88,34,105,84,72,72,72,72,103,103,76,76,57,0],"gold":540,"neow_bonus":"TEN_PERCENT_HP_BONUS","is_prod":false,"is_daily":false,"chose_seed":false,"campfire_upgraded":3,"win_rate":0,"timestamp":1541766766,"path_taken":["M","M","M","M","?","R","M","R","T","M","?","?","E","?","R","BOSS","M","M","$","M","M","R","M","$","T","M","M","?","$","M","R","BOSS","M","M","?","?","$","R","?","M","T","M","M"],"build_version":"2018-11-08","purchased_purges":3,"victory":false,"max_hp_per_floor":[88,88,88,88,88,88,88,88,88,88,88,88,88,93,93,93,93,93,93,93,93,93,93,98,105,105,105,105,105,105,105,105,105,105,105,105,105,105,105,105,105,105,105,105,105],"card_choices":[{"not_picked":["Corruption","Heavy Blade"],"picked":"Cleave","floor":1},{"not_picked":["Body Slam","Warcry"],"picked":"Metallicize","floor":2},{"not_picked":["Armaments","Anger"],"picked":"Rampage","floor":3},{"not_picked":["Evolve","Flex","Headbutt"],"picked":"SKIP","floor":4},{"not_picked":["Fiend Fire","Heavy Blade"],"picked":"Shrug It Off","floor":7},{"not_picked":["Twin Strike","Anger"],"picked":"Spot Weakness","floor":10},{"not_picked":["Corruption","Sword Boomerang"],"picked":"Shrug It Off","floor":11},{"not_picked":["Heavy Blade","Pommel Strike"],"picked":"Body Slam","floor":12},{"not_picked":["Demon Form","Warcry"],"picked":"Rage","floor":13},{"not_picked":["Feed","Bludgeon"],"picked":"Offering","floor":16},{"not_picked":["Spot Weakness","Headbutt","Havoc"],"picked":"SKIP","floor":18},{"not_picked":["Rupture+1","Body Slam","Headbutt"],"picked":"SKIP","floor":19},{"not_picked":["Body Slam","Headbutt"],"picked":"Rupture+1","floor":19},{"not_picked":["Fire Breathing+1","Uppercut","Warcry"],"picked":"SKIP","floor":21},{"not_picked":["Dropkick","Headbutt","Demon Form+1"],"picked":"SKIP","floor":22},{"not_picked":["Clash","Pommel Strike"],"picked":"Rupture+1","floor":24},{"not_picked":["Cleave","Burning Pact"],"picked":"Metallicize+1","floor":27},{"not_picked":["Bludgeon","Reckless Charge+1","Twin Strike+1"],"picked":"SKIP","floor":28},{"not_picked":["Iron Wave+1","Clash"],"picked":"Rupture+1","floor":29},{"not_picked":["Headbutt+1","Carnage+1"],"picked":"Bloodletting","floor":31},{"not_picked":["Bludgeon","Juggernaut+1"],"picked":"Offering","floor":33},{"not_picked":["Warcry","Cleave"],"picked":"Seeing Red","floor":35},{"not_picked":["True Grit+1","Warcry+1","Havoc"],"picked":"SKIP","floor":36},{"not_picked":["Mind Blast","Bandage Up"],"picked":"Trip","floor":38},{"not_picked":["Anger","Armaments+1","Rampage+1"],"picked":"SKIP","floor":42},{"not_picked":["Wild Strike+1","Ghostly Armor+1","Shrug It Off+1","Twin Strike"],"picked":"SKIP","floor":44}],"player_experience":250431,"relics_obtained":[{"floor":9,"key":"Paper Frog"},{"floor":11,"key":"Odd Mushroom"},{"floor":13,"key":"Frozen Egg 2"},{"floor":26,"key":"Smiling Mask"},{"floor":29,"key":"WingedGreaves"},{"floor":29,"key":"Gremlin Horn"},{"floor":43,"key":"Question Card"}],"event_choices":[{"damage_healed":0,"gold_gain":75,"player_choice":"Gather Gold","damage_taken":11,"max_hp_gain":0,"max_hp_loss":0,"event_name":"World of Goop","floor":5,"gold_loss":0},{"damage_healed":0,"gold_gain":0,"player_choice":"Fought Mushrooms","damage_taken":0,"max_hp_gain":0,"max_hp_loss":0,"event_name":"Mushrooms","floor":11,"gold_loss":0},{"damage_healed":0,"gold_gain":0,"player_choice":"Donut","damage_taken":0,"max_hp_gain":5,"max_hp_loss":0,"event_name":"Big Fish","floor":14,"gold_loss":0},{"damage_healed":0,"gold_gain":0,"player_choice":"Fight","damage_taken":0,"max_hp_gain":0,"max_hp_loss":0,"event_name":"Colosseum","floor":29,"gold_loss":0},{"damage_healed":0,"gold_gain":0,"player_choice":"Fought Nobs","damage_taken":0,"max_hp_gain":0,"max_hp_loss":0,"event_name":"Colosseum","floor":29,"gold_loss":0},{"damage_healed":0,"gold_gain":999,"player_choice":"Gold","damage_taken":0,"max_hp_gain":0,"max_hp_loss":0,"event_name":"MindBloom","floor":37,"gold_loss":0,"cards_obtained":["Normality","Normality"]},{"damage_healed":0,"gold_gain":0,"player_choice":"Memory 1","damage_taken":0,"max_hp_gain":0,"max_hp_loss":0,"event_name":"SensoryStone","floor":38,"gold_loss":0},{"damage_healed":0,"gold_gain":0,"player_choice":"Trade","damage_taken":0,"relics_obtained":["SsserpentHead"],"max_hp_gain":0,"max_hp_loss":0,"event_name":"FaceTrader","floor":41,"gold_loss":0}],"is_beta":true,"boss_relics":[{"not_picked":["Coffee Dripper","Ectoplasm"],"picked":"Pandora\u0027s Box"},{"not_picked":["Snecko Eye","Busted Crown"],"picked":"Astrolabe"}],"items_purged_floors":[20,30,39],"is_endless":false,"potions_floor_spawned":[1,2,3,12,16,22,27,28,31,35,36],"killed_by":"Transient","ascension_level":0}