{"gold_per_floor":[115,128,128,143,154,154,184,196,196,40,115,115,134,150,150,252,252,269,269,0,10,26,26,38,38,38,38],"floor_reached":27,"playtime":3019,"items_purged":[],"score":217,"play_id":"ecc66aee-694f-4e43-aa91-7ef586be1b69","local_time":"20180722200340","is_ascension_mode":false,"campfire_choices":[{"data":"Outmaneuver","floor":6,"key":"SMITH"},{"floor":12,"key":"REST"},{"floor":15,"key":"REST"},{"data":"Wraith Form v2","floor":23,"key":"SMITH"},{"data":"Leg Sweep","floor":25,"key":"SMITH"}],"neow_cost":"NONE","seed_source_timestamp":1023104253396320,"circlet_count":0,"master_deck":["Defend_G","Defend_G","Defend_G","Defend_G","Defend_G","Strike_G","Strike_G","Strike_G","Strike_G","Strike_G","Survivor","Neutralize","Backflip","PiercingWail","Noxious Fumes","Outmaneuver+1","Deadly Poison","Backstab","Infinite Blades","Poisoned Stab","Deadly Poison","Tactician","Wraith Form v2+1","Flying Knee+1","Bouncing Flask","Deflect+1","Leg Sweep+1"],"relics":["Ring of the Snake","Happy Flower","Ninja Scroll","Dream Catcher","Bag of Marbles","Black Star","Kunai"],"potions_floor_usage":[16,18,21],"damage_taken":[{"damage":0,"enemies":"Cultist","floor":1,"turns":5},{"damage":0,"enemies":"Jaw Worm","floor":2,"turns":4},{"damage":0,"enemies":"2 Louse","floor":4,"turns":3},{"damage":4,"enemies":"2 Fungi Beasts","floor":5,"turns":5},{"damage":28,"enemies":"3 Sentries","floor":7,"turns":9},{"damage":1,"enemies":"3 Louse","floor":8,"turns":3},{"damage":0,"enemies":"Lots of Slimes","floor":13,"turns":4},{"damage":0,"enemies":"Large Slime","floor":14,"turns":2},{"damage":21,"enemies":"The Guardian","floor":16,"turns":9},{"damage":10,"enemies":"3 Byrds","floor":18,"turns":4},{"damage":1,"enemies":"Chosen","floor":21,"turns":5},{"damage":12,"enemies":"Snecko","floor":22,"turns":6},{"damage":3,"enemies":"Centurion and Healer","floor":24,"turns":6},{"damage":32,"enemies":"Sentry and Sphere","floor":27,"turns":7}],"seed_played":"-6463726442470770505","potions_obtained":[{"floor":2,"key":"Weak Potion"},{"floor":4,"key":"SteroidPotion"},{"floor":7,"key":"Ancient Potion"},{"floor":8,"key":"GhostInAJar"},{"floor":16,"key":"Explosive Potion"},{"floor":18,"key":"Weak Potion"},{"floor":21,"key":"Dexterity Potion"}],"is_trial":false,"path_per_floor":["M","M","?","M","M","R","E","M","T","$","?","R","M","M","R","B",null,"M","?","?","M","M","R","M","R","T"],"character_chosen":"THE_SILENT","items_purchased":["Bag of Marbles"],"campfire_rested":2,"item_purchase_floors":[10],"current_hp_per_floor":[70,70,70,70,66,66,38,37,37,37,26,47,47,47,68,47,70,60,47,47,46,34,34,31,31,31,0],"gold":38,"neow_bonus":"RANDOM_COMMON_RELIC","is_prod":false,"is_daily":false,"chose_seed":false,"campfire_upgraded":3,"win_rate":0.0,"timestamp":1532304220,"path_taken":["M","?","?","M","M","R","E","M","T","$","?","R","M","M","R","BOSS","M","?","?","?","?","R","M","R","T","M"],"build_version":"2018-07-19v2","purchased_purges":0,"victory":false,"max_hp_per_floor":[70,70,70,70,70,70,70,70,70,70,70,70,70,70,70,70,70,70,75,75,75,75,75,75,75,75,75],"card_choices":[{"not_picked":["Eviscerate","Flechettes"],"picked":"Backflip","floor":1},{"not_picked":["Dagger Throw","Skewer"],"picked":"PiercingWail","floor":2},{"not_picked":["Calculated Gamble","Bane"],"picked":"Noxious Fumes","floor":4},{"not_picked":["PiercingWail","Deflect"],"picked":"Outmaneuver","floor":5},{"not_picked":["Tactician","Endless Agony"],"picked":"Deadly Poison","floor":7},{"not_picked":["Backflip","Masterful Stab"],"picked":"Backstab","floor":8},{"not_picked":["Prepared","Crippling Poison"],"picked":"Infinite Blades","floor":12},{"not_picked":["Riddle With Holes","Flying Knee"],"picked":"Poisoned Stab","floor":13},{"not_picked":["Dagger Throw","After Image"],"picked":"Deadly Poison","floor":14},{"not_picked":["Dodge and Roll","Sucker Punch"],"picked":"Tactician","floor":15},{"not_picked":["Corpse Explosion","Tools of the Trade"],"picked":"Wraith Form v2","floor":16},{"not_picked":["Riddle With Holes","Backflip+1"],"picked":"Flying Knee+1","floor":18},{"not_picked":["PiercingWail","Backflip"],"picked":"Bouncing Flask","floor":21},{"not_picked":["Dagger Spray","Acrobatics+1"],"picked":"Deflect+1","floor":22},{"not_picked":["Expertise+1","Outmaneuver"],"picked":"Leg Sweep","floor":24}],"player_experience":144664,"relics_obtained":[{"floor":7,"key":"Ninja Scroll"},{"floor":9,"key":"Dream Catcher"},{"floor":26,"key":"Kunai"}],"event_choices":[{"event_name":"The Cleric","player_choice":"Leave","floor":3,"damage_taken":0},{"event_name":"World of Goop","player_choice":"Gather Gold","floor":11,"damage_taken":0},{"event_name":"Forgotten Altar","player_choice":"Shed Blood","floor":19,"damage_taken":0},{"event_name":"Masked Bandits","player_choice":"Paid Bandits 269 gold","floor":20,"damage_taken":0}],"is_beta":false,"boss_relics":[{"not_picked":["Runic Dome","HoveringKite"],"picked":"Black Star"}],"items_purged_floors":[],"is_endless":false,"potions_floor_spawned":[2,4,7,8,16,18,21,24],"killed_by":"Sentry and Sphere","ascension_level":0}