{"gold_per_floor":[109,284,297,314,118,118,128,128,128,180,213,163,163,182,182,277,277,295,1,0,11,24,24,24,24,24,24,24,24,51,65,65,168,168,181,181,181,181,0,33,33,85,85,103,120,138,149,169,169,169],"floor_reached":50,"playtime":2406,"items_purged":["Doubt"],"score":636,"play_id":"50c36bfc-ad74-437d-864e-0392b02d50f4","local_time":"20181130002606","is_ascension_mode":true,"campfire_choices":[{"data":"Iron Wave","floor":6,"key":"SMITH"},{"data":"Bash","floor":8,"key":"SMITH"},{"data":"Spot Weakness","floor":15,"key":"SMITH"},{"data":"Barricade","floor":23,"key":"SMITH"},{"data":"Shockwave","floor":25,"key":"SMITH"},{"data":"Iron Wave","floor":29,"key":"SMITH"},{"data":"Body Slam","floor":32,"key":"SMITH"},{"floor":41,"key":"REST"},{"floor":49,"key":"REST"}],"neow_cost":"NONE","seed_source_timestamp":119121377933109,"circlet_count":0,"master_deck":["Bash+1","Iron Wave+1","Dropkick","Shockwave+1","Spot Weakness+1","Barricade+1","Anger","Perfected Strike+1","Perfected Strike","Iron Wave+1","Power Through","Hemokinesis+1","Corruption","Infernal Blade","Inflame+1","Heavy Blade+1","Necronomicurse","Body Slam+1","Offering","Ghostly Armor+1","Madness","Madness","Clumsy","Normality","Injury","Entrench+1","Ghostly Armor+1","Body Slam+1","Cleave+1","Seeing Red+1"],"relics":["Burning Blood","Tiny Chest","Gremlin Horn","Bag of Preparation","Nunchaku","Letter Opener","Pandora\u0027s Box","Charon\u0027s Ashes","Necronomicon","The Courier","Whetstone","Cursed Key","Incense Burner","Red Mask","Self Forming Clay","Orichalcum","Blood Vial"],"potions_floor_usage":[11,18,22,33,46,50,50],"damage_taken":[{"damage":2,"enemies":"Jaw Worm","floor":1,"turns":3},{"damage":1,"enemies":"2 Louse","floor":3,"turns":4},{"damage":0,"enemies":"Small Slimes","floor":4,"turns":4},{"damage":7,"enemies":"Looter","floor":7,"turns":3},{"damage":30,"enemies":"3 Sentries","floor":11,"turns":10},{"damage":2,"enemies":"2 Fungi Beasts","floor":14,"turns":4},{"damage":50,"enemies":"Slime Boss","floor":16,"turns":12},{"damage":6,"enemies":"Shell Parasite","floor":18,"turns":3},{"damage":20,"enemies":"3 Byrds","floor":21,"turns":3},{"damage":10,"enemies":"Snecko","floor":22,"turns":5},{"damage":10,"enemies":"3 Cultists","floor":31,"turns":3},{"damage":62,"enemies":"Automaton","floor":33,"turns":7},{"damage":9,"enemies":"3 Darklings","floor":35,"turns":2},{"damage":26,"enemies":"Giant Head","floor":40,"turns":7},{"damage":6,"enemies":"Orb Walker","floor":44,"turns":2},{"damage":27,"enemies":"Spire Growth","floor":45,"turns":5},{"damage":26,"enemies":"Writhing Mass","floor":46,"turns":2},{"damage":1,"enemies":"Jaw Worm Horde","floor":47,"turns":4},{"damage":6,"enemies":"3 Darklings","floor":48,"turns":3},{"damage":63,"enemies":"Awakened One","floor":50,"turns":10}],"seed_played":"-107967903065538616","potions_obtained":[{"floor":3,"key":"FearPotion"},{"floor":4,"key":"BloodPotion"},{"floor":11,"key":"FearPotion"},{"floor":21,"key":"SneckoOil"},{"floor":31,"key":"GamblersBrew"},{"floor":35,"key":"SteroidPotion"},{"floor":45,"key":"SpeedPotion"},{"floor":46,"key":"Energy Potion"}],"is_trial":false,"path_per_floor":["M","?","M","M","$","R","M","R","T","T","E","?","T","M","R","B",null,"M","$","?","M","M","R","?","R","T","?","?","R","T","M","R","B",null,"M","?","T","?","?","E","R","T","T","M","M","M","M","M","R","B"],"character_chosen":"IRONCLAD","items_purchased":["Tiny Chest","Charon\u0027s Ashes"],"campfire_rested":2,"item_purchase_floors":[5,19],"current_hp_per_floor":[84,84,88,88,88,88,87,87,87,87,71,71,71,75,75,31,74,74,74,74,60,56,56,40,40,40,40,69,69,69,65,65,9,68,65,54,54,54,54,34,60,60,60,62,43,25,32,34,60,0],"gold":169,"neow_bonus":"TEN_PERCENT_HP_BONUS","is_prod":false,"is_daily":false,"chose_seed":false,"campfire_upgraded":7,"win_rate":0,"timestamp":1543555566,"path_taken":["M","?","M","M","$","R","M","R","T","?","E","?","?","M","R","BOSS","M","$","?","M","M","R","?","R","T","?","?","R","?","M","R","BOSS","M","?","?","?","?","E","R","?","T","?","M","M","M","M","R","BOSS"],"build_version":"2018-11-15","purchased_purges":1,"victory":false,"max_hp_per_floor":[88,88,88,88,88,88,88,88,88,88,88,88,88,88,88,88,88,88,88,88,88,88,88,88,88,88,88,88,88,88,88,88,88,88,88,88,88,88,88,88,88,88,88,88,88,88,88,88,88,88],"card_choices":[{"not_picked":["Clash","Hemokinesis"],"picked":"Iron Wave","floor":1},{"not_picked":["Cleave","Burning Pact"],"picked":"Shrug It Off","floor":3},{"not_picked":["Combust","Warcry","Twin Strike"],"picked":"SKIP","floor":4},{"not_picked":["Bloodletting","Anger"],"picked":"Dropkick","floor":7},{"not_picked":["Iron Wave","Flex"],"picked":"Shockwave","floor":11},{"not_picked":["Pommel Strike","Perfected Strike"],"picked":"Spot Weakness","floor":14},{"not_picked":["Immolate","Limit Break"],"picked":"Barricade","floor":16},{"not_picked":["Flex","Infernal Blade"],"picked":"Inflame+1","floor":18},{"not_picked":["Dropkick","Iron Wave"],"picked":"Heavy Blade+1","floor":21},{"not_picked":["Clash","Thunderclap","Whirlwind"],"picked":"SKIP","floor":22},{"not_picked":["Rupture","Inflame"],"picked":"Body Slam","floor":31},{"not_picked":["Bludgeon","Limit Break"],"picked":"Offering","floor":33},{"not_picked":["Iron Wave","Perfected Strike"],"picked":"Ghostly Armor+1","floor":35},{"not_picked":["Hemokinesis+1","Carnage","Thunderclap+1"],"picked":"SKIP","floor":40},{"not_picked":["Rupture","Heavy Blade"],"picked":"Entrench+1","floor":44},{"not_picked":["Battle Trance","Flame Barrier"],"picked":"Ghostly Armor+1","floor":45},{"not_picked":["Sword Boomerang+1","Battle Trance+1"],"picked":"Body Slam+1","floor":46},{"not_picked":["Perfected Strike","Immolate"],"picked":"Cleave+1","floor":47},{"not_picked":["Warcry","Thunderclap"],"picked":"Seeing Red+1","floor":48}],"player_experience":544150,"relics_obtained":[{"floor":9,"key":"Gremlin Horn"},{"floor":10,"key":"Bag of Preparation"},{"floor":11,"key":"Nunchaku"},{"floor":13,"key":"Letter Opener"},{"floor":24,"key":"Necronomicon"},{"floor":26,"key":"The Courier"},{"floor":30,"key":"Whetstone"},{"floor":37,"key":"Incense Burner"},{"floor":40,"key":"Self Forming Clay"},{"floor":42,"key":"Orichalcum"},{"floor":43,"key":"Blood Vial"}],"event_choices":[{"damage_healed":0,"gold_gain":175,"player_choice":"AGREE","damage_taken":0,"max_hp_gain":0,"max_hp_loss":0,"event_name":"Liars Game","floor":2,"gold_loss":0,"cards_obtained":["Doubt"]},{"cards_removed":["Strike_R"],"damage_healed":0,"gold_gain":0,"player_choice":"Card Removal","damage_taken":0,"max_hp_gain":0,"max_hp_loss":0,"event_name":"The Cleric","floor":12,"gold_loss":50},{"damage_healed":0,"gold_gain":0,"player_choice":"Paid Fearfully","damage_taken":0,"max_hp_gain":0,"max_hp_loss":0,"event_name":"Masked Bandits","floor":20,"gold_loss":1},{"damage_healed":0,"gold_gain":0,"player_choice":"Obtained Book","damage_taken":16,"max_hp_gain":0,"max_hp_loss":0,"event_name":"Cursed Tome","floor":24,"gold_loss":0},{"damage_healed":0,"gold_gain":0,"player_choice":"Ignored","damage_taken":0,"max_hp_gain":0,"max_hp_loss":0,"event_name":"Vampires","floor":27,"gold_loss":0},{"damage_healed":29,"gold_gain":0,"player_choice":"Heal","damage_taken":0,"max_hp_gain":0,"max_hp_loss":0,"event_name":"The Library","floor":28,"gold_loss":0},{"damage_healed":0,"gold_gain":0,"player_choice":"Embrace Madness","damage_taken":11,"max_hp_gain":0,"max_hp_loss":0,"event_name":"Winding Halls","floor":36,"gold_loss":0,"cards_obtained":["Madness","Madness"]},{"cards_removed":["Shrug It Off"],"damage_healed":0,"gold_gain":0,"player_choice":"Removed Skill","damage_taken":0,"max_hp_gain":0,"max_hp_loss":0,"event_name":"Falling","floor":38,"gold_loss":0},{"damage_healed":0,"gold_gain":0,"player_choice":"Paid","damage_taken":0,"relics_obtained":["Red Mask"],"max_hp_gain":0,"max_hp_loss":0,"event_name":"Tomb of Lord Red Mask","floor":39,"gold_loss":181}],"is_beta":true,"boss_relics":[{"not_picked":["Mark of Pain","Empty Cage"],"picked":"Pandora\u0027s Box"},{"not_picked":["Snecko Eye","Velvet Choker"],"picked":"Cursed Key"}],"items_purged_floors":[5],"is_endless":false,"potions_floor_spawned":[3,4,11,21,31,35,45,46],"killed_by":"Awakened One","ascension_level":6}