{"gold_per_floor":[215,42,60,60,70,70,90,90,90,101,131,131,160,194,206,313,325,354,316,339,366,394,433,464,476,488,516,543,555,586,610,622,734,746,771,883,471,485,485,516,516,516,539,539,549,564,574,42,42,42,42,42,42,42],"floor_reached":54,"playtime":3434,"items_purged":["Strike_R","Strike_R"],"score":728,"play_id":"02862431-149c-4835-8c84-facafb2ca3bb","local_time":"20190720231633","is_ascension_mode":false,"campfire_choices":[{"data":"Apotheosis","floor":6,"key":"SMITH"},{"floor":12,"key":"RECALL"},{"floor":15,"key":"REST"},{"floor":29,"key":"REST"},{"floor":32,"key":"REST"},{"floor":42,"key":"REST"},{"floor":44,"key":"REST"},{"floor":49,"key":"DIG"},{"floor":52,"key":"DIG"}],"neow_cost":"NONE","seed_source_timestamp":880935441255850,"circlet_count":0,"master_deck":["Strike_R+1","Strike_R","Defend_R","Defend_R","Defend_R","Defend_R+1","Bash","Ghostly Armor+1","Apotheosis+1","Flame Barrier","Shrug It Off","Body Slam+1","Juggernaut","Shrug It Off","Barricade","Metallicize+1","Flash of Steel"],"special_seed":0,"relics":["Black Blood","Nunchaku","MawBank","Odd Mushroom","Fusion Hammer","Omamori","Bag of Preparation","Dodecahedron","Calipers","Blood Vial","Sling","Shovel","Whetstone","StoneCalendar","Bag of Marbles","Dead Branch","Bottled Flame"],"potions_floor_usage":[23,33,40,50],"damage_taken":[{"damage":2,"enemies":"2 Louse","floor":1,"turns":4},{"damage":3,"enemies":"Jaw Worm","floor":3,"turns":4},{"damage":0,"enemies":"Cultist","floor":5,"turns":5},{"damage":4,"enemies":"Exordium Thugs","floor":7,"turns":6},{"damage":0,"enemies":"Exordium Wildlife","floor":10,"turns":3},{"damage":7,"enemies":"Gremlin Nob","floor":11,"turns":4},{"damage":13,"enemies":"3 Sentries","floor":13,"turns":14},{"damage":2,"enemies":"The Mushroom Lair","floor":14,"turns":6},{"damage":57,"enemies":"Slime Boss","floor":16,"turns":18},{"damage":4,"enemies":"3 Byrds","floor":18,"turns":4},{"damage":0,"enemies":"Chosen","floor":20,"turns":4},{"damage":0,"enemies":"Snecko","floor":21,"turns":5},{"damage":29,"enemies":"Cultist and Chosen","floor":22,"turns":8},{"damage":48,"enemies":"Gremlin Leader","floor":23,"turns":7},{"damage":0,"enemies":"Centurion and Healer","floor":24,"turns":7},{"damage":0,"enemies":"Snecko","floor":27,"turns":6},{"damage":9,"enemies":"Snake Plant","floor":28,"turns":4},{"damage":4,"enemies":"Chosen and Byrds","floor":30,"turns":7},{"damage":0,"enemies":"Centurion and Healer","floor":31,"turns":6},{"damage":35,"enemies":"Collector","floor":33,"turns":10},{"damage":0,"enemies":"3 Shapes","floor":35,"turns":8},{"damage":0,"enemies":"Mind Bloom Boss Battle","floor":36,"turns":7},{"damage":0,"enemies":"Orb Walker","floor":38,"turns":4},{"damage":88,"enemies":"Reptomancer","floor":40,"turns":6},{"damage":13,"enemies":"Jaw Worm Horde","floor":45,"turns":5},{"damage":13,"enemies":"Sphere and 2 Shapes","floor":46,"turns":6},{"damage":7,"enemies":"Writhing Mass","floor":47,"turns":8},{"damage":50,"enemies":"Awakened One","floor":50,"turns":14},{"damage":89,"enemies":"Shield and Spear","floor":54,"turns":6}],"seed_played":"-1896413618727148421","potions_obtained":[{"floor":10,"key":"SmokeBomb"},{"floor":11,"key":"Explosive Potion"},{"floor":14,"key":"Block Potion"},{"floor":18,"key":"LiquidBronze"},{"floor":24,"key":"FairyPotion"},{"floor":33,"key":"EssenceOfSteel"},{"floor":40,"key":"AttackPotion"},{"floor":47,"key":"Regen Potion"}],"is_trial":false,"path_per_floor":["M","$","M","?","M","R","M","?","T","M","E","R","E","?","R","B",null,"M","?","M","M","M","E","M","T","T","M","M","R","M","M","R","B",null,"M","?","$","M","?","E","?","R","T","R","M","M","M","$","R","B",null,"R","$","E"],"character_chosen":"IRONCLAD","items_purchased":["Apotheosis","Blood Vial","Sling","StoneCalendar","Bag of Marbles"],"campfire_rested":5,"item_purchase_floors":[2,37,37,48,48],"current_hp_per_floor":[80,80,80,64,70,70,72,65,65,71,70,70,63,67,80,29,80,80,80,80,80,57,15,21,21,21,27,24,48,50,56,80,51,80,80,80,80,80,80,11,11,35,35,59,58,57,62,62,62,39,80,80,80,0],"gold":42,"neow_bonus":"HUNDRED_GOLD","is_prod":false,"is_daily":false,"chose_seed":false,"campfire_upgraded":1,"win_rate":0,"timestamp":1563689793,"path_taken":["M","$","M","?","M","R","M","?","T","M","E","R","E","?","R","BOSS","M","?","M","?","M","E","M","?","T","M","M","R","M","M","R","BOSS","M","?","$","M","?","E","?","R","T","R","M","?","M","$","R","BOSS","R","$","E"],"build_version":"2019-07-17","purchased_purges":2,"victory":false,"max_hp_per_floor":[80,80,80,80,80,80,80,80,80,80,80,80,80,80,80,80,80,80,80,80,80,80,80,80,80,80,80,80,80,80,80,80,80,80,80,80,80,80,80,80,80,80,80,80,80,80,80,80,80,80,80,80,80,80],"card_choices":[{"not_picked":["Iron Wave","Havoc"],"picked":"Ghostly Armor","floor":1},{"not_picked":["Headbutt","Perfected Strike"],"picked":"Flame Barrier","floor":3},{"not_picked":["Inflame","Cleave"],"picked":"Shrug It Off","floor":5},{"not_picked":["Carnage","Whirlwind"],"picked":"Body Slam","floor":7},{"not_picked":["Ghostly Armor","True Grit","Infernal Blade"],"picked":"SKIP","floor":10},{"not_picked":["Flex","Thunderclap","Clothesline"],"picked":"SKIP","floor":11},{"not_picked":["Spot Weakness","Uppercut","Demon Form"],"picked":"SKIP","floor":13},{"not_picked":["Impervious","Brutality"],"picked":"Juggernaut","floor":16},{"not_picked":["Sword Boomerang","Heavy Blade+1"],"picked":"Shrug It Off","floor":18},{"not_picked":["Anger","Shockwave","Twin Strike+1"],"picked":"SKIP","floor":20},{"not_picked":["Clash","Perfected Strike"],"picked":"Barricade","floor":21},{"not_picked":["Warcry","Sword Boomerang","Clash"],"picked":"SKIP","floor":22},{"not_picked":["Havoc","Inflame"],"picked":"Metallicize+1","floor":23},{"not_picked":["Uppercut","Seeing Red","Clothesline"],"picked":"SKIP","floor":24},{"not_picked":["Ghostly Armor+1","Searing Blow","Warcry"],"picked":"SKIP","floor":27},{"not_picked":["Thunderclap","Twin Strike","Perfected Strike"],"picked":"SKIP","floor":28},{"not_picked":["Double Tap","Ghostly Armor","Fire Breathing+1"],"picked":"SKIP","floor":30},{"not_picked":["Anger","Heavy Blade+1","Perfected Strike"],"picked":"SKIP","floor":31},{"not_picked":["Fire Breathing+1","Wild Strike+1","Sword Boomerang"],"picked":"SKIP","floor":35},{"not_picked":["Blood for Blood","Perfected Strike","Warcry+1"],"picked":"SKIP","floor":38},{"not_picked":["Blind","Mind Blast"],"picked":"Flash of Steel","floor":39},{"not_picked":["Seeing Red","Flame Barrier","Iron Wave"],"picked":"SKIP","floor":40},{"not_picked":["Cleave","Twin Strike","Havoc"],"picked":"SKIP","floor":45},{"not_picked":["Flex","Searing Blow+1","Immolate"],"picked":"SKIP","floor":46},{"not_picked":["Clothesline","True Grit+1","Clash+1"],"picked":"SKIP","floor":47}],"player_experience":169132,"relics_obtained":[{"floor":11,"key":"Nunchaku"},{"floor":13,"key":"MawBank"},{"floor":14,"key":"Odd Mushroom"},{"floor":23,"key":"Omamori"},{"floor":25,"key":"Bag of Preparation"},{"floor":26,"key":"Dodecahedron"},{"floor":36,"key":"Calipers"},{"floor":40,"key":"Shovel"},{"floor":43,"key":"Whetstone"},{"floor":49,"key":"Dead Branch"},{"floor":52,"key":"Bottled Flame"}],"event_choices":[{"damage_healed":0,"gold_gain":0,"player_choice":"Entered Light","damage_taken":16,"max_hp_gain":0,"max_hp_loss":0,"event_name":"Shining Light","floor":4,"gold_loss":0,"cards_upgraded":["Ghostly Armor","Defend_R"]},{"cards_removed":["Strike_R"],"damage_healed":0,"gold_gain":0,"player_choice":"Card Removal","damage_taken":7,"max_hp_gain":0,"max_hp_loss":0,"event_name":"Golden Wing","floor":8,"gold_loss":0},{"damage_healed":0,"gold_gain":0,"player_choice":"Fought Mushrooms","damage_taken":0,"max_hp_gain":0,"max_hp_loss":0,"event_name":"Mushrooms","floor":14,"gold_loss":0},{"damage_healed":0,"gold_gain":0,"player_choice":"Bet on Murderer","damage_taken":0,"max_hp_gain":0,"max_hp_loss":0,"event_name":"The Joust","floor":19,"gold_loss":50},{"damage_healed":0,"gold_gain":0,"player_choice":"Fight","damage_taken":0,"max_hp_gain":0,"max_hp_loss":0,"event_name":"MindBloom","floor":36,"gold_loss":0},{"damage_healed":0,"gold_gain":0,"player_choice":"Memory 1","damage_taken":0,"max_hp_gain":0,"max_hp_loss":0,"event_name":"SensoryStone","floor":39,"gold_loss":0},{"damage_healed":0,"gold_gain":0,"player_choice":"Ignored","damage_taken":0,"max_hp_gain":0,"max_hp_loss":0,"event_name":"NoteForYourself","floor":41,"gold_loss":0}],"is_beta":false,"boss_relics":[{"not_picked":["Mark of Pain","Velvet Choker"],"picked":"Fusion Hammer"},{"not_picked":["Snecko Eye","Pandora\u0027s Box"],"picked":"Black Blood"}],"items_purged_floors":[37,48],"is_endless":false,"potions_floor_spawned":[10,11,14,18,21,24,27,28,33,36,40,47],"killed_by":"Shield and Spear","ascension_level":0}