{"path_per_floor":["M","M","?","$","M","R","M","E","T","?","M","R","M","$","R","B",null,"M","?","?","M"],"character_chosen":"THE_SILENT","items_purchased":["Backflip","Strawberry"],"gold_per_floor":[115,127,127,104,120,120,134,166,191,191,206,206,220,71,71,175,175,193,393,393,409],"floor_reached":22,"campfire_rested":0,"playtime":2098,"current_hp_per_floor":[77,73,73,73,66,66,59,48,48,41,41,41,41,48,48,45,91,63,63,45,37],"items_purged":[],"gold":409,"score":220,"play_id":"b2b4fcbf-19aa-4ebb-8737-87c635401ed1","is_prod":false,"is_daily":false,"is_ascension_mode":true,"campfire_upgraded":3,"path_taken":["M","M","?","?","M","R","?","E","T","?","M","R","?","$","R","BOSS","M","?","?","M","M"],"build_version":"2018-02-12-PROD1","purchased_purges":1,"victory":false,"master_deck":["Defend_G","Defend_G","Defend_G","Defend_G","Defend_G","Strike_G","Strike_G","Strike_G","Strike_G","Strike_G","Survivor","Neutralize+1","Dagger Throw","Poisoned Stab","Backflip","Dodge and Roll+1","Escape Plan","Malaise","Dodge and Roll+1","Bouncing Flask","Wraith Form","Doubt","Writhe","Normality","Calculated Gamble"],"max_hp_per_floor":[84,84,84,84,84,84,84,84,84,84,84,84,84,91,91,91,91,91,91,96,96],"relics":["Ring of the Snake","Ornamental Fan","Prayer Wheel","Kunai","Strawberry","Calling Bell","Pantograph","Blue Candle","Mercury Hourglass"],"card_choices":[{"not_picked":["Sucker Punch","Endless Agony"],"picked":"Dagger Throw"},{"not_picked":["Reflex","Prepared"],"picked":"Poisoned Stab"},{"not_picked":["Flying Knee","PiercingWail"],"picked":"Dodge and Roll"},{"not_picked":["Masterful Stab","Expertise"],"picked":"Escape Plan"},{"not_picked":["Tactician","PiercingWail"],"picked":"Malaise"},{"not_picked":["PiercingWail","Distraction"],"picked":"Dodge and Roll"},{"not_picked":["PiercingWail","Dagger Spray"],"picked":"Bouncing Flask"},{"not_picked":["Unload","Envenom"],"picked":"Wraith Form"},{"not_picked":["Flying Knee","Riddle With Holes"],"picked":"Calculated Gamble"}],"player_experience":122394,"potions_floor_usage":[7,16,16,22],"damage_taken":[{"damage":7,"enemies":"2 Louse","floor":1,"turns":4},{"damage":4,"enemies":"Cultist","floor":2,"turns":4},{"damage":7,"enemies":"Blue Slaver","floor":5,"turns":5},{"damage":7,"enemies":"Large Slime","floor":7,"turns":10},{"damage":11,"enemies":"3 Sentries","floor":8,"turns":12},{"damage":0,"enemies":"3 Louse","floor":11,"turns":3},{"damage":0,"enemies":"Red Slaver","floor":13,"turns":5},{"damage":3,"enemies":"The Guardian","floor":16,"turns":13},{"damage":28,"enemies":"3 Byrds","floor":18,"turns":5},{"damage":8,"enemies":"Spheric Guardian","floor":21,"turns":5},{"damage":47,"enemies":"3 Cultists","floor":22,"turns":6}],"event_choices":[{"event_name":"Living Wall","player_choice":"Forget","floor":3,"damage_taken":0},{"event_name":"Scrap Ooze","player_choice":"success","floor":10,"damage_taken":7},{"event_name":"The Joust","player_choice":"Bet on Owner","floor":19,"damage_taken":0},{"event_name":"Forgotten Altar","player_choice":"Shed Blood","floor":20,"damage_taken":0}],"boss_relics":[{"not_picked":["White Beast Statue","Cursed Key"],"picked":"Calling Bell"}],"potions_floor_spawned":[2,11,13,21],"seed_played":"8285125894584425674","killed_by":"3 Cultists","ascension_level":1,"is_trial":false}