{"gold_per_floor":[411,26,40,40,40,74,87,101,101,120,120,120,35,48,48,148,148,129,129,144,155,155,181,67,67,67,67,67,80,91,91,91,193,243,253,253,107,118,118,118,129,149,149,149,165,179,189,189],"floor_reached":48,"playtime":4484,"items_purged":["Doubt"],"score":530,"play_id":"b4fdadc6-eb18-41d3-a536-bfee183e6ebd","local_time":"20190611214537","is_ascension_mode":true,"campfire_choices":[{"floor":11,"key":"REST"},{"floor":15,"key":"REST"},{"floor":32,"key":"REST"},{"floor":40,"key":"RECALL"},{"floor":44,"key":"REST"}],"neow_cost":"CURSE","seed_source_timestamp":443607549193505,"circlet_count":0,"master_deck":["Strike_B+1","Strike_B+1","Strike_B+1","Strike_B+1","Defend_B+1","Defend_B+1","Defend_B+1","Zap","Dualcast","Chill","Sunder","Melter","Cold Snap","Tempest","Beam Cell","Capacitor","Go for the Eyes","Discovery","Barrage","Reboot","Turbo","Compile Driver+1","Go for the Eyes","Darkness","Defragment","Ball Lightning+1","Necronomicurse","Sunder+1","Defragment","Multi-Cast","Self Repair","Streamline","Defragment","Parasite","Redo+1","Glacier+1","Steam+1","Leap+1"],"relics":["FrozenCore","Old Coin","HandDrill","Boot","Unceasing Top","MutagenicStrength","Ice Cream","Shuriken","Necronomicon","Tiny House","DataDisk","Happy Flower"],"potions_floor_usage":[10,16,21,23,23,29,33,46,48],"damage_taken":[{"damage":1,"enemies":"Cultist","floor":1,"turns":3},{"damage":1,"enemies":"Small Slimes","floor":3,"turns":2},{"damage":38,"enemies":"Gremlin Nob","floor":6,"turns":5},{"damage":5,"enemies":"2 Louse","floor":7,"turns":2},{"damage":8,"enemies":"Blue Slaver","floor":8,"turns":3},{"damage":10,"enemies":"3 Louse","floor":10,"turns":3},{"damage":2,"enemies":"Large Slime","floor":14,"turns":4},{"damage":25,"enemies":"Hexaghost","floor":16,"turns":9},{"damage":12,"enemies":"2 Thieves","floor":18,"turns":4},{"damage":2,"enemies":"3 Byrds","floor":20,"turns":4},{"damage":2,"enemies":"Sentry and Sphere","floor":21,"turns":3},{"damage":25,"enemies":"Book of Stabbing","floor":23,"turns":7},{"damage":0,"enemies":"Shelled Parasite and Fungi","floor":29,"turns":5},{"damage":0,"enemies":"Snake Plant","floor":30,"turns":1},{"damage":19,"enemies":"Automaton","floor":33,"turns":9},{"damage":34,"enemies":"3 Shapes","floor":35,"turns":8},{"damage":16,"enemies":"Orb Walker","floor":38,"turns":4},{"damage":12,"enemies":"Writhing Mass","floor":41,"turns":4},{"damage":21,"enemies":"Sphere and 2 Shapes","floor":42,"turns":4},{"damage":0,"enemies":"Jaw Worm Horde","floor":45,"turns":3},{"damage":17,"enemies":"Transient","floor":46,"turns":5},{"damage":2,"enemies":"4 Shapes","floor":47,"turns":28},{"damage":32,"enemies":"Spire Growth","floor":48,"turns":3}],"seed_played":"7483467216292693459","potions_obtained":[{"floor":6,"key":"SpeedPotion"},{"floor":7,"key":"Energy Potion"},{"floor":10,"key":"Fire Potion"},{"floor":16,"key":"Ancient Potion"},{"floor":20,"key":"Energy Potion"},{"floor":21,"key":"Poison Potion"},{"floor":30,"key":"Energy Potion"},{"floor":34,"key":"SneckoOil"},{"floor":41,"key":"SteroidPotion"},{"floor":45,"key":"Swift Potion"},{"floor":47,"key":"Fire Potion"}],"is_trial":false,"path_per_floor":["M","$","M","?","?","E","M","M","T","M","R","?","$","M","R","B",null,"M","?","M","M","?","E","$","?","T","?","$","M","M","?","R","B",null,"M","?","$","M","?","R","M","M","T","R","M","M","M","M"],"character_chosen":"DEFECT","items_purchased":["Sunder","HandDrill","Melter","Discovery","Defragment","Ball Lightning","DataDisk"],"campfire_rested":4,"item_purchase_floors":[2,2,2,13,24,24,37],"current_hp_per_floor":[74,74,73,73,73,35,30,22,22,12,34,34,34,32,54,29,75,63,63,61,59,59,34,34,34,34,18,18,18,18,18,40,21,80,53,53,53,37,37,37,32,11,11,35,35,25,30,0],"gold":189,"neow_bonus":"ONE_RARE_RELIC","is_prod":false,"is_daily":false,"chose_seed":false,"campfire_upgraded":0,"win_rate":0,"timestamp":1560303937,"path_taken":["M","$","?","?","?","E","M","M","T","M","R","?","?","M","R","BOSS","M","?","M","M","?","E","$","?","T","?","$","M","M","?","R","BOSS","M","?","$","M","?","R","M","M","T","R","M","M","M","M"],"build_version":"2019-01-23","purchased_purges":1,"victory":false,"max_hp_per_floor":[75,75,75,75,75,75,75,75,75,75,75,75,75,75,75,75,75,75,75,75,75,75,75,75,75,75,75,75,75,75,75,75,75,80,80,80,80,80,80,80,80,80,80,80,80,80,80,80],"card_choices":[{"not_picked":["Leap","Sweeping Beam"],"picked":"Chill","floor":1},{"not_picked":["Hello World","Barrage"],"picked":"Cold Snap","floor":3},{"not_picked":["Ball Lightning","Buffer"],"picked":"Tempest","floor":6},{"not_picked":["Stack","Coolheaded"],"picked":"Beam Cell","floor":7},{"not_picked":["Beam Cell","Recycle"],"picked":"Capacitor","floor":8},{"not_picked":["Loop","Aggregate"],"picked":"Go for the Eyes","floor":10},{"not_picked":["Glacier","Turbo"],"picked":"Barrage","floor":14},{"not_picked":["Machine Learning","Meteor Strike"],"picked":"Reboot","floor":16},{"not_picked":["Gash","Cold Snap"],"picked":"Turbo","floor":18},{"not_picked":["Ball Lightning","Glacier"],"picked":"Compile Driver+1","floor":20},{"not_picked":["Barrage","Rebound"],"picked":"Go for the Eyes","floor":21},{"not_picked":["Redo","Beam Cell"],"picked":"Darkness","floor":23},{"not_picked":["Go for the Eyes","Loop+1"],"picked":"Sunder+1","floor":29},{"not_picked":["Gash+1","Storm"],"picked":"Defragment","floor":30},{"not_picked":["Biased Cognition","Amplify"],"picked":"Multi-Cast","floor":33},{"not_picked":["Rebound","Skim"],"picked":"Self Repair","floor":34},{"not_picked":["Barrage+1","Sweeping Beam"],"picked":"Streamline","floor":35},{"not_picked":["Steam","Lockon+1"],"picked":"Defragment","floor":38},{"not_picked":["Streamline","FTL+1"],"picked":"Redo+1","floor":41},{"not_picked":["Ball Lightning","Compile Driver","Sweeping Beam"],"picked":"SKIP","floor":42},{"not_picked":["Scrape+1","Stack"],"picked":"Glacier+1","floor":45},{"not_picked":["Stack+1","Streamline+1"],"picked":"Steam+1","floor":46},{"not_picked":["Capacitor","Ball Lightning"],"picked":"Leap+1","floor":47}],"player_experience":468220,"relics_obtained":[{"floor":6,"key":"Unceasing Top"},{"floor":23,"key":"Ice Cream"},{"floor":26,"key":"Shuriken"},{"floor":27,"key":"Necronomicon"},{"floor":43,"key":"Happy Flower"}],"event_choices":[{"damage_healed":0,"gold_gain":0,"player_choice":"Box","damage_taken":0,"relics_obtained":["Boot"],"max_hp_gain":0,"max_hp_loss":0,"event_name":"Big Fish","floor":4,"gold_loss":0,"cards_obtained":["Regret"]},{"damage_healed":0,"gold_gain":0,"player_choice":"Ignored","damage_taken":0,"max_hp_gain":0,"max_hp_loss":0,"event_name":"Shining Light","floor":5,"gold_loss":0},{"cards_removed":["Regret"],"damage_healed":0,"gold_gain":0,"player_choice":"Forget","damage_taken":0,"max_hp_gain":0,"max_hp_loss":0,"event_name":"Living Wall","floor":12,"gold_loss":0},{"damage_healed":0,"gold_gain":0,"player_choice":"Inject Mutagens","damage_taken":0,"relics_obtained":["MutagenicStrength"],"max_hp_gain":0,"max_hp_loss":0,"event_name":"Drug Dealer","floor":19,"gold_loss":0},{"damage_healed":0,"gold_gain":0,"player_choice":"Ignored","damage_taken":0,"max_hp_gain":0,"max_hp_loss":0,"event_name":"The Mausoleum","floor":22,"gold_loss":0},{"damage_healed":0,"gold_gain":0,"player_choice":"Simplicity","damage_taken":0,"max_hp_gain":0,"max_hp_loss":0,"event_name":"Back to Basics","floor":25,"gold_loss":0,"cards_upgraded":["Strike_B","Strike_B","Strike_B","Strike_B","Defend_B","Defend_B","Defend_B","Defend_B"]},{"damage_healed":0,"gold_gain":0,"player_choice":"Obtained Book","damage_taken":16,"max_hp_gain":0,"max_hp_loss":0,"event_name":"Cursed Tome","floor":27,"gold_loss":0},{"damage_healed":0,"gold_gain":0,"player_choice":"Ignored","damage_taken":0,"max_hp_gain":0,"max_hp_loss":0,"event_name":"Vampires","floor":31,"gold_loss":0},{"cards_removed":["Defend_B"],"damage_healed":0,"gold_gain":0,"player_choice":"Removed Skill","damage_taken":0,"max_hp_gain":0,"max_hp_loss":0,"event_name":"Falling","floor":36,"gold_loss":0},{"damage_healed":0,"gold_gain":0,"player_choice":"Ignored","damage_taken":0,"max_hp_gain":0,"max_hp_loss":0,"event_name":"Mysterious Sphere","floor":39,"gold_loss":0}],"is_beta":false,"boss_relics":[{"not_picked":["Sozu","Philosopher\u0027s Stone"],"picked":"FrozenCore"},{"not_picked":["Empty Cage","Cursed Key"],"picked":"Tiny House"}],"items_purged_floors":[2],"is_endless":false,"potions_floor_spawned":[6,7,10,16,20,21,30,41,45,47],"killed_by":"Spire Growth","ascension_level":1}