{"gold_per_floor":[118,118,118,64,64,64,97,97,97,97,110,128,147,171,171,296,296,311,311,336,336,336,336,370,385,385,420,335,351,368,368],"floor_reached":31,"playtime":2918,"items_purged":[],"score":275,"play_id":"6d877b6f-2a7b-4850-8fb1-21a4798bcdc5","local_time":"20180624112335","is_ascension_mode":false,"campfire_choices":[{"data":"Clash","floor":6,"key":"SMITH"},{"data":"Intimidate","floor":8,"key":"SMITH"},{"data":"Clothesline","floor":15,"key":"SMITH"},{"data":"Bloodletting","floor":23,"key":"SMITH"}],"neow_cost":"","seed_source_timestamp":0,"circlet_count":0,"master_deck":["Strike_R+1","Strike_R+1","Strike_R+1","Strike_R+1","Strike_R+1","Defend_R+1","Defend_R+1","Defend_R+1","Defend_R+1","Bash","Heavy Blade+1","Clash+1","Intimidate+1","Injury","Perfected Strike","Wild Strike","Iron Wave","Clothesline+1","Limit Break","Sword Boomerang","Bloodletting+1","Wild Strike+1","Clothesline+1","Heavy Blade","Entrench","Clash","Feel No Pain+1"],"special_seed":0,"relics":["Burning Blood","Torii","Matryoshka","Bloody Idol","Busted Crown","Frozen Egg 2","Strawberry","Mummified Hand","Bronze Scales","Girya"],"potions_floor_usage":[7,14,24,27,30,31],"damage_taken":[{"damage":7.0,"enemies":"Small Slimes","floor":1.0,"turns":4.0},{"damage":21,"enemies":"Gremlin Nob","floor":7,"turns":4},{"damage":0,"enemies":"2 Louse","floor":11,"turns":2},{"damage":9,"enemies":"Jaw Worm","floor":12,"turns":4},{"damage":1,"enemies":"2 Fungi Beasts","floor":13,"turns":3},{"damage":31,"enemies":"Gremlin Gang","floor":14,"turns":7},{"damage":32,"enemies":"The Guardian","floor":16,"turns":15},{"damage":19,"enemies":"3 Byrds","floor":18,"turns":9},{"damage":4,"enemies":"Spheric Guardian","floor":20,"turns":3},{"damage":63,"enemies":"Slavers","floor":24,"turns":9},{"damage":19,"enemies":"Chosen and Byrds","floor":25,"turns":6},{"damage":35,"enemies":"Book of Stabbing","floor":27,"turns":6},{"damage":13,"enemies":"Centurion and Healer","floor":29,"turns":6},{"damage":13,"enemies":"3 Cultists","floor":30,"turns":5},{"damage":21,"enemies":"Snake Plant","floor":31,"turns":2}],"seed_played":"-7828170762223409209","potions_obtained":[{"floor":7,"key":"Ancient Potion"},{"floor":13,"key":"Fruit Juice"},{"floor":25,"key":"Swift Potion"},{"floor":29,"key":"GamblersBrew"},{"floor":30,"key":"Ancient Potion"}],"is_trial":false,"path_per_floor":["M","?","?","$","?","R","E","R","T","?","M","M","M","M","R","B",null,"M","?","M","?","?","R","E","M","T","E","?","M","M"],"character_chosen":"IRONCLAD","items_purchased":["Clash"],"campfire_rested":0,"item_purchase_floors":[4],"current_hp_per_floor":[79,79,79,79,79,79,64,64,64,64,70,67,72,52,52,26,85,72,72,74,74,74,74,22,14,21,20,20,18,16,0],"gold":368,"neow_bonus":"","is_prod":false,"is_daily":false,"chose_seed":false,"campfire_upgraded":4,"win_rate":0.0,"timestamp":1529853815,"path_taken":["M","?","?","$","?","R","E","R","T","?","M","M","M","M","R","BOSS","M","?","M","?","?","R","E","M","T","E","?","M","M","?"],"build_version":"2018-06-21v2","purchased_purges":0,"victory":false,"max_hp_per_floor":[80,80,80,80,80,80,80,80,80,80,80,80,80,85,85,85,85,85,85,85,85,85,85,85,85,92,92,92,92,92,92],"card_choices":[{"not_picked":["Anger","Rage"],"picked":"Heavy Blade","floor":1},{"not_picked":["Fiend Fire","Battle Trance"],"picked":"Intimidate","floor":7},{"not_picked":["Warcry","Pommel Strike"],"picked":"Perfected Strike","floor":11},{"not_picked":["Second Wind","Sword Boomerang"],"picked":"Wild Strike","floor":12},{"not_picked":["Anger","Pommel Strike"],"picked":"Iron Wave","floor":13},{"not_picked":["Iron Wave","Twin Strike"],"picked":"Clothesline","floor":14},{"not_picked":["Demon Form","Brutality"],"picked":"Limit Break","floor":16},{"not_picked":[],"picked":"Sword Boomerang","floor":18},{"not_picked":[],"picked":"Wild Strike+1","floor":20},{"not_picked":[],"picked":"Clothesline+1","floor":24},{"not_picked":[],"picked":"Heavy Blade","floor":25},{"not_picked":[],"picked":"Entrench","floor":27},{"not_picked":[],"picked":"Clash","floor":29},{"not_picked":[],"picked":"Feel No Pain+1","floor":30}],"player_experience":62455,"relics_obtained":[{"floor":7,"key":"Torii"},{"floor":9,"key":"Matryoshka"},{"floor":24,"key":"Frozen Egg 2"},{"floor":26,"key":"Strawberry"},{"floor":26,"key":"Mummified Hand"},{"floor":27,"key":"Bronze Scales"}],"event_choices":[{"event_name":"Liars Game","player_choice":"disagreed","floor":2,"damage_taken":0},{"event_name":"Living Wall","player_choice":"Grow","floor":3,"damage_taken":0},{"event_name":"Shining Light","player_choice":"Ignored","floor":5,"damage_taken":0},{"event_name":"Golden Idol","player_choice":"Take Wound","floor":10,"damage_taken":0},{"event_name":"The Library","player_choice":"Read","floor":19,"damage_taken":0},{"event_name":"Back to Basics","player_choice":"Simplicity","floor":21,"damage_taken":0},{"event_name":"Forgotten Altar","player_choice":"Gave Idol","floor":22,"damage_taken":0},{"event_name":"Addict","player_choice":"Obtained Relic","floor":28,"damage_taken":0}],"boss_relics":[{"not_picked":["Lizard Tail","Eternal Feather"],"picked":"Busted Crown"}],"items_purged_floors":[],"is_endless":false,"potions_floor_spawned":[7,11,13,25,29,30],"killed_by":"Snake Plant","ascension_level":0}