{"gold_per_floor":[211,228,243,253,253,287,306,321,376,452,627,646,646,646,646,769,769,793,779,795,816,13,13,112,132,132,132,132],"floor_reached":28,"playtime":3522,"items_purged":[],"score":224,"play_id":"0ba5bbdb-a24e-4b78-b571-5823f90629d5","local_time":"20180709183115","is_ascension_mode":false,"campfire_choices":[{"data":"Carnage","floor":15.0,"key":"SMITH"},{"floor":23,"key":"REST"},{"floor":27,"key":"REST"}],"neow_cost":"NONE","seed_source_timestamp":0,"circlet_count":0,"master_deck":["Strike_R","Strike_R","Strike_R","Strike_R","Strike_R","Defend_R","Defend_R","Defend_R","Defend_R","Bash","Flex","Disarm","Clash","Flex","Twin Strike","Clash","Shrug It Off","Carnage+1","Double Tap","Flame Barrier","Flex","Sword Boomerang","Clothesline+1","True Grit+1","Swift Strike","Anger","Iron Wave"],"special_seed":0,"relics":["Burning Blood","Juzu Bracelet","Omamori","Golden Idol","Sozu","TheAbacus","Anchor","Toxic Egg 2","Shuriken"],"potions_floor_usage":[20],"damage_taken":[{"damage":2.0,"enemies":"2 Louse","floor":1.0,"turns":4.0},{"damage":7.0,"enemies":"Small Slimes","floor":2.0,"turns":5.0},{"damage":0.0,"enemies":"Cultist","floor":3.0,"turns":5.0},{"damage":0.0,"enemies":"Blue Slaver","floor":4.0,"turns":3.0},{"damage":45.0,"enemies":"3 Sentries","floor":6.0,"turns":14.0},{"damage":5.0,"enemies":"Looter","floor":7.0,"turns":3.0},{"damage":0.0,"enemies":"2 Fungi Beasts","floor":8.0,"turns":2.0},{"damage":0.0,"enemies":"Blue Slaver","floor":12.0,"turns":3.0},{"damage":41.0,"enemies":"The Guardian","floor":16.0,"turns":10.0},{"damage":22.0,"enemies":"3 Byrds","floor":18.0,"turns":6.0},{"damage":23.0,"enemies":"2 Thieves","floor":19.0,"turns":4.0},{"damage":26,"enemies":"3 Cultists","floor":20,"turns":5},{"damage":24,"enemies":"Snake Plant","floor":21,"turns":5},{"damage":15,"enemies":"Chosen and Byrds","floor":25,"turns":8},{"damage":52,"enemies":"Gremlin Leader","floor":28,"turns":9}],"seed_played":"-315505021622730388","potions_obtained":[{"floor":3.0,"key":"SkillPotion"},{"floor":4.0,"key":"BloodPotion"},{"floor":7.0,"key":"Strength Potion"},{"floor":16.0,"key":"Strength Potion"}],"is_trial":false,"path_per_floor":["M","M","M","M","?","E","M","M","T","?","?","M","?","?","R","B",null,"M","M","M","M","$","R","?","M","T","R"],"character_chosen":"IRONCLAD","items_purchased":["TheAbacus","Anchor","Toxic Egg 2","True Grit+1","Swift Strike","Anger"],"campfire_rested":2,"item_purchase_floors":[22,22,22,22,22,22],"current_hp_per_floor":[80,79,80,80,80,49,50,56,56,56,56,62,62,62,62,27,80,64,47,27,9,9,33,33,24,24,48,0],"gold":132,"neow_bonus":"HUNDRED_GOLD","is_prod":false,"is_daily":false,"chose_seed":false,"campfire_upgraded":1,"win_rate":0.0,"timestamp":1531175475,"path_taken":["M","M","M","M","?","E","M","M","T","?","?","M","?","?","R","BOSS","M","M","M","M","$","R","?","M","T","R","E"],"build_version":"2018-07-05","purchased_purges":0,"victory":false,"max_hp_per_floor":[80,80,80,80,80,80,80,80,80,80,80,80,80,80,80,80,80,80,80,80,80,80,80,80,80,80,80,80],"card_choices":[{"not_picked":["Thunderclap","Shrug It Off"],"picked":"Flex","floor":1.0},{"not_picked":["Pommel Strike","Headbutt"],"picked":"Disarm","floor":2.0},{"not_picked":["Pommel Strike","Wild Strike"],"picked":"Clash","floor":3.0},{"not_picked":["Pommel Strike","Searing Blow"],"picked":"Flex","floor":4.0},{"not_picked":["Wild Strike","Barricade"],"picked":"Twin Strike","floor":6.0},{"not_picked":["Perfected Strike","Flex"],"picked":"Clash","floor":7.0},{"not_picked":["Second Wind","Sword Boomerang"],"picked":"Shrug It Off","floor":8.0},{"not_picked":["Havoc","Pummel"],"picked":"Carnage","floor":12.0},{"not_picked":["Brutality","Barricade"],"picked":"Double Tap","floor":16.0},{"not_picked":["Burning Pact","Fire Breathing"],"picked":"Flame Barrier","floor":18.0},{"not_picked":["Body Slam","Bloodletting"],"picked":"Flex","floor":19},{"not_picked":["Reaper","Clothesline"],"picked":"Sword Boomerang","floor":20},{"not_picked":["Armaments","Thunderclap"],"picked":"Clothesline+1","floor":21},{"not_picked":["Thunderclap+1","Shrug It Off+1"],"picked":"Iron Wave","floor":25}],"player_experience":117032,"relics_obtained":[{"floor":6.0,"key":"Juzu Bracelet"},{"floor":9.0,"key":"Omamori"},{"floor":26,"key":"Shuriken"}],"event_choices":[{"event_name":"The Cleric","player_choice":"Leave","floor":5.0,"damage_taken":0.0},{"event_name":"Golden Wing","player_choice":"Gained Gold","floor":10.0,"damage_taken":0.0},{"event_name":"Liars Game","player_choice":"agreed","floor":11.0,"damage_taken":0.0},{"event_name":"Golden Idol","player_choice":"Take Wound","floor":13.0,"damage_taken":0.0},{"event_name":"Accursed Blacksmith","player_choice":"Ignore","floor":14.0,"damage_taken":0.0},{"event_name":"Nest","player_choice":"Stole From Cult","floor":24,"damage_taken":0}],"boss_relics":[{"not_picked":["Eternal Feather","Cursed Key"],"picked":"Sozu"}],"items_purged_floors":[],"is_endless":false,"potions_floor_spawned":[3,4,7,16,18,25],"killed_by":"Gremlin Leader","ascension_level":0}