{"gold_per_floor":[113,130,130,149,170,170,184,184,209,209,209,359,359,14,14,109,109,124,124,138,23,23,23,48,48,74,86,86,106,119,198,198,198],"floor_reached":33,"playtime":1396,"items_purged":["Doubt"],"score":462,"play_id":"c81e212e-f862-4900-ae05-95b5afafcbfd","local_time":"20190305131427","is_ascension_mode":true,"campfire_choices":[{"data":"Flame Barrier","floor":6.0,"key":"SMITH"},{"data":"Whirlwind","floor":8.0,"key":"SMITH"},{"data":"True Grit","floor":11.0,"key":"SMITH"},{"data":"Metallicize","floor":13.0,"key":"SMITH"},{"floor":15.0,"key":"REST"},{"data":"Armaments","floor":23.0,"key":"SMITH"},{"floor":28.0,"key":"REST"},{"data":"Armaments","floor":32.0,"key":"SMITH"}],"neow_cost":"NONE","seed_source_timestamp":0,"circlet_count":0,"master_deck":["AscendersBane","Strike_R","Strike_R","Strike_R","Defend_R","Defend_R","Defend_R","Defend_R","Bash","Whirlwind+1","Flame Barrier+1","Spot Weakness","Metallicize+1","True Grit+1","Shockwave","Spot Weakness","Iron Wave","Reaper","Armaments+1","Flame Barrier","Metallicize","Armaments+1","Fiend Fire","Ghostly Armor","Flame Barrier"],"special_seed":0,"relics":["Burning Blood","Pen Nib","Bloody Idol","Smiling Mask","Ancient Tea Set","Dream Catcher","Empty Cage","Blood Vial","Happy Flower","Pantograph"],"potions_floor_usage":[33],"damage_taken":[{"damage":4.0,"enemies":"Jaw Worm","floor":1.0,"turns":5.0},{"damage":1.0,"enemies":"2 Louse","floor":2.0,"turns":4.0},{"damage":1.0,"enemies":"Cultist","floor":4.0,"turns":5.0},{"damage":0.0,"enemies":"Red Slaver","floor":5.0,"turns":5.0},{"damage":7.0,"enemies":"3 Louse","floor":7.0,"turns":3.0},{"damage":48.0,"enemies":"Slime Boss","floor":16.0,"turns":10.0},{"damage":25.0,"enemies":"Chosen","floor":18.0,"turns":6.0},{"damage":23.0,"enemies":"Shell Parasite","floor":20.0,"turns":10.0},{"damage":14.0,"enemies":"Cultist and Chosen","floor":24.0,"turns":9.0},{"damage":20.0,"enemies":"Snake Plant","floor":27.0,"turns":7.0},{"damage":5.0,"enemies":"Snecko","floor":29.0,"turns":10.0},{"damage":11.0,"enemies":"Chosen and Byrds","floor":30.0,"turns":8.0},{"damage":111,"enemies":"Collector","floor":33,"turns":9}],"seed_played":"6079861621592501045","potions_obtained":[{"floor":1.0,"key":"SteroidPotion"},{"floor":4.0,"key":"Explosive Potion"},{"floor":18.0,"key":"Regen Potion"},{"floor":20.0,"key":"Swift Potion"},{"floor":29.0,"key":"Poison Potion"}],"is_trial":false,"path_per_floor":["M","M","?","M","M","R","M","R","T","?","R","?","R","$","R","B",null,"M","?","M","$","?","R","M","?","T","M","R","M","M","T","R","B"],"character_chosen":"IRONCLAD","items_purchased":["Dream Catcher","Shockwave","Spot Weakness","Metallicize","Armaments"],"campfire_rested":2,"item_purchase_floors":[14,14,14,21,21],"current_hp_per_floor":[70,75,49,54,60,60,59,59,59,33,33,33,33,33,55,13,60,45,45,38,38,38,38,44,44,49,47,69,75,75,75,75,0],"gold":198,"neow_bonus":"RANDOM_COMMON_RELIC","is_prod":false,"is_daily":false,"chose_seed":false,"campfire_upgraded":6,"win_rate":0,"timestamp":1551809667,"path_taken":["M","M","?","M","M","R","M","R","T","?","R","?","R","$","R","BOSS","M","?","?","$","?","R","M","?","T","M","R","M","M","?","R","BOSS"],"build_version":"2019-02-06","purchased_purges":1,"victory":false,"max_hp_per_floor":[75,75,75,75,75,75,75,75,75,75,75,75,75,75,75,75,75,75,75,75,75,75,75,75,75,75,75,75,75,75,75,75,75],"card_choices":[{"not_picked":["Infernal Blade","Cleave"],"picked":"Whirlwind","floor":1.0},{"not_picked":["Rampage","Warcry"],"picked":"Flame Barrier","floor":2.0},{"not_picked":["Sever Soul","Heavy Blade"],"picked":"Spot Weakness","floor":4.0},{"not_picked":["Armaments","Shrug It Off"],"picked":"Metallicize","floor":5.0},{"not_picked":["Entrench","Flex"],"picked":"True Grit","floor":7.0},{"not_picked":["Bloodletting","Headbutt"],"picked":"Iron Wave","floor":15.0},{"not_picked":["Demon Form","Barricade"],"picked":"Reaper","floor":16.0},{"not_picked":["Body Slam","Flex"],"picked":"Armaments","floor":18.0},{"not_picked":["Body Slam","Shrug It Off"],"picked":"Flame Barrier","floor":20.0},{"not_picked":["Twin Strike","Havoc"],"picked":"Fiend Fire","floor":24.0},{"not_picked":["Perfected Strike","True Grit","Headbutt"],"picked":"SKIP","floor":27.0},{"not_picked":["Wild Strike","Evolve"],"picked":"Ghostly Armor","floor":28.0},{"not_picked":["Cleave","Whirlwind","Rage"],"picked":"SKIP","floor":29.0},{"not_picked":["Flex+1","True Grit"],"picked":"Flame Barrier","floor":30.0}],"player_experience":1030689,"relics_obtained":[{"floor":9.0,"key":"Smiling Mask"},{"floor":26.0,"key":"Happy Flower"},{"floor":31.0,"key":"Pantograph"}],"event_choices":[{"damage_healed":0.0,"max_hp_gain":0.0,"max_hp_loss":0.0,"gold_gain":0.0,"event_name":"Golden Idol","player_choice":"Take Damage","floor":3.0,"gold_loss":0.0,"damage_taken":26.0,"relics_obtained":["Golden Idol"]},{"damage_healed":0.0,"max_hp_gain":0.0,"max_hp_loss":0.0,"gold_gain":0.0,"event_name":"Scrap Ooze","player_choice":"Success","floor":10.0,"gold_loss":0.0,"damage_taken":26.0,"relics_obtained":["Ancient Tea Set"]},{"damage_healed":0.0,"max_hp_gain":0.0,"max_hp_loss":0.0,"gold_gain":150.0,"event_name":"Liars Game","player_choice":"AGREE","floor":12.0,"gold_loss":0.0,"damage_taken":0.0,"cards_obtained":["Doubt"]},{"damage_healed":0.0,"max_hp_gain":0.0,"max_hp_loss":0.0,"gold_gain":0.0,"event_name":"WeMeetAgain","player_choice":"Gave Potion","floor":19.0,"gold_loss":0.0,"damage_taken":0.0,"relics_obtained":["Blood Vial"]},{"damage_healed":0.0,"max_hp_gain":0.0,"max_hp_loss":0.0,"gold_gain":0.0,"event_name":"Vampires","player_choice":"Ignored","floor":22.0,"gold_loss":0.0,"damage_taken":0.0},{"damage_healed":0.0,"max_hp_gain":0.0,"max_hp_loss":0.0,"gold_gain":0.0,"event_name":"Forgotten Altar","player_choice":"Gave Idol","floor":25.0,"relics_lost":["Golden Idol"],"gold_loss":0.0,"damage_taken":0.0,"relics_obtained":["Bloody Idol"]}],"is_beta":true,"boss_relics":[{"not_picked":["Runic Dome","Calling Bell"],"picked":"Empty Cage"}],"items_purged_floors":[14],"is_endless":false,"potions_floor_spawned":[1,4,18,20,29],"killed_by":"Collector","ascension_level":19}