{"gold_per_floor":[109,109,59,72,83,109,122,50,50,50,80,99,117,117,117,245,245,258,258,68,68,68,81,81],"floor_reached":24,"playtime":1768,"items_purged":[],"score":206,"play_id":"803c7b24-56b1-4d84-bfca-e5f82e5cae71","local_time":"20190623223250","is_ascension_mode":false,"campfire_choices":[{"data":"Metallicize","floor":10,"key":"SMITH"},{"data":"Searing Blow","floor":15,"key":"SMITH"}],"neow_cost":"NONE","seed_source_timestamp":158752040336424,"circlet_count":0,"master_deck":["Strike_R","Strike_R","Strike_R","Strike_R","Strike_R","Defend_R","Defend_R","Defend_R","Defend_R","Bash","Shrug It Off","Flex","Heavy Blade","Armaments","Headbutt","Metallicize+1","Rage","Flame Barrier","Headbutt","Searing Blow+1","Injury","Fiend Fire","Armaments","Dropkick","Body Slam","Barricade","Twin Strike","Feel No Pain","Thunderclap"],"relics":["Burning Blood","NeowsBlessing","Orichalcum","Matryoshka","FossilizedHelix","Bloody Idol","Orrery","Enchiridion","Strawberry"],"potions_floor_usage":[6,11,11,16,23,24,24],"damage_taken":[{"damage":0,"enemies":"Cultist","floor":1,"turns":1},{"damage":0,"enemies":"Small Slimes","floor":4,"turns":1},{"damage":0,"enemies":"2 Louse","floor":5,"turns":1},{"damage":27,"enemies":"3 Sentries","floor":6,"turns":11},{"damage":7,"enemies":"Blue Slaver","floor":7,"turns":3},{"damage":20,"enemies":"Lagavulin","floor":11,"turns":9},{"damage":13,"enemies":"3 Louse","floor":12,"turns":6},{"damage":3,"enemies":"Lots of Slimes","floor":13,"turns":6},{"damage":29,"enemies":"Hexaghost","floor":16,"turns":13},{"damage":39,"enemies":"Spheric Guardian","floor":18,"turns":11},{"damage":36,"enemies":"3 Byrds","floor":23,"turns":8},{"damage":15,"enemies":"Snake Plant","floor":24,"turns":3}],"seed_played":"-515770658977358920","potions_obtained":[{"floor":2,"key":"Ancient Potion"},{"floor":2,"key":"SneckoOil"},{"floor":2,"key":"GamblersBrew"},{"floor":5,"key":"Poison Potion"},{"floor":6,"key":"Ancient Potion"},{"floor":11,"key":"Ancient Potion"},{"floor":12,"key":"Poison Potion"},{"floor":23,"key":"Ancient Potion"}],"is_trial":false,"path_per_floor":["M","?","$","M","M","E","M","$","T","R","E","M","M","?","R","B",null,"M","?","$","?","?","M","M"],"character_chosen":"IRONCLAD","items_purchased":["Flex","Rage","Feel No Pain","Strawberry"],"campfire_rested":0,"item_purchase_floors":[3,8,20,20],"current_hp_per_floor":[80,80,80,80,80,59,58,58,58,58,44,37,40,40,40,17,80,47,31,38,38,38,13,0],"gold":81,"neow_bonus":"THREE_ENEMY_KILL","is_prod":false,"is_daily":false,"chose_seed":false,"campfire_upgraded":2,"win_rate":0,"timestamp":1561347170,"path_taken":["M","?","$","?","M","E","M","$","T","R","E","M","M","?","R","BOSS","M","?","$","?","?","M","M"],"build_version":"2019-01-23","purchased_purges":0,"victory":false,"max_hp_per_floor":[80,80,80,80,80,80,80,80,80,80,80,80,80,80,80,80,80,80,80,87,87,87,87,87],"card_choices":[{"not_picked":["Cleave","Disarm"],"picked":"Shrug It Off","floor":1},{"not_picked":["Shrug It Off","Body Slam"],"picked":"Heavy Blade","floor":4},{"not_picked":["Cleave","Second Wind"],"picked":"Armaments","floor":5},{"not_picked":["Warcry","Cleave"],"picked":"Headbutt","floor":6},{"not_picked":["Flex","Shockwave"],"picked":"Metallicize","floor":7},{"not_picked":["Hemokinesis","Anger"],"picked":"Flame Barrier","floor":11},{"not_picked":["Perfected Strike","Heavy Blade"],"picked":"Headbutt","floor":12},{"not_picked":["Wild Strike","Pummel"],"picked":"Searing Blow","floor":13},{"not_picked":["Berserk","Immolate"],"picked":"Fiend Fire","floor":16},{"not_picked":["Carnage","Cleave"],"picked":"Armaments","floor":17},{"not_picked":["Heavy Blade","Cleave"],"picked":"Dropkick","floor":17},{"not_picked":["Havoc","Sword Boomerang"],"picked":"Body Slam","floor":17},{"not_picked":["Cleave","Feel No Pain"],"picked":"Barricade","floor":17},{"not_picked":["Wild Strike","Clothesline"],"picked":"Twin Strike","floor":17},{"not_picked":["Reckless Charge","Shockwave","Warcry"],"picked":"SKIP","floor":18},{"not_picked":["Wild Strike+1","Reckless Charge"],"picked":"Thunderclap","floor":23}],"player_experience":86648,"relics_obtained":[{"floor":6,"key":"Orichalcum"},{"floor":9,"key":"Matryoshka"},{"floor":11,"key":"FossilizedHelix"},{"floor":19,"key":"Enchiridion"}],"event_choices":[{"damage_healed":0,"gold_gain":0,"player_choice":"Got Potions","damage_taken":0,"max_hp_gain":0,"max_hp_loss":0,"event_name":"Lab","floor":2,"gold_loss":0},{"damage_healed":0,"gold_gain":0,"player_choice":"Take Wound","damage_taken":0,"relics_obtained":["Golden Idol"],"max_hp_gain":0,"max_hp_loss":0,"event_name":"Golden Idol","floor":14,"gold_loss":0,"cards_obtained":["Injury"]},{"damage_healed":0,"gold_gain":0,"player_choice":"Obtained Book","damage_taken":16,"max_hp_gain":0,"max_hp_loss":0,"event_name":"Cursed Tome","floor":19,"gold_loss":0},{"damage_healed":0,"gold_gain":0,"player_choice":"Gave Idol","damage_taken":0,"relics_obtained":["Bloody Idol"],"max_hp_gain":0,"max_hp_loss":0,"event_name":"Forgotten Altar","floor":21,"relics_lost":["Golden Idol"],"gold_loss":0},{"damage_healed":0,"gold_gain":0,"player_choice":"Ignored","damage_taken":0,"max_hp_gain":0,"max_hp_loss":0,"event_name":"Ghosts","floor":22,"gold_loss":0}],"is_beta":false,"boss_relics":[{"not_picked":["Ectoplasm","Lizard Tail"],"picked":"Orrery"}],"items_purged_floors":[],"is_endless":false,"potions_floor_spawned":[5,6,11,12,23],"killed_by":"Snake Plant","ascension_level":0}