{"path_per_floor":["M","?","?","M","M","R","M","R","T","E","?","R","$","E","R","B",null,"M","M"],"character_chosen":"THE_SILENT","items_purchased":["Whetstone"],"gold_per_floor":[111,111,111,130,148,148,168,168,217,248,248,248,104,132,132,235,235,248,258],"floor_reached":20,"campfire_rested":1,"playtime":1553,"current_hp_per_floor":[68,65,65,65,65,65,52,52,52,21,21,42,42,33,33,23,70,61,32],"items_purged":[],"gold":258,"score":182,"play_id":"83487370-b084-451f-8816-d99204aaba8d","is_prod":false,"is_daily":false,"is_ascension_mode":false,"campfire_upgraded":3,"path_taken":["M","?","?","M","M","R","M","R","T","E","?","R","$","E","R","BOSS","M","M","?"],"build_version":"2018-02-12-PROD1","purchased_purges":0,"victory":false,"master_deck":["Defend_G","Defend_G","Defend_G","Defend_G","Strike_G+1","Strike_G+1","Survivor+1","Neutralize+1","Flying Knee","Dagger Throw","Backflip","Distraction","Deadly Poison+1","Cloak And Dagger","A Thousand Cuts","Venomology+1","Burst+1","Burst+1","Distraction","Catalyst+1"],"max_hp_per_floor":[70,70,70,70,70,70,70,70,70,70,70,70,70,70,70,70,70,70,70],"relics":["Ring of the Snake","Bag of Marbles","Bronze Scales","Pen Nib","Whetstone","Dream Catcher","Astrolabe"],"card_choices":[{"not_picked":["Quick Slash","Crippling Poison"],"picked":"Flying Knee"},{"not_picked":["Skewer","Backflip"],"picked":"Dagger Throw"},{"not_picked":["Sucker Punch","Eviscerate"],"picked":"Backflip"},{"not_picked":["Dagger Throw","Heel Hook"],"picked":"Distraction"},{"not_picked":["Calculated Gamble","Backflip"],"picked":"Deadly Poison"},{"not_picked":["Glass Knife","Heel Hook"],"picked":"Cloak And Dagger"},{"not_picked":["Glass Knife","Phantasmal Killer"],"picked":"A Thousand Cuts"},{"not_picked":["Dodge and Roll","Infinite Blades"],"picked":"Distraction"},{"not_picked":["Heel Hook","Infinite Blades"],"picked":"Catalyst"}],"player_experience":134565,"potions_floor_usage":[7,10,14,18,18,19,19,19],"damage_taken":[{"damage":2,"enemies":"Jaw Worm","floor":1,"turns":6},{"damage":0,"enemies":"Small Slimes","floor":4,"turns":4},{"damage":0,"enemies":"Cultist","floor":5,"turns":3},{"damage":13,"enemies":"Exordium Wildlife","floor":7,"turns":5},{"damage":31,"enemies":"Lagavulin","floor":10,"turns":9},{"damage":9,"enemies":"Gremlin Nob","floor":14,"turns":4},{"damage":10,"enemies":"Hexaghost","floor":16,"turns":9},{"damage":9,"enemies":"3 Byrds","floor":18,"turns":3},{"damage":29,"enemies":"2 Thieves","floor":19,"turns":4},{"damage":36,"enemies":"3 Cultists","floor":20,"turns":4}],"event_choices":[{"event_name":"Scrap Ooze","player_choice":"success","floor":2,"damage_taken":3},{"event_name":"Purifier","player_choice":"One Purge","floor":3,"damage_taken":0},{"event_name":"Golden Wing","player_choice":"Ignored","floor":11,"damage_taken":0}],"boss_relics":[{"not_picked":["Philosopher\u0027s Stone","Orrery"],"picked":"Astrolabe"}],"potions_floor_spawned":[4,10,14],"seed_played":"9086597327041548401","killed_by":"3 Cultists","ascension_level":0,"is_trial":false}