{"gold_per_floor":[117,131,131,148,148,176,191,191,214,241,416,416,6,35,35,140,140,151,151,6,22,33,33],"floor_reached":23,"playtime":905,"items_purged":["Doubt"],"score":334,"play_id":"a799803b-335a-48aa-940e-283d49c65f30","local_time":"20190707222847","is_ascension_mode":true,"campfire_choices":[{"data":"Wild Strike","floor":8,"key":"SMITH"},{"floor":15,"key":"REST"}],"neow_cost":"NONE","seed_source_timestamp":1040806292851100,"circlet_count":0,"master_deck":["AscendersBane","Strike_R","Strike_R","Strike_R","Strike_R","Defend_R","Defend_R+1","Defend_R","Defend_R+1","Cleave","Wild Strike+1","Cleave","Battle Trance","Flex","Cleave","Dark Embrace","Apotheosis","Shockwave","Feed","Metallicize","Shrug It Off+1"],"relics":["Burning Blood","Bag of Marbles","Boot","Oddly Smooth Stone","Bottled Tornado","War Paint","Juzu Bracelet","Busted Crown","Orichalcum"],"potions_floor_usage":[6,10,10,21],"damage_taken":[{"damage":3,"enemies":"Small Slimes","floor":1,"turns":3},{"damage":0,"enemies":"Cultist","floor":2,"turns":3},{"damage":9,"enemies":"Jaw Worm","floor":4,"turns":4},{"damage":51,"enemies":"Lagavulin","floor":6,"turns":6},{"damage":7,"enemies":"3 Louse","floor":7,"turns":2},{"damage":8,"enemies":"Gremlin Nob","floor":10,"turns":3},{"damage":21,"enemies":"3 Sentries","floor":14,"turns":4},{"damage":29,"enemies":"Slime Boss","floor":16,"turns":7},{"damage":24,"enemies":"2 Thieves","floor":18,"turns":3},{"damage":17,"enemies":"Chosen","floor":21,"turns":5},{"damage":12,"enemies":"Snake Plant","floor":22,"turns":4},{"damage":41,"enemies":"Book of Stabbing","floor":23,"turns":6}],"seed_played":"-3660047155301629172","potions_obtained":[{"floor":1,"key":"Fire Potion"},{"floor":6,"key":"Explosive Potion"},{"floor":10,"key":"Fruit Juice"},{"floor":18,"key":"Block Potion"}],"is_trial":false,"path_per_floor":["M","M","?","M","?","E","M","R","T","E","?","T","$","E","R","B",null,"M","?","$","M","M","E"],"character_chosen":"IRONCLAD","items_purchased":["War Paint","Apotheosis","Orichalcum"],"campfire_rested":1,"item_purchase_floors":[13,13,20],"current_hp_per_floor":[75,80,80,77,77,32,31,31,31,34,34,34,34,19,44,21,69,51,51,51,44,38,0],"gold":33,"neow_bonus":"THREE_CARDS","is_prod":false,"is_daily":false,"chose_seed":false,"campfire_upgraded":1,"win_rate":0,"timestamp":1562552927,"path_taken":["M","M","?","?","?","E","M","R","T","E","?","?","$","E","R","BOSS","M","?","$","M","M","E"],"build_version":"2019-07-05","purchased_purges":1,"victory":false,"max_hp_per_floor":[80,80,80,80,80,80,80,80,80,85,85,85,85,85,85,85,85,85,85,85,89,89,89],"card_choices":[{"not_picked":["Shrug It Off","Seeing Red"],"picked":"Cleave","floor":0},{"not_picked":["Flame Barrier","Iron Wave"],"picked":"Wild Strike","floor":1},{"not_picked":["Warcry","Body Slam"],"picked":"Cleave","floor":2},{"not_picked":["Heavy Blade","Sword Boomerang"],"picked":"Battle Trance","floor":4},{"not_picked":["Flame Barrier","Carnage"],"picked":"Cleave","floor":6},{"not_picked":["True Grit","Body Slam","Heavy Blade"],"picked":"SKIP","floor":7},{"not_picked":["Seeing Red","Corruption"],"picked":"Dark Embrace","floor":10},{"not_picked":["Flex","Combust"],"picked":"Shockwave","floor":14},{"not_picked":["Impervious","Bludgeon"],"picked":"Feed","floor":16},{"not_picked":[],"picked":"Metallicize","floor":18},{"not_picked":["Clash"],"picked":"SKIP","floor":21},{"not_picked":[],"picked":"Shrug It Off+1","floor":22}],"player_experience":588090,"relics_obtained":[{"floor":6,"key":"Bag of Marbles"},{"floor":9,"key":"Boot"},{"floor":10,"key":"Oddly Smooth Stone"},{"floor":12,"key":"Bottled Tornado"},{"floor":14,"key":"Juzu Bracelet"}],"event_choices":[{"cards_removed":["Bash"],"damage_healed":0,"gold_gain":0,"player_choice":"Offered Basic","damage_taken":0,"max_hp_gain":0,"max_hp_loss":0,"event_name":"Bonfire Elementals","floor":3,"gold_loss":0},{"damage_healed":0,"gold_gain":0,"cards_transformed":["Strike_R"],"player_choice":"Change","damage_taken":0,"max_hp_gain":0,"max_hp_loss":0,"event_name":"Living Wall","floor":5,"gold_loss":0,"cards_obtained":["Flex"]},{"damage_healed":0,"gold_gain":175,"player_choice":"AGREE","damage_taken":0,"max_hp_gain":0,"max_hp_loss":0,"event_name":"Liars Game","floor":11,"gold_loss":0,"cards_obtained":["Doubt"]},{"damage_healed":0,"gold_gain":0,"player_choice":"Ignored","damage_taken":0,"max_hp_gain":0,"max_hp_loss":0,"event_name":"Vampires","floor":19,"gold_loss":0}],"is_beta":false,"boss_relics":[{"not_picked":["Philosopher\u0027s Stone","Runic Pyramid"],"picked":"Busted Crown"}],"items_purged_floors":[13],"is_endless":false,"potions_floor_spawned":[1,6,10,18],"killed_by":"Book of Stabbing","ascension_level":12}