{"gold_per_floor":[20,38,38,49,11,11,40,58,81,81,112,112,143,163,163,163],"floor_reached":16,"playtime":592,"items_purged":[],"score":204,"play_id":"8962d96d-db57-42d2-a891-03f2b02ff190","local_time":"20190721030312","is_ascension_mode":true,"campfire_choices":[{"data":"Secret Technique","floor":6,"key":"SMITH"},{"data":"Feed","floor":12,"key":"SMITH"},{"data":"Flame Barrier","floor":15,"key":"SMITH"}],"neow_cost":"NO_GOLD","seed_source_timestamp":186615321665600,"circlet_count":0,"master_deck":["AscendersBane","Strike_R","Strike_R","Strike_R","Strike_R","Strike_R","Defend_R","Defend_R","Defend_R","Defend_R","Bash","Secret Weapon","Secret Technique+1","Anger","Cleave","Flame Barrier+1","Searing Blow","Shockwave","Carnage","Feed+1","Spot Weakness"],"relics":["Burning Blood","Orichalcum","Smiling Mask","Dream Catcher","Ornamental Fan"],"potions_floor_usage":[11,11,16],"damage_taken":[{"damage":1,"enemies":"Cultist","floor":1,"turns":4},{"damage":9,"enemies":"2 Louse","floor":2,"turns":3},{"damage":4,"enemies":"Small Slimes","floor":4,"turns":3},{"damage":24,"enemies":"Gremlin Nob","floor":7,"turns":4},{"damage":9,"enemies":"3 Louse","floor":8,"turns":3},{"damage":21,"enemies":"Lagavulin","floor":11,"turns":6},{"damage":22,"enemies":"Gremlin Nob","floor":13,"turns":5},{"damage":2,"enemies":"Gremlin Gang","floor":14,"turns":3},{"damage":29,"enemies":"The Guardian","floor":16,"turns":9}],"seed_played":"8536401985345348793","potions_obtained":[{"floor":1,"key":"Energy Potion"},{"floor":7,"key":"Weak Potion"},{"floor":13,"key":"SpeedPotion"},{"floor":14,"key":"SteroidPotion"}],"is_trial":false,"path_per_floor":["M","M","$","M","$","R","E","M","T","?","E","R","E","M","R","B"],"character_chosen":"IRONCLAD","items_purchased":["Searing Blow"],"campfire_rested":0,"item_purchase_floors":[5],"current_hp_per_floor":[73,70,70,72,72,72,54,51,51,51,36,36,20,28,28,0],"gold":163,"neow_bonus":"RANDOM_COLORLESS_2","is_prod":false,"is_daily":false,"chose_seed":false,"campfire_upgraded":3,"win_rate":0,"timestamp":1563692592,"path_taken":["M","?","$","M","?","R","E","?","T","?","E","R","E","M","R","BOSS"],"build_version":"2019-07-17","purchased_purges":0,"victory":false,"max_hp_per_floor":[75,75,75,75,75,75,75,75,75,75,75,75,75,79,79,79],"card_choices":[{"not_picked":["Battle Trance","Armaments"],"picked":"Anger","floor":1},{"not_picked":["Perfected Strike","Disarm"],"picked":"Cleave","floor":2},{"not_picked":["Iron Wave","Warcry"],"picked":"Flame Barrier","floor":4},{"not_picked":["Feel No Pain","Armaments"],"picked":"Shockwave","floor":7},{"not_picked":["Clash","Shrug It Off"],"picked":"Carnage","floor":8},{"not_picked":["Anger","Dual Wield"],"picked":"Feed","floor":11},{"not_picked":["Flex","Pommel Strike","Body Slam"],"picked":"SKIP","floor":13},{"not_picked":["Body Slam","Anger"],"picked":"Spot Weakness","floor":14}],"player_experience":678036,"relics_obtained":[{"floor":7,"key":"Orichalcum"},{"floor":9,"key":"Smiling Mask"},{"floor":11,"key":"Dream Catcher"},{"floor":13,"key":"Ornamental Fan"}],"event_choices":[{"damage_healed":0,"gold_gain":0,"player_choice":"Ignored","damage_taken":0,"max_hp_gain":0,"max_hp_loss":0,"event_name":"Liars Game","floor":10,"gold_loss":0}],"is_beta":false,"boss_relics":[],"items_purged_floors":[],"is_endless":false,"potions_floor_spawned":[1,7,13,14],"killed_by":"The Guardian","ascension_level":14}