{"path_per_floor":["M","?","$","T","M","R","M","M","T","?","M","E","R","?","R","B",null,"M","$","M","M","?","?","R","M","T","R","?","R","M","?","R"],"character_chosen":"IRONCLAD","items_purchased":["Meat on the Bone","Toolbox"],"gold_per_floor":[110,285,40,40,54,54,74,88,112,112,123,150,150,225,225,321,321,334,15,28,44,44,44,44,58,58,58,58,58,72,72,72,72],"floor_reached":33,"campfire_rested":1,"playtime":2658,"current_hp_per_floor":[80,80,80,90,90,90,90,83,83,83,78,69,69,58,58,38,101,87,87,80,66,66,66,66,60,67,67,67,67,56,56,93,0],"items_purged":["Doubt"],"gold":72,"score":307,"play_id":"a26c3f82-d998-4d83-bca2-890e903abe35","local_time":"20180505133525","is_prod":false,"is_daily":false,"chose_seed":false,"is_ascension_mode":true,"campfire_upgraded":6,"timestamp":1525541725,"path_taken":["M","?","$","?","M","R","M","M","T","?","M","E","R","?","R","BOSS","M","$","M","M","?","?","R","M","T","R","?","R","M","?","R","BOSS"],"build_version":"2018-05-03","seed_source_timestamp":0,"purchased_purges":2,"victory":false,"master_deck":["Strike_R","Strike_R","Strike_R","Strike_R","Strike_R","Defend_R","Defend_R","Defend_R","Defend_R","Bash+1","Metallicize+1","Pommel Strike","Feed+1","Battle Trance+1","Clothesline+1","Fire Breathing","Double Tap","Dropkick","Spot Weakness+1","Metallicize+1","Normality"],"max_hp_per_floor":[80,80,80,90,90,90,90,93,93,93,97,101,101,101,101,101,101,105,105,105,109,109,109,109,111,118,118,118,118,124,124,124,124],"relics":["Burning Blood","Meat on the Bone","Pear","Juzu Bracelet","Calipers","Runic Cube","Toolbox","Singing Bowl","Strawberry"],"card_choices":[{"not_picked":["Wild Strike","Armaments"],"picked":"Metallicize","floor":1},{"not_picked":["Combust","Sword Boomerang"],"picked":"Pommel Strike","floor":5},{"not_picked":["True Grit","Armaments"],"picked":"Feed","floor":7},{"not_picked":["Armaments","Seeing Red"],"picked":"Battle Trance","floor":8},{"not_picked":["Thunderclap","Twin Strike"],"picked":"Clothesline","floor":11},{"not_picked":["Heavy Blade","Thunderclap"],"picked":"Fire Breathing","floor":12},{"not_picked":["Barricade","Feed"],"picked":"Double Tap","floor":16},{"not_picked":["Heavy Blade","Havoc"],"picked":"Dropkick","floor":20},{"not_picked":["Ghostly Armor","Cleave"],"picked":"Spot Weakness","floor":21}],"player_experience":160881,"potions_floor_usage":[12,16,16,25,30,33],"damage_taken":[{"damage":6,"enemies":"Jaw Worm","floor":1,"turns":5},{"damage":0,"enemies":"2 Louse","floor":5,"turns":3},{"damage":3,"enemies":"Cultist","floor":7,"turns":5},{"damage":16,"enemies":"Exordium Thugs","floor":8,"turns":10},{"damage":15,"enemies":"Large Slime","floor":11,"turns":9},{"damage":19,"enemies":"Lagavulin","floor":12,"turns":8},{"damage":38,"enemies":"The Guardian","floor":16,"turns":15},{"damage":24,"enemies":"Shell Parasite","floor":18,"turns":13},{"damage":13,"enemies":"Chosen","floor":20,"turns":6},{"damage":36,"enemies":"Snake Plant","floor":21,"turns":5},{"damage":26,"enemies":"Snecko","floor":25,"turns":8},{"damage":44,"enemies":"Sentry and Sphere","floor":30,"turns":8},{"damage":93,"enemies":"Champ","floor":33,"turns":11}],"event_choices":[{"event_name":"Liars Game","player_choice":"agreed","floor":2,"damage_taken":0},{"event_name":"Upgrade Shrine","player_choice":"Upgraded","floor":10,"damage_taken":0},{"event_name":"World of Goop","player_choice":"Gather Gold","floor":14,"damage_taken":0},{"event_name":"The Library","player_choice":"Read","floor":22,"damage_taken":0},{"event_name":"Accursed Blacksmith","player_choice":"Rummage","floor":23,"damage_taken":0},{"event_name":"Ghosts","player_choice":"Ignored","floor":28,"damage_taken":0},{"event_name":"Vampires","player_choice":"Ignored","floor":31,"damage_taken":0}],"boss_relics":[{"not_picked":["Astrolabe","Velvet Choker"],"picked":"Runic Cube"}],"potions_floor_spawned":[1,7,12,16,20,25],"seed_played":"-2691167889821945072","killed_by":"Champ","ascension_level":1,"is_trial":false}