{"path_per_floor":["M","?","M","?","$","E","R","E","T","M","?","M","?","$","R","B",null,"M","M","$","?","M"],"character_chosen":"IRONCLAD","items_purchased":["Feel No Pain","Meat on the Bone","Iron Wave"],"gold_per_floor":[115,290,305,305,191,222,222,256,256,271,271,291,320,69,69,168,168,180,197,170,170,186,186],"floor_reached":23,"campfire_rested":0,"playtime":2025,"current_hp_per_floor":[80,80,75,59,59,55,55,30,30,34,80,80,69,69,69,47,80,80,68,68,68,59,0],"items_purged":["Doubt"],"gold":186,"score":209,"play_id":"3ea6117e-e51e-4f7e-8287-0647951d0d0c","local_time":"20180505020449","is_prod":false,"is_daily":false,"chose_seed":false,"is_ascension_mode":true,"campfire_upgraded":2,"timestamp":1525500289,"path_taken":["M","?","M","?","?","E","R","E","T","M","?","M","?","?","R","BOSS","M","M","$","?","M","E"],"build_version":"2018-05-03","seed_source_timestamp":105641963135493,"purchased_purges":3,"victory":false,"master_deck":["Strike_R+1","Strike_R","Strike_R","Strike_R","Strike_R","Defend_R","Defend_R+1","Defend_R","Defend_R","Bash","Evolve+1","Feel No Pain","Power Through","True Grit","Shrug It Off","Uppercut+1","Infernal Blade","Barricade","Ghostly Armor","Burning Pact+1","Iron Wave","Burning Pact"],"max_hp_per_floor":[80,80,80,80,80,80,80,80,80,80,80,80,80,80,80,80,80,80,80,80,80,80,80],"relics":["Burning Blood","Bottled Tornado","Ornamental Fan","Anchor","Odd Mushroom","Meat on the Bone","Eternal Feather","Charon\u0027s Ashes"],"card_choices":[{"not_picked":["Burning Pact","Hemokinesis"],"picked":"Evolve","floor":1},{"not_picked":["Twin Strike","Whirlwind"],"picked":"Intimidate","floor":3},{"not_picked":["Rupture","Perfected Strike"],"picked":"Power Through","floor":6},{"not_picked":["Corruption","Perfected Strike"],"picked":"True Grit","floor":8},{"not_picked":["Thunderclap","Rage"],"picked":"Shrug It Off","floor":10},{"not_picked":["Twin Strike","Hemokinesis"],"picked":"Uppercut","floor":12},{"not_picked":["Hemokinesis","Headbutt"],"picked":"Infernal Blade","floor":13},{"not_picked":["Bludgeon","Brutality"],"picked":"Barricade","floor":16},{"not_picked":["Twin Strike","Headbutt"],"picked":"Ghostly Armor","floor":18},{"not_picked":["Iron Wave","Warcry"],"picked":"Burning Pact","floor":19},{"not_picked":["Bludgeon","Flame Barrier"],"picked":"Burning Pact","floor":22}],"player_experience":158856,"potions_floor_usage":[8,16,16,23],"damage_taken":[{"damage":1,"enemies":"Cultist","floor":1,"turns":3},{"damage":11,"enemies":"Jaw Worm","floor":3,"turns":4},{"damage":10,"enemies":"3 Sentries","floor":6,"turns":9},{"damage":31,"enemies":"Lagavulin","floor":8,"turns":9},{"damage":2,"enemies":"Small Slimes","floor":10,"turns":5},{"damage":5,"enemies":"3 Louse","floor":12,"turns":8},{"damage":17,"enemies":"The Mushroom Lair","floor":13,"turns":8},{"damage":40,"enemies":"Slime Boss","floor":16,"turns":14},{"damage":0,"enemies":"Chosen","floor":18,"turns":10},{"damage":18,"enemies":"Shell Parasite","floor":19,"turns":12},{"damage":18,"enemies":"Snake Plant","floor":22,"turns":8},{"damage":71,"enemies":"Book of Stabbing","floor":23,"turns":9}],"event_choices":[{"event_name":"Liars Game","player_choice":"agreed","floor":2,"damage_taken":0},{"event_name":"Shining Light","player_choice":"Entered Light","floor":4,"damage_taken":0},{"event_name":"Bonfire Elementals","player_choice":"UNCOMMON","floor":11,"damage_taken":0},{"event_name":"Mushrooms","player_choice":"Fought Mushrooms","floor":13,"damage_taken":0},{"event_name":"The Mausoleum","player_choice":"Yes","floor":21,"damage_taken":0}],"boss_relics":[{"not_picked":["Snecko Eye","Velvet Choker"],"picked":"Eternal Feather"}],"potions_floor_spawned":[1,3,8,12],"seed_played":"-6301405620840468367","killed_by":"Book of Stabbing","ascension_level":1,"is_trial":false}