{"gold_per_floor":[110,130,148,159,175,206,218,218,241,253,7,7,26,26,26,127,127,82,82,82,82,82,82,82],"floor_reached":24,"playtime":2293,"items_purged":[],"score":206,"play_id":"2a00b7eb-dbca-4078-8785-370cb91404eb","local_time":"20190518204633","is_ascension_mode":false,"campfire_choices":[{"floor":12,"key":"RECALL"},{"floor":15,"key":"REST"},{"floor":23,"key":"REST"}],"neow_cost":"NONE","seed_source_timestamp":349288903068399,"circlet_count":0,"master_deck":["Strike_R","Strike_R","Strike_R","Strike_R","Defend_R","Defend_R","Defend_R","Defend_R","Bash","Spot Weakness","Combust","Iron Wave","Heavy Blade","Anger","Flame Barrier","Carnage","Parasite","Thunderclap","Clash","Heavy Blade","Rupture","Demon Form","Sword Boomerang+1","Armaments","Perfected Strike","Carnage","Rampage+1"],"relics":["Runic Pyramid","Pantograph","Sling","Ectoplasm"],"potions_floor_usage":[3,4,6,7,10,20,22,24],"damage_taken":[{"damage":0,"enemies":"Small Slimes","floor":1,"turns":3},{"damage":7,"enemies":"2 Louse","floor":2,"turns":3},{"damage":1,"enemies":"Cultist","floor":3,"turns":5},{"damage":10,"enemies":"Lots of Slimes","floor":4,"turns":3},{"damage":6,"enemies":"Blue Slaver","floor":5,"turns":4},{"damage":9,"enemies":"Gremlin Nob","floor":6,"turns":3},{"damage":18,"enemies":"Exordium Thugs","floor":7,"turns":4},{"damage":11,"enemies":"Lots of Slimes","floor":10,"turns":4},{"damage":11,"enemies":"Gremlin Gang","floor":13,"turns":3},{"damage":79,"enemies":"Hexaghost","floor":16,"turns":10},{"damage":20,"enemies":"2 Thieves","floor":18,"turns":4},{"damage":16,"enemies":"Shell Parasite","floor":19,"turns":5},{"damage":30,"enemies":"Snake Plant","floor":20,"turns":3},{"damage":0,"enemies":"Snecko","floor":21,"turns":3},{"damage":17,"enemies":"Centurion and Healer","floor":22,"turns":6},{"damage":30,"enemies":"Slavers","floor":24,"turns":4}],"seed_played":"3594296199936426475","potions_obtained":[{"floor":1,"key":"SpeedPotion"},{"floor":2,"key":"FearPotion"},{"floor":3,"key":"Block Potion"},{"floor":6,"key":"Regen Potion"},{"floor":7,"key":"EssenceOfSteel"},{"floor":19,"key":"Regen Potion"},{"floor":21,"key":"Dexterity Potion"},{"floor":22,"key":"Block Potion"}],"is_trial":false,"path_per_floor":["M","M","M","M","M","E","M","?","T","M","$","R","M","?","R","B",null,"M","M","M","M","M","R","E"],"character_chosen":"IRONCLAD","items_purchased":["Sling","Clash"],"campfire_rested":2,"item_purchase_floors":[11,11],"current_hp_per_floor":[80,73,72,62,56,47,41,61,61,50,50,50,39,39,63,1,80,60,44,23,23,6,30,0],"gold":82,"neow_bonus":"BOSS_RELIC","is_prod":false,"is_daily":false,"chose_seed":false,"campfire_upgraded":0,"win_rate":0,"timestamp":1558226793,"path_taken":["M","M","M","M","M","E","M","?","T","M","$","R","M","?","R","BOSS","M","M","M","M","?","R","E"],"build_version":"2019-01-23","purchased_purges":0,"victory":false,"max_hp_per_floor":[80,80,80,80,80,80,80,80,80,80,80,80,80,80,80,80,80,80,80,80,80,80,80,80],"card_choices":[{"not_picked":["Evolve","Pommel Strike"],"picked":"Spot Weakness","floor":1},{"not_picked":["Thunderclap","Sword Boomerang"],"picked":"Combust","floor":2},{"not_picked":["Flame Barrier","Cleave"],"picked":"Iron Wave","floor":3},{"not_picked":["Cleave","Headbutt"],"picked":"Heavy Blade","floor":4},{"not_picked":["Thunderclap","Shrug It Off"],"picked":"Anger","floor":5},{"not_picked":["Sever Soul","Heavy Blade"],"picked":"Flame Barrier","floor":6},{"not_picked":["Juggernaut","Dropkick"],"picked":"Carnage","floor":7},{"not_picked":["Warcry","Havoc"],"picked":"Thunderclap","floor":10},{"not_picked":["Perfected Strike","Flame Barrier"],"picked":"Heavy Blade","floor":13},{"not_picked":["Offering","Impervious"],"picked":"Demon Form","floor":16},{"not_picked":["Wild Strike","Perfected Strike"],"picked":"Sword Boomerang+1","floor":18},{"not_picked":["Heavy Blade","Sword Boomerang"],"picked":"Armaments","floor":19},{"not_picked":["Rampage","Wild Strike"],"picked":"Perfected Strike","floor":20},{"not_picked":["Demon Form","Reckless Charge"],"picked":"Carnage","floor":21},{"not_picked":["Warcry","Fire Breathing"],"picked":"Rampage+1","floor":22}],"player_experience":348679,"relics_obtained":[{"floor":6,"key":"Pantograph"}],"event_choices":[{"damage_healed":20,"gold_gain":0,"player_choice":"Healed and dodged fight","damage_taken":0,"max_hp_gain":0,"max_hp_loss":0,"event_name":"Mushrooms","floor":8,"gold_loss":0,"cards_obtained":["Parasite"]},{"damage_healed":0,"gold_gain":0,"cards_transformed":["Strike_R"],"player_choice":"Transformed","damage_taken":0,"max_hp_gain":0,"max_hp_loss":0,"event_name":"Transmorgrifier","floor":14,"gold_loss":0,"cards_obtained":["Rupture"]}],"is_beta":false,"boss_relics":[{"not_picked":["Mark of Pain","Velvet Choker"],"picked":"Ectoplasm"}],"items_purged_floors":[],"is_endless":false,"potions_floor_spawned":[1,2,3,6,7,19,21,22],"killed_by":"Slavers","ascension_level":0}