{"gold_per_floor":[116,71,88,263,275,275,295,312,312,312,367,406,431,531,531,657,657,675,688,688],"floor_reached":20,"playtime":2378,"items_purged":[],"score":211,"play_id":"2eb943a7-c9fd-40ef-a52f-5a7b56c56391","local_time":"20190705203810","is_ascension_mode":true,"campfire_choices":[{"data":"Predator","floor":6,"key":"SMITH"},{"data":"Footwork","floor":15,"key":"SMITH"}],"neow_cost":"NONE","seed_source_timestamp":1105069888378900,"circlet_count":0,"master_deck":["Strike_G","Strike_G","Strike_G","Strike_G","Strike_G","Defend_G","Defend_G","Defend_G","Defend_G","Defend_G","Survivor","Neutralize","Predator+1","Sucker Punch","Doubt","Backflip","Footwork+1","Dagger Throw","Blur","Phantasmal Killer","Tactician+1"],"relics":["Runic Dome","Gremlin Horn","Golden Idol","Ancient Tea Set","Eternal Feather"],"potions_floor_usage":[5,12,12,16,16,19],"damage_taken":[{"damage":1,"enemies":"Jaw Worm","floor":1,"turns":4},{"damage":1,"enemies":"Small Slimes","floor":3,"turns":4},{"damage":0,"enemies":"Cultist","floor":5,"turns":2},{"damage":7,"enemies":"Exordium Thugs","floor":7,"turns":6},{"damage":12,"enemies":"Gremlin Gang","floor":8,"turns":5},{"damage":0,"enemies":"Lagavulin","floor":12,"turns":6},{"damage":0,"enemies":"Looter","floor":13,"turns":3},{"damage":55,"enemies":"Slime Boss","floor":16,"turns":18},{"damage":11,"enemies":"Shell Parasite","floor":18,"turns":10},{"damage":0,"enemies":"Chosen","floor":19,"turns":5},{"damage":2,"enemies":"Centurion and Healer","floor":20,"turns":1}],"seed_played":"-1699700662048659525","potions_obtained":[{"floor":1,"key":"Fire Potion"},{"floor":3,"key":"Block Potion"},{"floor":7,"key":"Regen Potion"},{"floor":8,"key":"FearPotion"},{"floor":13,"key":"Block Potion"},{"floor":16,"key":"SteroidPotion"}],"is_trial":false,"path_per_floor":["M","?","M","?","M","R","M","M","T","?","?","E","M","?","R","B",null,"M","M","M"],"character_chosen":"THE_SILENT","items_purchased":[],"campfire_rested":0,"item_purchase_floors":[],"current_hp_per_floor":[69,69,68,68,68,68,61,49,49,49,49,64,64,64,64,9,65,54,54,52],"gold":688,"neow_bonus":"BOSS_RELIC","is_prod":false,"is_daily":false,"chose_seed":false,"campfire_upgraded":2,"win_rate":0,"timestamp":1562373490,"path_taken":["M","?","M","?","M","R","M","M","T","?","?","E","M","?","R","BOSS","M","M","?"],"build_version":"2019-07-05","purchased_purges":0,"victory":false,"max_hp_per_floor":[70,70,70,70,70,70,70,70,70,65,65,65,65,65,65,65,65,65,65,65],"card_choices":[{"not_picked":["Poisoned Stab","Dagger Throw"],"picked":"Predator","floor":1},{"not_picked":["Predator","Deadly Poison"],"picked":"Sucker Punch","floor":3},{"not_picked":["Bane","Bouncing Flask"],"picked":"Backflip","floor":5},{"not_picked":["Tactician","Accuracy"],"picked":"Footwork","floor":7},{"not_picked":["Deadly Poison","Prepared","Poisoned Stab"],"picked":"SKIP","floor":8},{"not_picked":["Blade Dance","Bouncing Flask"],"picked":"Dagger Throw","floor":12},{"not_picked":["Quick Slash","Deadly Poison"],"picked":"Blur","floor":13},{"not_picked":["After Image","Doppelganger"],"picked":"Phantasmal Killer","floor":16},{"not_picked":["Bane","Bouncing Flask"],"picked":"Tactician+1","floor":18},{"not_picked":["Infinite Blades","Sucker Punch","Riddle With Holes"],"picked":"SKIP","floor":19}],"player_experience":623502,"relics_obtained":[{"floor":9,"key":"Gremlin Horn"},{"floor":12,"key":"Ancient Tea Set"}],"event_choices":[{"damage_healed":0,"gold_gain":0,"player_choice":"Left Gold","damage_taken":0,"max_hp_gain":0,"max_hp_loss":0,"event_name":"World of Goop","floor":2,"gold_loss":45},{"damage_healed":0,"gold_gain":175,"player_choice":"AGREE","damage_taken":0,"max_hp_gain":0,"max_hp_loss":0,"event_name":"Liars Game","floor":4,"gold_loss":0,"cards_obtained":["Doubt"]},{"damage_healed":0,"gold_gain":0,"player_choice":"Lose Max HP","damage_taken":0,"relics_obtained":["Golden Idol"],"max_hp_gain":0,"max_hp_loss":5,"event_name":"Golden Idol","floor":10,"gold_loss":0},{"damage_healed":0,"gold_gain":55,"player_choice":"Gained Gold","damage_taken":0,"max_hp_gain":0,"max_hp_loss":0,"event_name":"Golden Wing","floor":11,"gold_loss":0},{"damage_healed":0,"gold_gain":100,"player_choice":"Pray","damage_taken":0,"max_hp_gain":0,"max_hp_loss":0,"event_name":"Golden Shrine","floor":14,"gold_loss":0}],"is_beta":false,"boss_relics":[{"not_picked":["Astrolabe","Tiny House"],"picked":"Eternal Feather"}],"items_purged_floors":[],"is_endless":false,"potions_floor_spawned":[1,3,7,8,13,16],"killed_by":"Centurion and Healer","ascension_level":1}