{"gold_per_floor":[118,293,368,368,368,368,385,385,385,385,395,395,76,92,92,194,194,174,193,193,203,60,60,60,60,60,78,78,96,46,60,60,60],"floor_reached":33,"playtime":1988,"items_purged":["Doubt"],"score":285,"play_id":"bd796190-a758-4049-ba6e-58beedb70186","local_time":"20181108032330","is_ascension_mode":false,"campfire_choices":[{"data":"Defend_B","floor":6,"key":"SMITH"},{"data":"Defend_B","floor":8,"key":"SMITH"},{"data":"Defend_B","floor":10,"key":"SMITH"},{"data":"Doom and Gloom","floor":12,"key":"SMITH"},{"data":"Genetic Algorithm","floor":15,"key":"SMITH"},{"data":"Blizzard","floor":23,"key":"SMITH"},{"data":"Glacier","floor":25,"key":"SMITH"},{"data":"Cold Snap","floor":28,"key":"SMITH"},{"data":"Hologram","floor":32,"key":"SMITH"}],"neow_cost":"PERCENT_DAMAGE","seed_source_timestamp":36693114484645,"circlet_count":0,"master_deck":["Strike_B","Strike_B","Defend_B","Defend_B+1","Defend_B+1","Defend_B+1","Zap","Dualcast+1","Gash+1","Doom and Gloom+1","Genetic Algorithm+1","Blizzard+1","Self Repair","Creative AI+1","Cold Snap+1","Cold Snap+1","Gash","Streamline","Glacier+1","Gash","Hologram+1","Gash+1","Seek"],"relics":["FrozenCore","CultistMask","Prayer Wheel","Lee\u0027s Waffle","Bronze Scales","Anchor"],"potions_floor_usage":[16,16,21,27,29],"damage_taken":[{"damage":2,"enemies":"Jaw Worm","floor":1,"turns":5},{"damage":0,"enemies":"Small Slimes","floor":7,"turns":2},{"damage":0,"enemies":"2 Louse","floor":11,"turns":2},{"damage":5,"enemies":"Large Slime","floor":14,"turns":5},{"damage":53,"enemies":"Hexaghost","floor":16,"turns":8},{"damage":16,"enemies":"2 Thieves","floor":18,"turns":4},{"damage":12,"enemies":"3 Byrds","floor":19,"turns":8},{"damage":8,"enemies":"Shelled Parasite and Fungi","floor":21,"turns":11},{"damage":14,"enemies":"3 Cultists","floor":27,"turns":6},{"damage":25,"enemies":"Snecko","floor":29,"turns":6},{"damage":0,"enemies":"Centurion and Healer","floor":31,"turns":6},{"damage":56,"enemies":"Collector","floor":33,"turns":5}],"seed_played":"2872424097273365506","potions_obtained":[{"floor":1,"key":"Energy Potion"},{"floor":14,"key":"Strength Potion"},{"floor":18,"key":"Dexterity Potion"},{"floor":19,"key":"Swift Potion"},{"floor":21,"key":"SkillPotion"}],"is_trial":false,"path_per_floor":["M","?","?","?","?","R","M","R","T","R","M","R","$","M","R","B",null,"M","M","?","M","$","R","?","R","T","M","R","M","?","M","R","B"],"character_chosen":"DEFECT","items_purchased":["Lee\u0027s Waffle","Genetic Algorithm","Bronze Scales"],"campfire_rested":0,"item_purchase_floors":[13,13,22],"current_hp_per_floor":[66,66,55,37,37,37,37,37,37,37,37,37,96,91,91,45,96,87,82,82,81,81,81,81,81,81,74,74,49,49,56,56,0],"gold":60,"neow_bonus":"TWENTY_PERCENT_HP_BONUS","is_prod":false,"is_daily":false,"chose_seed":false,"campfire_upgraded":9,"win_rate":0,"timestamp":1541665410,"path_taken":["M","?","?","?","?","R","?","R","T","R","M","R","$","M","R","BOSS","M","M","?","M","$","R","?","R","T","?","R","M","?","M","R","BOSS"],"build_version":"2018-11-07","purchased_purges":1,"victory":false,"max_hp_per_floor":[89,89,89,89,89,89,89,89,89,89,89,89,96,96,96,96,96,96,96,96,96,96,96,96,96,96,96,96,96,96,96,96,96],"card_choices":[{"not_picked":["Tempest","Go for the Eyes"],"picked":"Gash","floor":1},{"not_picked":["Force Field","Compile Driver","Reprogram"],"picked":"SKIP","floor":7},{"not_picked":["Hello World","Hologram"],"picked":"Doom and Gloom","floor":11},{"not_picked":["Sweeping Beam","FTL","Steam"],"picked":"SKIP","floor":11},{"not_picked":["Steam Power","Ball Lightning"],"picked":"Blizzard","floor":14},{"not_picked":["Heatsinks","Stack"],"picked":"Self Repair","floor":14},{"not_picked":["Core Surge","Biased Cognition"],"picked":"Creative AI","floor":16},{"not_picked":["Streamline","Ball Lightning"],"picked":"Cold Snap+1","floor":18},{"not_picked":["Hologram","Rip and Tear"],"picked":"Cold Snap","floor":18},{"not_picked":["Reprogram","Consume"],"picked":"Gash","floor":19},{"not_picked":["Redo","Beam Cell","FTL+1"],"picked":"SKIP","floor":19},{"not_picked":["Rainbow","Self Repair"],"picked":"Gash","floor":21},{"not_picked":["Sweeping Beam","Rebound+1"],"picked":"Hologram","floor":21},{"not_picked":["Barrage","Double Energy"],"picked":"Gash+1","floor":27},{"not_picked":["Sweeping Beam","Steam","Redo"],"picked":"SKIP","floor":27},{"not_picked":["Rip and Tear","Steam Power","Steam+1"],"picked":"SKIP","floor":29},{"not_picked":["Gash","Chaos","Leap"],"picked":"SKIP","floor":29},{"not_picked":["Beam Cell","Lockon"],"picked":"Seek","floor":31},{"not_picked":["Cold Snap","Auto Shields","BootSequence"],"picked":"SKIP","floor":31}],"player_experience":208644,"relics_obtained":[{"floor":9,"key":"Prayer Wheel"},{"floor":26,"key":"Anchor"}],"event_choices":[{"damage_healed":0,"gold_gain":175,"player_choice":"AGREE","damage_taken":0,"max_hp_gain":0,"max_hp_loss":0,"event_name":"Liars Game","floor":2,"gold_loss":0,"cards_obtained":["Doubt"]},{"damage_healed":0,"gold_gain":75,"player_choice":"Gather Gold","damage_taken":11,"max_hp_gain":0,"max_hp_loss":0,"event_name":"World of Goop","floor":3,"gold_loss":0},{"damage_healed":0,"gold_gain":0,"player_choice":"Entered Light","damage_taken":18,"max_hp_gain":0,"max_hp_loss":0,"event_name":"Shining Light","floor":4,"gold_loss":0,"cards_upgraded":["Dualcast","Gash"]},{"damage_healed":0,"gold_gain":0,"player_choice":"Trade","damage_taken":0,"relics_obtained":["CultistMask"],"max_hp_gain":0,"max_hp_loss":0,"event_name":"FaceTrader","floor":5,"gold_loss":0},{"damage_healed":0,"gold_gain":0,"cards_transformed":["Strike_B","Strike_B"],"player_choice":"Became Test Subject","damage_taken":0,"max_hp_gain":0,"max_hp_loss":0,"event_name":"Drug Dealer","floor":20,"gold_loss":0,"cards_obtained":["Streamline","Glacier"]},{"damage_healed":0,"gold_gain":0,"player_choice":"Upgraded","damage_taken":0,"max_hp_gain":0,"max_hp_loss":0,"event_name":"Upgrade Shrine","floor":24,"gold_loss":0,"cards_upgraded":["Creative AI"]},{"damage_healed":0,"gold_gain":0,"player_choice":"Bet on Murderer","damage_taken":0,"max_hp_gain":0,"max_hp_loss":0,"event_name":"The Joust","floor":30,"gold_loss":50}],"is_beta":true,"boss_relics":[{"not_picked":["Ectoplasm","Cursed Key"],"picked":"FrozenCore"}],"items_purged_floors":[13],"is_endless":false,"potions_floor_spawned":[1,14,18,19,21],"killed_by":"Collector","ascension_level":0}