{"gold_per_floor":[20,34,209,179,194,194,214,225,225,225,235,253,253,284,284,382,432,447,464,479,249,268,268,294,294,317,387,387,437,487,499,499,598,598,615,115,165,215,232,232,251,251,323,473,488,488,18,34,34,34],"floor_reached":50,"playtime":5127,"items_purged":["Doubt","Strike_R","Strike_R"],"score":641,"play_id":"8fe4baaf-ad13-44b5-b3fe-a9f3e3b8516c","local_time":"20181107024428","is_ascension_mode":false,"campfire_choices":[{"data":"Metallicize","floor":6,"key":"SMITH"},{"data":"Iron Wave","floor":10,"key":"SMITH"},{"data":"Rampage","floor":13,"key":"SMITH"},{"data":"Clothesline","floor":15,"key":"SMITH"},{"data":"Battle Trance","floor":23,"key":"SMITH"},{"data":"Metallicize","floor":28,"key":"SMITH"},{"data":"Bash","floor":32,"key":"SMITH"},{"floor":40,"key":"RECALL"},{"data":"Entrench","floor":42,"key":"SMITH"},{"data":"True Grit","floor":46,"key":"SMITH"},{"floor":49,"key":"REST"}],"neow_cost":"NO_GOLD","seed_source_timestamp":0,"circlet_count":0,"master_deck":["Strike_R","Defend_R","Defend_R","Defend_R+1","Defend_R","Bash+1","Metallicize+1","Pommel Strike","Shrug It Off","Impervious","Clothesline+1","Iron Wave+1","Shrug It Off","True Grit+1","Rampage+1","Offering","Body Slam","Battle Trance+1","Metallicize+1","Madness","Madness","Entrench+1","Flame Barrier"],"special_seed":0,"relics":["Burning Blood","Happy Flower","Centennial Puzzle","Tiny House","Lantern","Letter Opener","SsserpentHead","Runic Cube","Toolbox","Ornamental Fan","Frozen Egg 2","Charon\u0027s Ashes","Membership Card","Blood Vial","Regal Pillow"],"potions_floor_usage":[16,18,19,20,20,20,24,33,33,33,48,50,50,50],"damage_taken":[{"damage":0,"enemies":"Cultist","floor":1,"turns":3},{"damage":2,"enemies":"Small Slimes","floor":2,"turns":4},{"damage":0,"enemies":"2 Louse","floor":5,"turns":3},{"damage":7,"enemies":"Looter","floor":7,"turns":4},{"damage":2,"enemies":"Lots of Slimes","floor":8,"turns":7},{"damage":0,"enemies":"3 Louse","floor":11,"turns":6},{"damage":3,"enemies":"Looter","floor":12,"turns":3},{"damage":6,"enemies":"3 Sentries","floor":14,"turns":10},{"damage":28,"enemies":"Slime Boss","floor":16,"turns":17},{"damage":13,"enemies":"Spheric Guardian","floor":18,"turns":7},{"damage":14,"enemies":"2 Thieves","floor":19,"turns":5},{"damage":10,"enemies":"3 Cultists","floor":20,"turns":9},{"damage":2,"enemies":"Snecko","floor":22,"turns":6},{"damage":28,"enemies":"Book of Stabbing","floor":24,"turns":9},{"damage":11,"enemies":"Shelled Parasite and Fungi","floor":27,"turns":9},{"damage":6,"enemies":"Snake Plant","floor":31,"turns":7},{"damage":14,"enemies":"Collector","floor":33,"turns":14},{"damage":26,"enemies":"3 Darklings","floor":35,"turns":13},{"damage":0,"enemies":"3 Shapes","floor":39,"turns":5},{"damage":14,"enemies":"3 Darklings","floor":41,"turns":9},{"damage":8,"enemies":"Mind Bloom Boss Battle","floor":44,"turns":11},{"damage":8,"enemies":"Jaw Worm Horde","floor":45,"turns":4},{"damage":21,"enemies":"Spire Growth","floor":48,"turns":7},{"damage":127,"enemies":"Donu and Deca","floor":50,"turns":13}],"seed_played":"1576081549768989653","potions_obtained":[{"floor":2,"key":"Block Potion"},{"floor":4,"key":"EntropicBrew"},{"floor":4,"key":"Dexterity Potion"},{"floor":17,"key":"SneckoOil"},{"floor":20,"key":"Swift Potion"},{"floor":24,"key":"Regen Potion"},{"floor":30,"key":"EssenceOfSteel"},{"floor":33,"key":"Energy Potion"},{"floor":35,"key":"Regen Potion"},{"floor":45,"key":"Regen Potion"},{"floor":48,"key":"BloodPotion"}],"is_trial":false,"path_per_floor":["M","M","?","?","M","R","M","M","T","R","M","M","R","E","R","B",null,"M","M","M","$","M","R","E","?","T","M","R","?","?","M","R","B",null,"M","$","?","?","M","R","M","R","T","?","M","R","$","M","R","B"],"character_chosen":"IRONCLAD","items_purchased":["Lantern","Toolbox","Ornamental Fan","Membership Card","Blood Vial","Regal Pillow","Fruit Juice"],"campfire_rested":1,"item_purchase_floors":[21,36,36,47,47,47,47],"current_hp_per_floor":[80,80,80,80,80,80,79,80,80,80,80,80,80,80,80,58,85,78,70,66,66,70,70,48,48,48,43,43,43,43,43,43,50,85,65,65,54,54,60,60,52,52,52,50,48,48,48,40,82,0],"gold":34,"neow_bonus":"TRANSFORM_TWO_CARDS","is_prod":false,"is_daily":false,"chose_seed":false,"campfire_upgraded":9,"win_rate":0,"timestamp":1541576668,"path_taken":["M","M","?","?","M","R","M","M","T","R","M","?","R","E","R","BOSS","M","M","?","$","M","R","E","?","T","?","R","?","?","M","R","BOSS","M","?","?","?","M","R","M","R","T","?","M","R","$","M","R","BOSS"],"build_version":"2018-11-05","purchased_purges":3,"victory":false,"max_hp_per_floor":[80,80,80,80,80,80,80,80,80,80,80,80,80,80,80,80,85,85,85,85,85,85,85,85,85,85,85,85,85,85,85,85,85,85,85,85,85,85,85,85,85,85,85,85,85,85,85,90,90,90],"card_choices":[{"not_picked":["Clash","Perfected Strike"],"picked":"Shrug It Off","floor":1},{"not_picked":["Warcry","Heavy Blade"],"picked":"Impervious","floor":2},{"not_picked":["Corruption","Clash"],"picked":"Clothesline","floor":5},{"not_picked":["Clash","Battle Trance"],"picked":"Iron Wave","floor":7},{"not_picked":["Dropkick","Cleave"],"picked":"Shrug It Off","floor":8},{"not_picked":["Thunderclap","Twin Strike"],"picked":"True Grit","floor":11},{"not_picked":["Headbutt","True Grit"],"picked":"Rampage","floor":12},{"not_picked":["Twin Strike","Iron Wave","Havoc"],"picked":"SKIP","floor":14},{"not_picked":["Impervious","Exhume"],"picked":"Offering","floor":16},{"not_picked":["Warcry","Flex"],"picked":"Body Slam","floor":17},{"not_picked":["Clothesline","Shrug It Off","Twin Strike"],"picked":"SKIP","floor":18},{"not_picked":["Iron Wave","Intimidate"],"picked":"Battle Trance","floor":19},{"not_picked":["Armaments","Shrug It Off","True Grit"],"picked":"SKIP","floor":20},{"not_picked":["Twin Strike","Thunderclap","Dark Embrace"],"picked":"SKIP","floor":22},{"not_picked":["Twin Strike","Sword Boomerang","True Grit+1"],"picked":"SKIP","floor":24},{"not_picked":["Clothesline+1","Sever Soul"],"picked":"Metallicize","floor":27},{"not_picked":["Whirlwind","Thunderclap","Cleave+1"],"picked":"SKIP","floor":31},{"not_picked":["Hemokinesis+1","Warcry+1","Uppercut"],"picked":"SKIP","floor":35},{"not_picked":["Body Slam+1","Sword Boomerang+1"],"picked":"Entrench","floor":39},{"not_picked":["Headbutt+1","True Grit","Havoc+1"],"picked":"SKIP","floor":41},{"not_picked":["Shrug It Off","Iron Wave","Corruption+1"],"picked":"SKIP","floor":45},{"not_picked":["Shrug It Off","Sentinel"],"picked":"Flame Barrier","floor":48}],"player_experience":172463,"relics_obtained":[{"floor":9,"key":"Happy Flower"},{"floor":14,"key":"Centennial Puzzle"},{"floor":24,"key":"Letter Opener"},{"floor":43,"key":"Frozen Egg 2"},{"floor":44,"key":"Charon\u0027s Ashes"}],"event_choices":[{"damage_healed":0,"gold_gain":175,"player_choice":"AGREE","damage_taken":0,"max_hp_gain":0,"max_hp_loss":0,"event_name":"Liars Game","floor":3,"gold_loss":0,"cards_obtained":["Doubt"]},{"damage_healed":0,"gold_gain":0,"player_choice":"Bought 2 Potions","damage_taken":0,"max_hp_gain":0,"max_hp_loss":0,"event_name":"The Woman in Blue","floor":4,"gold_loss":0},{"damage_healed":0,"gold_gain":0,"player_choice":"Trade","damage_taken":0,"relics_obtained":["SsserpentHead"],"max_hp_gain":0,"max_hp_loss":0,"event_name":"FaceTrader","floor":25,"gold_loss":0},{"damage_healed":0,"gold_gain":0,"player_choice":"Ignored","damage_taken":0,"max_hp_gain":0,"max_hp_loss":0,"event_name":"Cursed Tome","floor":29,"gold_loss":0},{"damage_healed":0,"gold_gain":0,"player_choice":"Got Potions","damage_taken":0,"max_hp_gain":0,"max_hp_loss":0,"event_name":"Lab","floor":30,"gold_loss":0},{"damage_healed":0,"gold_gain":0,"player_choice":"Embrace Madness","damage_taken":11,"max_hp_gain":0,"max_hp_loss":0,"event_name":"Winding Halls","floor":37,"gold_loss":0,"cards_obtained":["Madness","Madness"]},{"damage_healed":0,"gold_gain":0,"player_choice":"Ignored","damage_taken":0,"max_hp_gain":0,"max_hp_loss":0,"event_name":"Mysterious Sphere","floor":38,"gold_loss":0},{"damage_healed":0,"gold_gain":0,"player_choice":"Fight","damage_taken":0,"max_hp_gain":0,"max_hp_loss":0,"event_name":"MindBloom","floor":44,"gold_loss":0}],"is_beta":true,"boss_relics":[{"not_picked":["Orrery","Cursed Key"],"picked":"Tiny House"},{"not_picked":["Lizard Tail","Busted Crown"],"picked":"Runic Cube"}],"items_purged_floors":[21,36,47],"is_endless":false,"potions_floor_spawned":[2,5,12,14,20,24,33,35,45,48],"killed_by":"Donu and Deca","ascension_level":0}