{"gold_per_floor":[111,131,131,150,163,163,183,215,215,228,228,244,244,260,260,339,339,349,17,17,31,45,45,63,26,26,43,43],"floor_reached":28,"playtime":901,"items_purged":[],"score":441,"play_id":"2e5adedf-ef07-4167-914e-3ae04fa7c21c","local_time":"20190323144417","is_ascension_mode":true,"campfire_choices":[{"data":"Feel No Pain","floor":6.0,"key":"SMITH"},{"data":"Shockwave","floor":11.0,"key":"SMITH"},{"floor":13.0,"key":"REST"},{"data":"Immolate","floor":15.0,"key":"SMITH"},{"floor":23,"key":"REST"}],"neow_cost":"NONE","seed_source_timestamp":0,"circlet_count":0,"master_deck":["AscendersBane","Strike_R","Strike_R","Strike_R","Strike_R","Strike_R","Defend_R","Defend_R","Defend_R","Defend_R","Bash","Immolate+1","Feel No Pain+1","Metallicize+1","Pummel","Offering","Shrug It Off","Shockwave+1","Shrug It Off","Thunderclap+1","Iron Wave+1","Barricade","Sword Boomerang+1","Thunderclap+1","True Grit","Battle Trance","Rampage+1","Body Slam+1"],"special_seed":0,"relics":["Burning Blood","Molten Egg 2","Ornamental Fan","Runic Pyramid","Ancient Tea Set","Bronze Scales","Gremlin Horn"],"potions_floor_usage":[22,28],"damage_taken":[{"damage":0.0,"enemies":"2 Louse","floor":1.0,"turns":1.0},{"damage":1.0,"enemies":"Cultist","floor":2.0,"turns":3.0},{"damage":0.0,"enemies":"Small Slimes","floor":4.0,"turns":5.0},{"damage":12.0,"enemies":"Exordium Wildlife","floor":5.0,"turns":5.0},{"damage":14.0,"enemies":"Blue Slaver","floor":7.0,"turns":3.0},{"damage":40.0,"enemies":"Gremlin Nob","floor":8.0,"turns":5.0},{"damage":6.0,"enemies":"Looter","floor":10.0,"turns":3.0},{"damage":5.0,"enemies":"Lots of Slimes","floor":12.0,"turns":2.0},{"damage":0.0,"enemies":"3 Louse","floor":14.0,"turns":1.0},{"damage":20.0,"enemies":"Slime Boss","floor":16.0,"turns":7.0},{"damage":24,"enemies":"2 Thieves","floor":18,"turns":4},{"damage":1,"enemies":"3 Byrds","floor":21,"turns":3},{"damage":40,"enemies":"Cultist and Chosen","floor":22,"turns":7},{"damage":13,"enemies":"Chosen and Byrds","floor":24,"turns":5},{"damage":25,"enemies":"Snecko","floor":27,"turns":8},{"damage":20,"enemies":"Shelled Parasite and Fungi","floor":28,"turns":1}],"seed_played":"-3408978614893202650","potions_obtained":[{"floor":2.0,"key":"FearPotion"},{"floor":4.0,"key":"Fire Potion"},{"floor":8.0,"key":"Swift Potion"},{"floor":10.0,"key":"SteroidPotion"},{"floor":18,"key":"LiquidBronze"},{"floor":21,"key":"Explosive Potion"}],"is_trial":false,"path_per_floor":["M","M","?","M","M","R","M","E","T","M","R","M","R","M","R","B",null,"M","$","?","M","M","R","M","$","T","M","M"],"character_chosen":"IRONCLAD","items_purchased":["Ancient Tea Set","Bronze Scales","Rampage+1"],"campfire_rested":2,"item_purchase_floors":[19,19,25],"current_hp_per_floor":[74,75,75,75,69,69,61,27,27,27,27,28,50,56,56,42,67,49,49,49,54,20,42,35,35,35,16,0],"gold":43,"neow_bonus":"ONE_RANDOM_RARE_CARD","is_prod":false,"is_daily":false,"chose_seed":false,"campfire_upgraded":3,"win_rate":0,"timestamp":1553366657,"path_taken":["M","M","?","M","M","R","M","E","T","?","R","M","R","M","R","BOSS","M","$","?","M","M","R","M","$","T","M","M"],"build_version":"2019-03-15","purchased_purges":0,"victory":false,"max_hp_per_floor":[75,75,75,75,75,75,75,75,75,75,75,75,75,75,75,75,75,75,75,75,75,75,75,75,75,75,75,75],"card_choices":[{"not_picked":["Headbutt","Hemokinesis"],"picked":"Feel No Pain","floor":1.0},{"not_picked":["Rupture","Cleave"],"picked":"Metallicize","floor":2.0},{"not_picked":["Warcry","Twin Strike"],"picked":"Pummel","floor":4.0},{"not_picked":["Body Slam","Anger"],"picked":"Offering","floor":5.0},{"not_picked":["Warcry","Sword Boomerang"],"picked":"Shrug It Off","floor":7.0},{"not_picked":["Cleave","Headbutt"],"picked":"Shockwave","floor":8.0},{"not_picked":["Second Wind","Combust"],"picked":"Shrug It Off","floor":10.0},{"not_picked":["Infernal Blade","Battle Trance"],"picked":"Thunderclap+1","floor":12.0},{"not_picked":["Entrench","Combust"],"picked":"Iron Wave+1","floor":14.0},{"not_picked":["Immolate+1","Impervious"],"picked":"Barricade","floor":16.0},{"not_picked":["Anger+1","Flex"],"picked":"Sword Boomerang+1","floor":18},{"not_picked":["Infernal Blade","Corruption"],"picked":"Thunderclap+1","floor":21},{"not_picked":["Pommel Strike+1","Power Through"],"picked":"True Grit","floor":22},{"not_picked":["Rupture","Twin Strike+1"],"picked":"Battle Trance","floor":24},{"not_picked":["Shockwave","Infernal Blade"],"picked":"Body Slam+1","floor":27}],"player_experience":1041499,"relics_obtained":[{"floor":8.0,"key":"Molten Egg 2"},{"floor":9.0,"key":"Ornamental Fan"},{"floor":26,"key":"Gremlin Horn"}],"event_choices":[{"damage_healed":0.0,"max_hp_gain":0.0,"max_hp_loss":0.0,"gold_gain":0.0,"event_name":"Upgrade Shrine","player_choice":"Upgraded","floor":3.0,"gold_loss":0.0,"damage_taken":0.0,"cards_upgraded":["Metallicize"]},{"damage_healed":0,"gold_gain":0,"player_choice":"Ignored","damage_taken":0,"max_hp_gain":0,"max_hp_loss":0,"event_name":"Beggar","floor":20,"gold_loss":0}],"is_beta":true,"boss_relics":[{"not_picked":["Black Star","Orrery"],"picked":"Runic Pyramid"}],"items_purged_floors":[],"is_endless":false,"potions_floor_spawned":[2,4,8,10,18,21],"killed_by":"Shelled Parasite and Fungi","ascension_level":19}