{"gold_per_floor":[113,113,130,130,144,144,175,135,135,100,100],"floor_reached":11,"playtime":297,"items_purged":[],"score":142,"play_id":"d15c59c2-3315-4ed0-a460-10870d072d77","local_time":"20190331145725","is_ascension_mode":true,"campfire_choices":[{"data":"Rainbow","floor":6,"key":"SMITH"}],"neow_cost":"CURSE","seed_source_timestamp":705225870533220,"circlet_count":0,"master_deck":["AscendersBane","Strike_B","Strike_B","Defend_B","Defend_B+1","Defend_B","Defend_B","Zap+1","Dualcast","Rainbow+1","Turbo","Coolheaded","Leap","Go for the Eyes","Coolheaded","Loop"],"relics":["Cracked Core","FossilizedHelix","WingedGreaves"],"potions_floor_usage":[],"damage_taken":[{"damage":9,"enemies":"2 Louse","floor":1,"turns":2},{"damage":3,"enemies":"Jaw Worm","floor":3,"turns":3},{"damage":0,"enemies":"Cultist","floor":5,"turns":3},{"damage":27,"enemies":"3 Sentries","floor":7,"turns":11},{"damage":30,"enemies":"The Mushroom Lair","floor":11,"turns":3}],"seed_played":"-2135184638158251183","potions_obtained":[{"floor":3,"key":"LiquidBronze"}],"is_trial":false,"path_per_floor":["M","?","M","?","M","R","E","$","T","?","?"],"character_chosen":"DEFECT","items_purchased":["Loop"],"campfire_rested":0,"item_purchase_floors":[8],"current_hp_per_floor":[55,34,31,31,31,31,4,4,4,21,0],"gold":100,"neow_bonus":"TRANSFORM_TWO_CARDS","is_prod":false,"is_daily":false,"chose_seed":false,"campfire_upgraded":1,"win_rate":0,"timestamp":1554058645,"path_taken":["M","?","M","?","?","R","E","?","T","?","?"],"build_version":"2019-03-15","purchased_purges":0,"victory":false,"max_hp_per_floor":[71,71,71,71,71,71,71,71,71,71,71],"card_choices":[{"not_picked":["Auto Shields","Ball Lightning"],"picked":"Coolheaded","floor":1},{"not_picked":["Consume","Redo"],"picked":"Leap","floor":3},{"not_picked":["Gash","Redo"],"picked":"Go for the Eyes","floor":5},{"not_picked":["Rebound","Auto Shields"],"picked":"Coolheaded","floor":7}],"player_experience":1049833,"relics_obtained":[{"floor":7,"key":"FossilizedHelix"},{"floor":9,"key":"WingedGreaves"}],"event_choices":[{"damage_healed":0,"gold_gain":0,"player_choice":"Entered Light","damage_taken":21,"max_hp_gain":0,"max_hp_loss":0,"event_name":"Shining Light","floor":2,"gold_loss":0,"cards_upgraded":["Zap","Defend_B"]},{"cards_removed":["Regret"],"damage_healed":0,"gold_gain":0,"player_choice":"Card Removal","damage_taken":0,"max_hp_gain":0,"max_hp_loss":0,"event_name":"Wheel of Change","floor":4,"gold_loss":0},{"damage_healed":17,"gold_gain":0,"player_choice":"Healed","damage_taken":0,"max_hp_gain":0,"max_hp_loss":0,"event_name":"The Cleric","floor":10,"gold_loss":35},{"damage_healed":0,"gold_gain":0,"player_choice":"Fought Mushrooms","damage_taken":0,"max_hp_gain":0,"max_hp_loss":0,"event_name":"Mushrooms","floor":11,"gold_loss":0}],"is_beta":true,"boss_relics":[],"items_purged_floors":[],"is_endless":false,"potions_floor_spawned":[3],"killed_by":"The Mushroom Lair","ascension_level":20}