{"gold_per_floor":[117,127,127,127,127,160,207,220,220,220,220,235,235,259,259,384,384,399,399,418,418,437,475,475,510,533,533,533],"floor_reached":28,"playtime":1153,"items_purged":[],"score":355,"play_id":"c75431cb-0b58-46c1-a2fe-0a0bef5df465","local_time":"20190129120502","daily_mods":["SealedDeck","Heirloom","Flight"],"is_ascension_mode":false,"campfire_choices":[{"data":"Catalyst","floor":15,"key":"SMITH"}],"neow_cost":"","seed_source_timestamp":0,"circlet_count":0,"master_deck":["Deflect","Dodge and Roll","Backflip","Deadly Poison","Blur","Catalyst","Dodge and Roll","Noxious Fumes","Caltrops","Catalyst+1","Dodge and Roll","Dodge and Roll","Catalyst","Catalyst+1","Adrenaline","Expertise","Footwork","Dodge and Roll+1","Regret"],"relics":["Ring of the Snake","Prayer Wheel","Question Card","Golden Idol","Happy Flower","Whetstone","Ninja Scroll","WarpedTongs","Spirit Poop","HoveringKite","Ancient Tea Set","StoneCalendar","Art of War"],"potions_floor_usage":[],"damage_taken":[{"damage":0,"enemies":"2 Louse","floor":1,"turns":4},{"damage":0,"enemies":"Small Slimes","floor":2,"turns":4},{"damage":7,"enemies":"Lagavulin","floor":6,"turns":6},{"damage":0,"enemies":"Cultist","floor":8,"turns":4},{"damage":2,"enemies":"Red Slaver","floor":12,"turns":3},{"damage":0,"enemies":"3 Louse","floor":14,"turns":3},{"damage":10,"enemies":"The Guardian","floor":16,"turns":4},{"damage":10,"enemies":"3 Byrds","floor":18,"turns":4},{"damage":0,"enemies":"Shell Parasite","floor":20,"turns":5},{"damage":13,"enemies":"Snake Plant","floor":22,"turns":4},{"damage":12,"enemies":"Gremlin Leader","floor":23,"turns":6},{"damage":9,"enemies":"Slavers","floor":25,"turns":5},{"damage":0,"enemies":"3 Cultists","floor":28,"turns":1}],"seed_played":"4835813600345956821","potions_obtained":[{"floor":2,"key":"SteroidPotion"},{"floor":6,"key":"Poison Potion"},{"floor":25,"key":"Strength Potion"}],"is_trial":true,"path_per_floor":["M","M","?","?","?","E","T","M","T","$","?","M","?","M","R","B",null,"M","?","M","?","M","E","?","E","T","?","M"],"character_chosen":"THE_SILENT","items_purchased":[],"campfire_rested":0,"item_purchase_floors":[],"current_hp_per_floor":[70,70,70,67,50,43,43,43,43,43,43,41,41,41,41,31,70,60,60,60,60,47,35,35,26,26,26,26],"gold":533,"neow_bonus":"","is_prod":false,"is_daily":false,"chose_seed":false,"campfire_upgraded":1,"win_rate":0,"timestamp":1548781502,"path_taken":["M","M","?","?","?","E","?","?","T","?","?","?","?","M","R","BOSS","M","?","?","?","?","E","?","E","T","?","?"],"build_version":"2019-01-23","purchased_purges":0,"victory":false,"max_hp_per_floor":[70,70,70,70,70,70,70,70,70,70,70,70,70,70,70,70,70,70,70,70,70,70,70,70,70,70,70,70],"card_choices":[{"not_picked":["Backflip","Prepared"],"picked":"Dodge and Roll","floor":1},{"not_picked":["Bane","Concentrate","Outmaneuver"],"picked":"SKIP","floor":1},{"not_picked":["Prepared","Grand Finale"],"picked":"Noxious Fumes","floor":2},{"not_picked":["Bane","All Out Attack","Blade Dance"],"picked":"SKIP","floor":2},{"not_picked":["Acrobatics","Prepared","Distraction"],"picked":"Caltrops","floor":6},{"not_picked":["Skewer","Cloak And Dagger","Eviscerate"],"picked":"Catalyst","floor":8},{"not_picked":["Dagger Throw","PiercingWail","Quick Slash"],"picked":"Dodge and Roll","floor":8},{"not_picked":["Underhanded Strike","Setup","Blade Dance"],"picked":"Dodge and Roll","floor":12},{"not_picked":["Reflex","Dagger Spray","Poisoned Stab","Bane"],"picked":"SKIP","floor":12},{"not_picked":["Acrobatics","Deadly Poison","PiercingWail"],"picked":"Catalyst","floor":14},{"not_picked":["A Thousand Cuts","Masterful Stab","Dash","Dagger Throw"],"picked":"SKIP","floor":14},{"not_picked":["Blur","Bouncing Flask","Quick Slash"],"picked":"Catalyst+1","floor":18},{"not_picked":["Tactician","Flying Knee+1","Concentrate","Outmaneuver"],"picked":"SKIP","floor":18},{"not_picked":["Acrobatics","Heel Hook+1","Leg Sweep+1"],"picked":"Adrenaline","floor":20},{"not_picked":["Flying Knee","PiercingWail","Dagger Throw","Dash"],"picked":"SKIP","floor":20},{"not_picked":["Dodge and Roll","Underhanded Strike","Prepared+1"],"picked":"Footwork","floor":22},{"not_picked":["Predator+1","Terror+1","Flechettes"],"picked":"Dodge and Roll+1","floor":22},{"not_picked":["Cloak And Dagger+1","Dagger Spray+1","Backstab","Die Die Die"],"picked":"SKIP","floor":23},{"not_picked":["Quick Slash","Finisher","All Out Attack","Concentrate+1"],"picked":"SKIP","floor":25}],"player_experience":900201,"relics_obtained":[{"floor":6,"key":"Happy Flower"},{"floor":7,"key":"Whetstone"},{"floor":9,"key":"Ninja Scroll"},{"floor":23,"key":"Ancient Tea Set"},{"floor":25,"key":"StoneCalendar"},{"floor":26,"key":"Art of War"}],"event_choices":[{"damage_healed":0,"gold_gain":0,"player_choice":"Grow","damage_taken":0,"max_hp_gain":0,"max_hp_loss":0,"event_name":"Living Wall","floor":3,"gold_loss":0,"cards_upgraded":["Noxious Fumes"]},{"damage_healed":0,"gold_gain":0,"player_choice":"Success","damage_taken":3,"relics_obtained":["Question Card"],"max_hp_gain":0,"max_hp_loss":0,"event_name":"Scrap Ooze","floor":4,"gold_loss":0},{"damage_healed":0,"gold_gain":0,"player_choice":"Take Damage","damage_taken":17,"relics_obtained":["Golden Idol"],"max_hp_gain":0,"max_hp_loss":0,"event_name":"Golden Idol","floor":5,"gold_loss":0},{"damage_healed":0,"gold_gain":0,"player_choice":"Rummage","damage_taken":0,"relics_obtained":["WarpedTongs"],"max_hp_gain":0,"max_hp_loss":0,"event_name":"Accursed Blacksmith","floor":11,"gold_loss":0,"cards_obtained":["Pain"]},{"cards_removed":["Pain"],"damage_healed":0,"gold_gain":0,"player_choice":"Offered Curse","damage_taken":0,"relics_obtained":["Spirit Poop"],"max_hp_gain":0,"max_hp_loss":0,"event_name":"Bonfire Elementals","floor":13,"gold_loss":0},{"cards_removed":["Prepared"],"damage_healed":0,"gold_gain":0,"player_choice":"Purged","damage_taken":0,"max_hp_gain":0,"max_hp_loss":0,"event_name":"Purifier","floor":19,"gold_loss":0},{"damage_healed":0,"gold_gain":0,"cards_transformed":["Prepared"],"player_choice":"Transformed","damage_taken":0,"max_hp_gain":0,"max_hp_loss":0,"event_name":"Transmorgrifier","floor":21,"gold_loss":0,"cards_obtained":["Expertise"]},{"cards_removed":["Deflect"],"damage_healed":0,"gold_gain":0,"player_choice":"Elegance","damage_taken":0,"max_hp_gain":0,"max_hp_loss":0,"event_name":"Back to Basics","floor":24,"gold_loss":0},{"cards_removed":["Noxious Fumes"],"damage_healed":0,"gold_gain":0,"player_choice":"Took Card","damage_taken":0,"max_hp_gain":0,"max_hp_loss":0,"event_name":"NoteForYourself","floor":27,"gold_loss":0,"cards_obtained":["Regret"]}],"is_beta":true,"boss_relics":[{"not_picked":["Cursed Key","Fusion Hammer"],"picked":"HoveringKite"}],"items_purged_floors":[],"is_endless":true,"potions_floor_spawned":[2,6,25],"killed_by":"3 Cultists","ascension_level":0}