{"path_per_floor":["M","?","M","?","?","E","R","$","T","E","M","M","R","$","R","B",null,"M","M","M"],"character_chosen":"IRONCLAD","items_purchased":["Carnage","Rampage","PowerPotion","FearPotion","Fire Breathing","True Grit"],"gold_per_floor":[111,186,198,198,198,237,237,27,27,65,83,98,98,7,7,130,130,150,164,189,189],"floor_reached":21,"campfire_rested":3,"playtime":1127,"item_purchase_floors":[],"current_hp_per_floor":[80,69,65,65,65,47,71,71,71,57,63,59,80,80,80,42,80,80,63,40,0],"items_purged":[],"gold":189,"score":189,"play_id":"d4b2b393-1b84-43a4-9be4-4f49ccf0b013","local_time":"20180615203751","is_prod":false,"is_daily":false,"chose_seed":false,"is_ascension_mode":false,"campfire_upgraded":0,"win_rate":0.0,"timestamp":1529109471,"campfire_choices":[{"floor":7.0,"key":"REST"},{"floor":13.0,"key":"REST"},{"floor":15.0,"key":"REST"}],"path_taken":["M","?","M","?","?","E","R","$","T","E","M","M","R","?","R","BOSS","M","M","M","M"],"build_version":"2018-06-14v2","seed_source_timestamp":0,"purchased_purges":0,"victory":false,"master_deck":["Strike_R","Strike_R","Strike_R","Strike_R","Strike_R","Defend_R","Defend_R","Defend_R","Defend_R","Bash","Demon Form","Pommel Strike","Combust","Injury","Sword Boomerang","Carnage","Rampage","Uppercut","Cleave","Impervious","Fire Breathing","True Grit","Feed","Pummel","Spot Weakness","Whirlwind"],"max_hp_per_floor":[80,80,80,80,80,80,80,80,80,80,80,80,80,80,80,80,80,80,80,83,86],"special_seed":0,"relics":["Burning Blood","Golden Idol","Ancient Tea Set","Bottled Lightning","Mercury Hourglass","Black Star"],"card_choices":[{"not_picked":["Pommel Strike","Sword Boomerang"],"picked":"Whirlwind","floor":1.0},{"not_picked":["Headbutt","Heavy Blade"],"picked":"Pommel Strike","floor":3.0},{"not_picked":["Pommel Strike","Shockwave"],"picked":"Sword Boomerang","floor":6.0},{"not_picked":["Fiend Fire","Iron Wave"],"picked":"Uppercut","floor":10.0},{"not_picked":["Iron Wave","Armaments"],"picked":"Cleave","floor":11.0},{"not_picked":["Dropkick","Headbutt"],"picked":"Impervious","floor":12.0},{"not_picked":["Offering","Berserk"],"picked":"Feed","floor":16.0},{"not_picked":["Body Slam","Battle Trance+1"],"picked":"Pummel","floor":18},{"not_picked":["Inflame","Armaments"],"picked":"Spot Weakness","floor":19},{"not_picked":["Shrug It Off","Armaments"],"picked":"Whirlwind","floor":20}],"player_experience":37968,"potions_floor_usage":[19,21],"damage_taken":[{"damage":6.0,"enemies":"2 Louse","floor":1.0,"turns":3.0},{"damage":10.0,"enemies":"Jaw Worm","floor":3.0,"turns":5.0},{"damage":24.0,"enemies":"3 Sentries","floor":6.0,"turns":6.0},{"damage":20.0,"enemies":"Gremlin Nob","floor":10.0,"turns":4.0},{"damage":0.0,"enemies":"Cultist","floor":11.0,"turns":2.0},{"damage":10.0,"enemies":"Large Slime","floor":12.0,"turns":5.0},{"damage":44.0,"enemies":"The Guardian","floor":16.0,"turns":9.0},{"damage":6,"enemies":"Chosen","floor":18,"turns":5},{"damage":23,"enemies":"2 Thieves","floor":19,"turns":3},{"damage":32,"enemies":"Sentry and Sphere","floor":20,"turns":6},{"damage":48,"enemies":"Chosen and Byrds","floor":21,"turns":5}],"relics_obtained":[{"floor":6.0,"key":"Ancient Tea Set"},{"floor":9.0,"key":"Bottled Lightning"},{"floor":10.0,"key":"Mercury Hourglass"}],"event_choices":[{"event_name":"World of Goop","player_choice":"Gather Gold","floor":2.0,"damage_taken":0.0},{"event_name":"Transmorgrifier","player_choice":"Transform","floor":4.0,"damage_taken":0.0},{"event_name":"Golden Idol","player_choice":"Take Wound","floor":5.0,"damage_taken":0.0}],"boss_relics":[{"not_picked":["White Beast Statue","Busted Crown"],"picked":"Black Star"}],"items_purged_floors":[],"is_endless":false,"potions_floor_spawned":[3,10,20],"seed_played":"-1924256277373528636","killed_by":"Chosen and Byrds","ascension_level":0,"potions_obtained":[{"floor":3.0,"key":"LiquidBronze"},{"floor":20,"key":"EssenceOfSteel"}],"is_trial":false}