{"gold_per_floor":[117,117,134,146,156,156,166,178,178,198,198,8,33,51,51,148,148,159,159,159,179,179,179],"floor_reached":23,"playtime":2011,"items_purged":[],"score":240,"play_id":"69b51d1c-46bd-4bde-b629-a73247d602c6","local_time":"20190706211233","is_ascension_mode":true,"campfire_choices":[{"data":"Flame Barrier","floor":6.0,"key":"SMITH"},{"data":"Enlightenment","floor":15,"key":"SMITH"}],"neow_cost":"CURSE","seed_source_timestamp":0,"circlet_count":0,"master_deck":["Defend_R","Defend_R","Defend_R","Defend_R","Bash","Dramatic Entrance","Enlightenment+1","Regret","Whirlwind","Shrug It Off","Flame Barrier+1","Shrug It Off","Headbutt","Bludgeon","Shrug It Off","Warcry","Berserk","True Grit","Bite","Bite","Bite","Bite","Bite","Rampage","Armaments","Decay"],"special_seed":0,"relics":["Burning Blood","Darkstone Periapt","Juzu Bracelet","Empty Cage"],"potions_floor_usage":[13,16,16,16,21,21],"damage_taken":[{"damage":19.0,"enemies":"Jaw Worm","floor":1.0,"turns":4.0},{"damage":7.0,"enemies":"Cultist","floor":3.0,"turns":4.0},{"damage":0.0,"enemies":"Small Slimes","floor":4.0,"turns":2.0},{"damage":6.0,"enemies":"Looter","floor":5.0,"turns":3.0},{"damage":25.0,"enemies":"Gremlin Gang","floor":7.0,"turns":6.0},{"damage":6.0,"enemies":"Large Slime","floor":8.0,"turns":8.0},{"damage":9,"enemies":"3 Louse","floor":10,"turns":2},{"damage":30,"enemies":"Gremlin Nob","floor":13,"turns":4},{"damage":5,"enemies":"2 Fungi Beasts","floor":14,"turns":3},{"damage":40,"enemies":"Hexaghost","floor":16,"turns":12},{"damage":22,"enemies":"Shell Parasite","floor":18,"turns":6},{"damage":9,"enemies":"3 Byrds","floor":21,"turns":4},{"damage":59,"enemies":"Slavers","floor":23,"turns":5}],"seed_played":"-3301743018132700408","potions_obtained":[{"floor":2.0,"key":"SkillPotion"},{"floor":2.0,"key":"FearPotion"},{"floor":2.0,"key":"Regen Potion"},{"floor":3.0,"key":"AttackPotion"},{"floor":14,"key":"Block Potion"},{"floor":16,"key":"LiquidBronze"},{"floor":18,"key":"SpeedPotion"}],"is_trial":false,"path_per_floor":["M","?","M","M","M","R","M","M","T","M","?","$","E","M","R","B",null,"M","?","?","M","?","E"],"character_chosen":"IRONCLAD","items_purchased":["Bludgeon","Shrug It Off"],"campfire_rested":0,"item_purchase_floors":[12,12],"current_hp_per_floor":[67,67,71,77,77,77,58,58,58,55,80,80,56,57,57,23,80,64,56,56,56,62,8],"gold":179,"neow_bonus":"RANDOM_COLORLESS_2","is_prod":false,"is_daily":false,"chose_seed":false,"campfire_upgraded":2,"win_rate":0,"timestamp":1562461953,"path_taken":["M","?","M","M","M","R","M","?","T","M","?","$","E","M","R","BOSS","M","?","?","M","?","E"],"build_version":"2019-07-05","purchased_purges":0,"victory":false,"max_hp_per_floor":[80,80,80,80,80,80,80,80,80,80,80,80,80,80,80,80,80,80,56,56,56,62,62],"card_choices":[{"not_picked":["Anger","Intimidate"],"picked":"Whirlwind","floor":1.0},{"not_picked":["Wild Strike","Perfected Strike"],"picked":"Shrug It Off","floor":3.0},{"not_picked":["Wild Strike","Battle Trance"],"picked":"Flame Barrier","floor":4.0},{"not_picked":["Sentinel","Burning Pact","Twin Strike"],"picked":"SKIP","floor":5.0},{"not_picked":["Infernal Blade","Uppercut"],"picked":"Shrug It Off","floor":7.0},{"not_picked":["Intimidate","Anger"],"picked":"Headbutt","floor":8.0},{"not_picked":["Headbutt","Clothesline","Flex"],"picked":"SKIP","floor":10},{"not_picked":["Havoc","Bludgeon","True Grit"],"picked":"SKIP","floor":13},{"not_picked":["Entrench","Hemokinesis"],"picked":"Warcry","floor":14},{"not_picked":["Reaper","Exhume"],"picked":"Berserk","floor":16},{"not_picked":["Flex+1","Iron Wave"],"picked":"True Grit","floor":18},{"not_picked":["Twin Strike","Whirlwind"],"picked":"Armaments","floor":21}],"player_experience":640717,"relics_obtained":[{"floor":9.0,"key":"Darkstone Periapt"},{"floor":13,"key":"Juzu Bracelet"}],"event_choices":[{"damage_healed":0.0,"max_hp_gain":0.0,"max_hp_loss":0.0,"gold_gain":0.0,"event_name":"Lab","player_choice":"Got Potions","floor":2.0,"gold_loss":0.0,"damage_taken":0.0},{"damage_healed":26,"gold_gain":0,"player_choice":"Banana","damage_taken":0,"max_hp_gain":0,"max_hp_loss":0,"event_name":"Big Fish","floor":11,"gold_loss":0},{"damage_healed":0,"gold_gain":0,"player_choice":"Became a vampire","damage_taken":0,"max_hp_gain":0,"max_hp_loss":24,"event_name":"Vampires","floor":19,"gold_loss":0,"cards_obtained":["Bite","Bite","Bite","Bite","Bite"]},{"damage_healed":0,"gold_gain":0,"player_choice":"Read","damage_taken":0,"max_hp_gain":0,"max_hp_loss":0,"event_name":"The Library","floor":20,"gold_loss":0,"cards_obtained":["Rampage"]},{"damage_healed":0,"gold_gain":0,"player_choice":"Cursed","damage_taken":0,"max_hp_gain":0,"max_hp_loss":0,"event_name":"Wheel of Change","floor":22,"gold_loss":0,"cards_obtained":["Decay"]}],"is_beta":false,"boss_relics":[{"not_picked":["White Beast Statue","Eternal Feather"],"picked":"Empty Cage"}],"items_purged_floors":[],"is_endless":false,"potions_floor_spawned":[3,4,7,14,16,18],"killed_by":"Slavers","ascension_level":2}