{"gold_per_floor":[366,382,332,1,21,48,48,113,113,133,133,148,163,163,163,238,238,249,249,269,269,229,229,256,256,256,266,266,278,278,303,303,380,380,390,390,400,400,410,441,441,470,470,496,496,523,537,637,637,637],"floor_reached":51,"playtime":3583,"items_purged":[],"score":1540,"play_id":"5890675e-b954-4339-aefa-0f410ba561f9","local_time":"20190115014517","is_ascension_mode":true,"campfire_choices":[{"data":"Footwork","floor":7.0,"key":"SMITH"},{"floor":11.0,"key":"REST"},{"data":"Dash","floor":15.0,"key":"SMITH"},{"data":"Caltrops","floor":23.0,"key":"SMITH"},{"data":"Sucker Punch","floor":25.0,"key":"SMITH"},{"floor":28.0,"key":"REST"},{"data":"Neutralize","floor":32.0,"key":"SMITH"},{"floor":41.0,"key":"REST"},{"data":"Cloak And Dagger","floor":49,"key":"SMITH"}],"neow_cost":"CURSE","seed_source_timestamp":365362251244552,"circlet_count":0,"master_deck":["AscendersBane","Defend_G+1","Defend_G+1","Defend_G+1","Defend_G+1","Defend_G+1","Strike_G+1","Strike_G+1","Strike_G+1","Strike_G+1","Survivor","Neutralize+1","Acrobatics","PiercingWail","Footwork+1","Dash+1","Caltrops+1","Noxious Fumes+1","Noxious Fumes+1","Terror","After Image+1","Heel Hook+1","Blur","Sucker Punch+1","PiercingWail+1","Infinite Blades","Escape Plan","Cloak And Dagger+1","Noxious Fumes+1","Blade Dance+1","Escape Plan+1"],"special_seed":0,"relics":["Ring of the Snake","Paper Crane","Shuriken","Pantograph","Mummified Hand","Black Star","Gremlin Horn","Potion Belt","Bottled Flame","Strawberry","Singing Bowl","Lizard Tail","Bag of Preparation","Ornamental Fan","Sundial","Mercury Hourglass","Letter Opener","Boot","Bottled Lightning","Toxic Egg 2","Ancient Tea Set","Thread and Needle"],"potions_floor_usage":[50,50,50],"damage_taken":[{"damage":3.0,"enemies":"2 Louse","floor":1.0,"turns":6.0},{"damage":4.0,"enemies":"Small Slimes","floor":2.0,"turns":8.0},{"damage":0.0,"enemies":"Jaw Worm","floor":5.0,"turns":8.0},{"damage":9.0,"enemies":"3 Sentries","floor":6.0,"turns":14.0},{"damage":31.0,"enemies":"Gremlin Nob","floor":8.0,"turns":6.0},{"damage":1.0,"enemies":"2 Fungi Beasts","floor":10.0,"turns":5.0},{"damage":0.0,"enemies":"Looter","floor":12.0,"turns":4.0},{"damage":2.0,"enemies":"Blue Slaver","floor":13.0,"turns":4.0},{"damage":16.0,"enemies":"The Guardian","floor":16.0,"turns":10.0},{"damage":0.0,"enemies":"Spheric Guardian","floor":18.0,"turns":6.0},{"damage":0.0,"enemies":"Shell Parasite","floor":20.0,"turns":5.0},{"damage":3.0,"enemies":"Book of Stabbing","floor":24.0,"turns":6.0},{"damage":10.0,"enemies":"Snecko","floor":27.0,"turns":6.0},{"damage":13.0,"enemies":"Cultist and Chosen","floor":29.0,"turns":7.0},{"damage":25.0,"enemies":"Gremlin Leader","floor":31.0,"turns":6.0},{"damage":0.0,"enemies":"Automaton","floor":33.0,"turns":10.0},{"damage":0.0,"enemies":"Orb Walker","floor":35.0,"turns":5.0},{"damage":23.0,"enemies":"3 Darklings","floor":37.0,"turns":6.0},{"damage":19.0,"enemies":"Sphere and 2 Shapes","floor":39.0,"turns":6.0},{"damage":4.0,"enemies":"Reptomancer","floor":40.0,"turns":9.0},{"damage":15.0,"enemies":"Giant Head","floor":42.0,"turns":10.0},{"damage":0.0,"enemies":"Reptomancer","floor":44.0,"turns":7.0},{"damage":0,"enemies":"Giant Head","floor":46,"turns":9},{"damage":5,"enemies":"Transient","floor":47,"turns":5},{"damage":0,"enemies":"Mind Bloom Boss Battle","floor":48,"turns":6},{"damage":0,"enemies":"Donu and Deca","floor":50,"turns":9}],"seed_played":"-2647049638921201701","potions_obtained":[{"floor":2.0,"key":"Swift Potion"},{"floor":8.0,"key":"Poison Potion"},{"floor":13.0,"key":"Swift Potion"},{"floor":24.0,"key":"SpeedPotion"},{"floor":29.0,"key":"Fire Potion"},{"floor":33.0,"key":"Block Potion"},{"floor":37.0,"key":"SkillPotion"},{"floor":40.0,"key":"Ancient Potion"},{"floor":44.0,"key":"FearPotion"},{"floor":46,"key":"Ancient Potion"}],"is_trial":false,"path_per_floor":["M","M","?","$","M","E","R","?","T","M","R","M","M","?","R","B",null,"M","?","M","?","?","R","E","R","T","M","R","M","?","E","R","B",null,"M","?","M","?","M","E","R","E","T","E","?","E","M","?","R","B",null],"character_chosen":"THE_SILENT","items_purchased":["Footwork","Paper Crane"],"campfire_rested":3,"item_purchase_floors":[4,4],"current_hp_per_floor":[60,56,56,56,56,47,47,16,16,15,36,36,34,20,20,29,60,60,60,60,60,60,60,57,57,57,47,68,55,55,37,37,64,75,77,77,56,56,37,35,60,47,47,47,47,49,44,69,69,89],"gold":637,"neow_bonus":"TWO_FIFTY_GOLD","is_prod":false,"is_daily":false,"chose_seed":false,"campfire_upgraded":6,"win_rate":0,"timestamp":1547534717,"path_taken":["M","M","?","$","M","E","R","?","T","M","R","M","?","?","R","BOSS","M","?","M","?","?","R","E","R","T","?","R","M","?","E","R","BOSS","M","?","M","?","M","E","R","E","T","E","?","E","?","?","R","BOSS"],"build_version":"2019-01-14","purchased_purges":0,"victory":true,"max_hp_per_floor":[70,70,70,70,70,70,70,70,70,70,70,70,70,70,70,70,70,70,70,70,70,70,70,70,70,70,70,70,70,70,77,77,79,79,81,81,83,83,83,85,85,87,87,87,87,89,89,89,89,89],"card_choices":[{"not_picked":["Concentrate","Poisoned Stab"],"picked":"Acrobatics","floor":1.0},{"not_picked":["Quick Slash","Slice"],"picked":"PiercingWail","floor":2.0},{"not_picked":["Sucker Punch","Dagger Spray"],"picked":"Dash","floor":5.0},{"not_picked":["Predator","Riddle With Holes"],"picked":"Caltrops","floor":6.0},{"not_picked":["Cloak And Dagger","Glass Knife"],"picked":"Noxious Fumes","floor":8.0},{"not_picked":["Slice","Quick Slash"],"picked":"Noxious Fumes","floor":10.0},{"not_picked":["Dagger Throw","Bouncing Flask","Flying Knee"],"picked":"SKIP","floor":12.0},{"not_picked":["Endless Agony","Deflect"],"picked":"Terror","floor":13.0},{"not_picked":["A Thousand Cuts","Die Die Die"],"picked":"After Image","floor":16.0},{"not_picked":["Flying Knee","Poisoned Stab"],"picked":"Heel Hook+1","floor":18.0},{"not_picked":["Dash","Prepared"],"picked":"Blur","floor":20.0},{"not_picked":["Doppelganger","Blade Dance"],"picked":"Sucker Punch","floor":24.0},{"not_picked":["Bouncing Flask","Quick Slash"],"picked":"PiercingWail+1","floor":27.0},{"not_picked":["Flechettes","Catalyst"],"picked":"Infinite Blades","floor":29.0},{"not_picked":["Terror+1","Poisoned Stab"],"picked":"Escape Plan","floor":31.0},{"not_picked":["Envenom","Wraith Form v2","Die Die Die"],"picked":"Singing Bowl","floor":33.0},{"not_picked":["Deadly Poison","Acrobatics","Slice"],"picked":"Singing Bowl","floor":35.0},{"not_picked":["Masterful Stab","Sucker Punch","Concentrate"],"picked":"Singing Bowl","floor":37.0},{"not_picked":["Bane","Flechettes"],"picked":"Cloak And Dagger","floor":39.0},{"not_picked":["Envenom","Sucker Punch","Underhanded Strike"],"picked":"Singing Bowl","floor":40.0},{"not_picked":["Sucker Punch","Quick Slash+1","Acrobatics"],"picked":"Singing Bowl","floor":42.0},{"not_picked":["Poisoned Stab","Quick Slash"],"picked":"Noxious Fumes","floor":44.0},{"not_picked":["Quick Slash","Dagger Spray","Eviscerate+1"],"picked":"Singing Bowl","floor":46},{"not_picked":["Slice+1","Dodge and Roll+1"],"picked":"Blade Dance+1","floor":47},{"not_picked":["Endless Agony","Slice"],"picked":"Escape Plan+1","floor":48}],"player_experience":810571,"relics_obtained":[{"floor":6.0,"key":"Shuriken"},{"floor":8.0,"key":"Pantograph"},{"floor":9.0,"key":"Mummified Hand"},{"floor":24.0,"key":"Gremlin Horn"},{"floor":24.0,"key":"Potion Belt"},{"floor":26.0,"key":"Bottled Flame"},{"floor":31.0,"key":"Strawberry"},{"floor":31.0,"key":"Singing Bowl"},{"floor":40.0,"key":"Bag of Preparation"},{"floor":40.0,"key":"Ornamental Fan"},{"floor":42.0,"key":"Sundial"},{"floor":42.0,"key":"Mercury Hourglass"},{"floor":43.0,"key":"Letter Opener"},{"floor":44.0,"key":"Boot"},{"floor":44.0,"key":"Bottled Lightning"},{"floor":46,"key":"Toxic Egg 2"},{"floor":46,"key":"Ancient Tea Set"},{"floor":48,"key":"Thread and Needle"}],"event_choices":[{"cards_removed":["Pain"],"damage_healed":0.0,"max_hp_gain":0.0,"max_hp_loss":0.0,"gold_gain":0.0,"event_name":"The Cleric","player_choice":"Card Removal","floor":3.0,"gold_loss":50.0,"damage_taken":0.0},{"damage_healed":0.0,"max_hp_gain":0.0,"max_hp_loss":0.0,"gold_gain":0.0,"event_name":"Dead Adventurer","player_choice":"Searched \u00272\u0027 times","floor":8.0,"gold_loss":0.0,"damage_taken":0.0},{"damage_healed":0.0,"max_hp_gain":0.0,"max_hp_loss":0.0,"gold_gain":0.0,"event_name":"Shining Light","player_choice":"Entered Light","floor":14.0,"gold_loss":0.0,"damage_taken":14.0,"cards_upgraded":["Noxious Fumes","Defend_G"]},{"damage_healed":0.0,"max_hp_gain":0.0,"max_hp_loss":0.0,"gold_gain":0.0,"event_name":"Cursed Tome","player_choice":"Ignored","floor":19.0,"gold_loss":0.0,"damage_taken":0.0},{"damage_healed":0.0,"max_hp_gain":0.0,"max_hp_loss":0.0,"gold_gain":0.0,"event_name":"Back to Basics","player_choice":"Simplicity","floor":21.0,"gold_loss":0.0,"damage_taken":0.0,"cards_upgraded":["Defend_G","Defend_G","Defend_G","Defend_G","Strike_G","Strike_G","Strike_G","Strike_G","Strike_G"]},{"damage_healed":0.0,"max_hp_gain":0.0,"max_hp_loss":0.0,"gold_gain":0.0,"event_name":"Designer","player_choice":"Upgraded Two","floor":22.0,"gold_loss":40.0,"damage_taken":0.0,"cards_upgraded":["Noxious Fumes","After Image"]},{"damage_healed":0.0,"max_hp_gain":0.0,"max_hp_loss":0.0,"gold_gain":0.0,"event_name":"Vampires","player_choice":"Ignored","floor":30.0,"gold_loss":0.0,"damage_taken":0.0},{"damage_healed":0.0,"max_hp_gain":0.0,"max_hp_loss":0.0,"gold_gain":0.0,"event_name":"Mysterious Sphere","player_choice":"Ignored","floor":36.0,"gold_loss":0.0,"damage_taken":0.0},{"cards_removed":["Strike_G"],"damage_healed":0.0,"max_hp_gain":0.0,"max_hp_loss":0.0,"gold_gain":0.0,"event_name":"Falling","player_choice":"Removed Attack","floor":38.0,"gold_loss":0.0,"damage_taken":0.0},{"damage_healed":0.0,"max_hp_gain":0.0,"max_hp_loss":0.0,"gold_gain":0.0,"event_name":"Accursed Blacksmith","player_choice":"Forge","floor":45.0,"gold_loss":0.0,"damage_taken":0.0,"cards_upgraded":["Noxious Fumes"]},{"damage_healed":0,"gold_gain":0,"player_choice":"Fight","damage_taken":0,"max_hp_gain":0,"max_hp_loss":0,"event_name":"MindBloom","floor":48,"gold_loss":0}],"is_beta":true,"boss_relics":[{"not_picked":["HoveringKite","Sozu"],"picked":"Black Star"},{"not_picked":["Calling Bell","Astrolabe"],"picked":"Lizard Tail"}],"items_purged_floors":[],"is_endless":false,"potions_floor_spawned":[2,8,13,24,29,33,37,40,44,46],"ascension_level":13}