{"gold_per_floor":[113,132,150,167,242,277,277,277,277,297,328,328,357,368,368,368],"floor_reached":16,"playtime":1972,"items_purged":[],"score":198,"play_id":"f2d28cc9-f095-4f80-88e7-a4d025180144","local_time":"20190716230607","is_ascension_mode":true,"campfire_choices":[{"floor":7,"key":"REST"},{"floor":15,"key":"REST"}],"neow_cost":"NONE","seed_source_timestamp":1819580680203200,"circlet_count":0,"master_deck":["AscendersBane","Strike_R","Strike_R","Strike_R","Strike_R","Strike_R","Defend_R","Defend_R","Defend_R","Defend_R","Bash","Infernal Blade","Cleave","Clothesline","Thunderclap","Power Through+1","Infernal Blade+1","Double Tap+1","Havoc+1"],"relics":["Burning Blood","Smiling Mask","Toxic Egg 2","Oddly Smooth Stone","Bottled Lightning","Odd Mushroom","Dodecahedron","Dead Branch"],"potions_floor_usage":[11,13,13],"damage_taken":[{"damage":10,"enemies":"Cultist","floor":1,"turns":4},{"damage":0,"enemies":"2 Louse","floor":2,"turns":2},{"damage":15,"enemies":"Small Slimes","floor":3,"turns":3},{"damage":0,"enemies":"3 Louse","floor":4,"turns":1},{"damage":39,"enemies":"Gremlin Nob","floor":6,"turns":5},{"damage":21,"enemies":"The Mushroom Lair","floor":10,"turns":4},{"damage":40,"enemies":"Lagavulin","floor":11,"turns":10},{"damage":14,"enemies":"3 Sentries","floor":13,"turns":5},{"damage":0,"enemies":"Exordium Thugs","floor":14,"turns":1},{"damage":48,"enemies":"The Guardian","floor":16,"turns":12}],"seed_played":"6607432262849954039","potions_obtained":[{"floor":3,"key":"Dexterity Potion"},{"floor":6,"key":"BloodPotion"},{"floor":11,"key":"Strength Potion"},{"floor":12,"key":"Explosive Potion"},{"floor":13,"key":"Dexterity Potion"}],"is_trial":false,"path_per_floor":["M","M","M","M","?","E","R","?","T","?","E","?","E","M","R","B"],"character_chosen":"IRONCLAD","items_purchased":[],"campfire_rested":2,"item_purchase_floors":[],"current_hp_per_floor":[68,74,65,71,60,27,51,51,51,36,22,22,14,20,44,0],"gold":368,"neow_bonus":"RANDOM_COMMON_RELIC","is_prod":false,"is_daily":false,"chose_seed":false,"campfire_upgraded":0,"win_rate":0,"timestamp":1563332767,"path_taken":["M","M","?","M","?","E","R","?","T","?","E","?","E","?","R","BOSS"],"build_version":"2019-07-05","purchased_purges":0,"victory":false,"max_hp_per_floor":[80,80,80,80,80,80,80,80,80,80,80,80,80,80,80,80],"card_choices":[{"not_picked":["Wild Strike","Sentinel"],"picked":"Infernal Blade","floor":1},{"not_picked":["Flame Barrier","Clothesline"],"picked":"Cleave","floor":2},{"not_picked":["Intimidate","Searing Blow"],"picked":"Clothesline","floor":3},{"not_picked":["Body Slam","Perfected Strike","Flex"],"picked":"SKIP","floor":4},{"not_picked":["Clothesline","Wild Strike"],"picked":"Thunderclap","floor":6},{"not_picked":["Sword Boomerang","Pummel"],"picked":"Power Through+1","floor":10},{"not_picked":["Headbutt","Twin Strike"],"picked":"Infernal Blade+1","floor":11},{"not_picked":["Flex+1","Whirlwind"],"picked":"Double Tap+1","floor":13},{"not_picked":["Shrug It Off+1","Dropkick"],"picked":"Havoc+1","floor":14}],"player_experience":653972,"relics_obtained":[{"floor":6,"key":"Toxic Egg 2"},{"floor":9,"key":"Bottled Lightning"},{"floor":10,"key":"Odd Mushroom"},{"floor":11,"key":"Dodecahedron"},{"floor":13,"key":"Dead Branch"}],"event_choices":[{"damage_healed":0,"gold_gain":75,"player_choice":"Gather Gold","damage_taken":11,"max_hp_gain":0,"max_hp_loss":0,"event_name":"World of Goop","floor":5,"gold_loss":0},{"damage_healed":0,"gold_gain":0,"player_choice":"Searched \u00272\u0027 times","damage_taken":0,"relics_obtained":["Oddly Smooth Stone"],"max_hp_gain":0,"max_hp_loss":0,"event_name":"Dead Adventurer","floor":8,"gold_loss":0},{"damage_healed":0,"gold_gain":0,"player_choice":"Fought Mushrooms","damage_taken":0,"max_hp_gain":0,"max_hp_loss":0,"event_name":"Mushrooms","floor":10,"gold_loss":0},{"damage_healed":0,"gold_gain":0,"player_choice":"Got Potions","damage_taken":0,"max_hp_gain":0,"max_hp_loss":0,"event_name":"Lab","floor":12,"gold_loss":0}],"is_beta":false,"boss_relics":[],"items_purged_floors":[],"is_endless":false,"potions_floor_spawned":[3,6,11,13],"killed_by":"The Guardian","ascension_level":13}