{"gold_per_floor":[109,126,96,113,133,133,464,464,464,483,496,506,506,536,536,536],"floor_reached":16,"playtime":1390,"items_purged":[],"score":125,"play_id":"14701948-32da-4e47-a980-2f64d4edd590","local_time":"20190710190922","is_ascension_mode":true,"campfire_choices":[{"data":"Redo","floor":6,"key":"SMITH"},{"data":"Streamline","floor":8,"key":"SMITH"},{"data":"Conserve Battery","floor":13,"key":"SMITH"},{"data":"Leap","floor":15,"key":"SMITH"}],"neow_cost":"NONE","seed_source_timestamp":1532729247791900,"circlet_count":0,"master_deck":["Strike_B","Strike_B","Strike_B","Strike_B","Defend_B","Defend_B","Defend_B","Defend_B","Zap","Dualcast","Beam Cell","Redo+1","Gash","Streamline+1","Leap+1","Stack","Conserve Battery+1","Storm"],"relics":["Cracked Core","Old Coin","Mummified Hand"],"potions_floor_usage":[7,11,14],"damage_taken":[{"damage":0,"enemies":"Small Slimes","floor":1,"turns":3},{"damage":1,"enemies":"Cultist","floor":2,"turns":3},{"damage":0,"enemies":"2 Louse","floor":4,"turns":1},{"damage":6,"enemies":"Looter","floor":5,"turns":2},{"damage":22,"enemies":"3 Sentries","floor":7,"turns":8},{"damage":8,"enemies":"Blue Slaver","floor":10,"turns":2},{"damage":2,"enemies":"3 Louse","floor":11,"turns":2},{"damage":0,"enemies":"Red Slaver","floor":12,"turns":2},{"damage":16,"enemies":"Gremlin Nob","floor":14,"turns":3},{"damage":26,"enemies":"The Guardian","floor":16,"turns":6}],"seed_played":"-9168324949678536533","potions_obtained":[{"floor":1,"key":"AttackPotion"},{"floor":3,"key":"Poison Potion"},{"floor":3,"key":"Swift Potion"},{"floor":4,"key":"Block Potion"},{"floor":12,"key":"Explosive Potion"},{"floor":14,"key":"Explosive Potion"}],"is_trial":false,"path_per_floor":["M","M","?","M","M","R","E","R","T","M","M","M","R","E","R","B"],"character_chosen":"DEFECT","items_purchased":[],"campfire_rested":0,"item_purchase_floors":[],"current_hp_per_floor":[82,81,81,81,75,75,53,53,53,45,43,43,43,27,27,1],"gold":536,"neow_bonus":"TEN_PERCENT_HP_BONUS","is_prod":false,"is_daily":false,"chose_seed":false,"campfire_upgraded":4,"win_rate":0,"timestamp":1562800162,"path_taken":["M","M","?","?","M","R","E","R","T","M","?","M","R","E","R","BOSS"],"build_version":"2019-07-05","purchased_purges":0,"victory":false,"max_hp_per_floor":[82,82,82,82,82,82,82,82,82,82,82,82,82,82,82,82],"card_choices":[{"not_picked":["Defragment","Turbo"],"picked":"Beam Cell","floor":1},{"not_picked":["Barrage","Turbo"],"picked":"Redo","floor":2},{"not_picked":["Scrape","Turbo"],"picked":"Gash","floor":4},{"not_picked":["Skim","Thunder Strike","Redo"],"picked":"SKIP","floor":5},{"not_picked":["Tempest","All For One"],"picked":"Streamline","floor":7},{"not_picked":["Ball Lightning","Sweeping Beam"],"picked":"Leap","floor":10},{"not_picked":["Barrage","Streamline"],"picked":"Stack","floor":11},{"not_picked":["Coolheaded","Sweeping Beam"],"picked":"Conserve Battery","floor":12},{"not_picked":["Machine Learning","Leap"],"picked":"Storm","floor":14}],"player_experience":696961,"relics_obtained":[{"floor":7,"key":"Old Coin"},{"floor":14,"key":"Mummified Hand"}],"event_choices":[{"damage_healed":0,"gold_gain":0,"player_choice":"Bought 2 Potions","damage_taken":0,"max_hp_gain":0,"max_hp_loss":0,"event_name":"The Woman in Blue","floor":3,"gold_loss":0}],"is_beta":false,"boss_relics":[],"items_purged_floors":[],"is_endless":false,"potions_floor_spawned":[1,4,12,14],"killed_by":"The Guardian","ascension_level":2}