{"gold_per_floor":[112,112,122,38,52,52,28,45,114,125,125,125,144,163,163,289,289,310,298,298,248,248],"floor_reached":22,"playtime":1697,"items_purged":[],"score":249,"play_id":"eb24c6bf-b50c-4d33-94bf-94d822db0027","local_time":"20181111202848","is_ascension_mode":true,"campfire_choices":[{"data":"Glacier","floor":6,"key":"SMITH"},{"data":"Stack","floor":15,"key":"SMITH"}],"neow_cost":"NONE","seed_source_timestamp":1793120618906,"circlet_count":0,"master_deck":["Strike_B","Strike_B+1","Strike_B","Strike_B+1","Defend_B","Defend_B","Defend_B","Defend_B","Zap","Dualcast","Blizzard","Aggregate","Reinforced Body","Compile Driver","Glacier+1","Cold Snap","Compile Driver","Chill","Injury","Genetic Algorithm","Stack+1","Fission","Conserve Battery","Storm+1","Defragment"],"relics":["Cracked Core","Cables","Golden Idol","Eternal Feather"],"potions_floor_usage":[16,18,19,22],"damage_taken":[{"damage":1,"enemies":"2 Louse","floor":1,"turns":3},{"damage":0,"enemies":"Jaw Worm","floor":3,"turns":3},{"damage":0,"enemies":"Cultist","floor":5,"turns":3},{"damage":0,"enemies":"Large Slime","floor":8,"turns":7},{"damage":0,"enemies":"Looter","floor":10,"turns":3},{"damage":12,"enemies":"2 Fungi Beasts","floor":13,"turns":4},{"damage":1,"enemies":"Large Slime","floor":14,"turns":5},{"damage":38,"enemies":"Slime Boss","floor":16,"turns":16},{"damage":44,"enemies":"Chosen","floor":18,"turns":10},{"damage":7,"enemies":"2 Thieves","floor":19,"turns":4},{"damage":42,"enemies":"3 Cultists","floor":22,"turns":6}],"seed_played":"-5829007887158287875","potions_obtained":[{"floor":1,"key":"EssenceOfSteel"},{"floor":10,"key":"Weak Potion"},{"floor":14,"key":"Weak Potion"},{"floor":16,"key":"FairyPotion"},{"floor":18,"key":"GamblersBrew"}],"is_trial":false,"path_per_floor":["M","?","M","$","M","R","$","M","T","M","?","?","M","M","R","B",null,"M","M","?","?","M"],"character_chosen":"DEFECT","items_purchased":["Reinforced Body","Compile Driver","Cold Snap"],"campfire_rested":0,"item_purchase_floors":[4,4,7],"current_hp_per_floor":[74,58,58,58,58,58,58,58,58,58,58,63,51,50,50,12,68,24,17,17,17,0],"gold":248,"neow_bonus":"TEN_PERCENT_HP_BONUS","is_prod":false,"is_daily":false,"chose_seed":false,"campfire_upgraded":2,"win_rate":0,"timestamp":1541986128,"path_taken":["M","?","M","$","M","R","$","M","T","M","?","?","?","M","R","BOSS","M","M","?","?","?"],"build_version":"2018-11-08","purchased_purges":0,"victory":false,"max_hp_per_floor":[82,82,82,82,82,82,82,82,82,82,82,87,87,87,87,87,87,87,87,87,87,87],"card_choices":[{"not_picked":["Barrage","Beam Cell"],"picked":"Blizzard","floor":1},{"not_picked":["Scrape","Fusion"],"picked":"Aggregate","floor":3},{"not_picked":["Turbo","Melter"],"picked":"Glacier","floor":5},{"not_picked":["Redo","Steam"],"picked":"Compile Driver","floor":8},{"not_picked":["Scrape","Doom and Gloom"],"picked":"Chill","floor":10},{"not_picked":["Barrage","Steam"],"picked":"Genetic Algorithm","floor":13},{"not_picked":["Leap","Barrage"],"picked":"Stack","floor":14},{"not_picked":["Electrodynamics","All For One"],"picked":"Fission","floor":16},{"not_picked":["Doom and Gloom","Hologram+1"],"picked":"Conserve Battery","floor":18},{"not_picked":["Go for the Eyes","Barrage"],"picked":"Storm+1","floor":19}],"player_experience":366199,"relics_obtained":[{"floor":9,"key":"Cables"}],"event_choices":[{"damage_healed":0,"gold_gain":0,"player_choice":"Entered Light","damage_taken":16,"max_hp_gain":0,"max_hp_loss":0,"event_name":"Shining Light","floor":2,"gold_loss":0,"cards_upgraded":["Strike_B","Strike_B"]},{"damage_healed":0,"gold_gain":0,"player_choice":"Take Wound","damage_taken":0,"relics_obtained":["Golden Idol"],"max_hp_gain":0,"max_hp_loss":0,"event_name":"Golden Idol","floor":11,"gold_loss":0,"cards_obtained":["Injury"]},{"damage_healed":0,"gold_gain":0,"player_choice":"Donut","damage_taken":0,"max_hp_gain":5,"max_hp_loss":0,"event_name":"Big Fish","floor":12,"gold_loss":0},{"damage_healed":0,"gold_gain":0,"player_choice":"Read","damage_taken":0,"max_hp_gain":0,"max_hp_loss":0,"event_name":"The Library","floor":20,"gold_loss":0,"cards_obtained":["Defragment"]},{"damage_healed":0,"gold_gain":0,"player_choice":"Bet on Murderer","damage_taken":0,"max_hp_gain":0,"max_hp_loss":0,"event_name":"The Joust","floor":21,"gold_loss":50}],"is_beta":true,"boss_relics":[{"not_picked":["White Beast Statue","Velvet Choker"],"picked":"Eternal Feather"}],"items_purged_floors":[],"is_endless":false,"potions_floor_spawned":[1,10,14,16,18],"killed_by":"3 Cultists","ascension_level":8}