{"path_per_floor":["M","?","?","M","$","E","M","R","T","M","$","M","R","?","R"],"character_chosen":"DEFECT","items_purchased":["Whetstone","Bronze Scales"],"gold_per_floor":[109,184,184,195,52,87,99,99,145,160,7,17,17,192,192,192],"floor_reached":16,"campfire_rested":0,"playtime":679,"current_hp_per_floor":[75,64,64,64,64,64,54,54,54,44,44,31,31,31,31,0],"items_purged":[],"gold":192,"score":125,"play_id":"b99c1137-0e99-4c4e-9c7b-bd14436c1c59","local_time":"20180509015437","is_prod":false,"is_daily":false,"chose_seed":false,"is_ascension_mode":false,"campfire_upgraded":3,"timestamp":1525845277,"path_taken":["M","?","?","?","$","E","M","R","T","M","?","?","R","?","R","BOSS"],"build_version":"2018-05-08","seed_source_timestamp":451987124203161,"purchased_purges":1,"victory":false,"master_deck":["Strike_B+1","Strike_B+1","Strike_B","Defend_B","Defend_B","Defend_B","Defend_B","Zap+1","Dualcast","Heatsinks","Doom and Gloom+1","Biased Cognition","Capacitor","Skim","Leap+1","Doubt"],"max_hp_per_floor":[75,75,75,75,75,75,75,75,75,75,75,75,75,75,75,75],"relics":["Cracked Core","NeowsBlessing","Whetstone","Ancient Tea Set","Bag of Marbles","Bronze Scales"],"card_choices":[{"not_picked":["Capacitor","Streamline"],"picked":"Heatsinks","floor":1},{"not_picked":["Sweeping Beam","Ball Lightning"],"picked":"Doom and Gloom","floor":4},{"not_picked":["Ball Lightning","Hologram"],"picked":"Biased Cognition","floor":6},{"not_picked":["Beam Cell","Axe Kick"],"picked":"Capacitor","floor":7},{"not_picked":["Lockon","Hologram"],"picked":"Skim","floor":10},{"not_picked":["Reprogram","Consume"],"picked":"Leap","floor":12}],"player_experience":9783,"potions_floor_usage":[16,16],"damage_taken":[{"damage":0,"enemies":"Jaw Worm","floor":1,"turns":1},{"damage":0,"enemies":"2 Louse","floor":4,"turns":1},{"damage":0,"enemies":"3 Sentries","floor":6,"turns":1},{"damage":10,"enemies":"Small Slimes","floor":7,"turns":4},{"damage":10,"enemies":"Exordium Thugs","floor":10,"turns":2},{"damage":13,"enemies":"Red Slaver","floor":12,"turns":2},{"damage":35,"enemies":"Slime Boss","floor":16,"turns":9}],"event_choices":[{"event_name":"World of Goop","player_choice":"Gather Gold","floor":2,"damage_taken":0},{"event_name":"Purifier","player_choice":"One Purge","floor":3,"damage_taken":0},{"event_name":"Liars Game","player_choice":"agreed","floor":14,"damage_taken":0}],"boss_relics":[],"potions_floor_spawned":[4,12],"seed_played":"504098160960498760","killed_by":"Slime Boss","ascension_level":0,"is_trial":false}