{"path_per_floor":["M","M","$","?","?","?","R","M","T","E","M","M","R","?","R","B",null,"M","?","M","M","M","R","$","R","T","?","R","M","R","T","R"],"character_chosen":"THE_SILENT","items_purchased":["Terror","Infinite Blades","Vajra"],"gold_per_floor":[112,130,97,97,272,272,272,292,292,317,328,348,348,348,348,446,446,457,457,474,493,509,509,312,312,312,312,312,326,326,326,326],"floor_reached":33,"campfire_rested":5,"playtime":1852,"current_hp_per_floor":[68,66,66,71,71,56,56,56,56,20,18,2,24,24,46,42,75,42,42,9,32,5,20,20,35,35,27,44,37,37,37,37],"items_purged":[],"gold":326,"score":271,"play_id":"c4c72a90-2e31-4c3e-85e9-3d34dfcc3899","is_prod":false,"is_daily":false,"is_ascension_mode":false,"campfire_upgraded":3,"path_taken":["M","M","$","?","?","?","R","M","T","E","M","M","R","?","R","BOSS","M","?","?","M","M","R","$","R","T","?","R","M","R","?","R","BOSS"],"build_version":"2018-02-12-PROD1","purchased_purges":1,"victory":false,"master_deck":["Defend_G","Defend_G","Defend_G","Defend_G","Defend_G","Survivor","Neutralize+1","Outmaneuver+1","Calculated Gamble+1","Terror","Flying Knee","Quick Slash","Dagger Throw","Dagger Spray","Burst+1","Catalyst+1","Bite+1","Bite","Bite","Bite","Bite","Backstab+1","Infinite Blades","Infinite Blades"],"max_hp_per_floor":[70,70,70,75,75,75,75,75,75,75,75,75,75,75,75,75,75,75,52,52,52,52,52,52,52,52,57,57,57,57,57,57],"relics":["Ring of the Snake","Calipers","Pantograph","Lizard Tail","Vajra","Unceasing Top","Anchor"],"card_choices":[{"not_picked":["Bane","Poisoned Stab"],"picked":"Outmaneuver"},{"not_picked":["Skewer","Deflect"],"picked":"Calculated Gamble"},{"not_picked":["Corpse Explosion","Underhanded Strike"],"picked":"Flying Knee"},{"not_picked":["Sucker Punch","Acrobatics"],"picked":"Quick Slash"},{"not_picked":["Flechettes","Endless Agony"],"picked":"Dagger Throw"},{"not_picked":["All Out Attack","Acrobatics"],"picked":"Dagger Spray"},{"not_picked":["Tactician","Corpse Explosion"],"picked":"Burst"},{"not_picked":["Bane","Poisoned Stab"],"picked":"Catalyst"},{"not_picked":["Bane","Dagger Spray"],"picked":"Backstab"},{"not_picked":["Cloak And Dagger","Quick Slash"],"picked":"Infinite Blades"}],"player_experience":136118,"potions_floor_usage":[10,16,16,16,18,22],"damage_taken":[{"damage":2,"enemies":"Blue Slaver","floor":1,"turns":6},{"damage":2,"enemies":"Jaw Worm","floor":2,"turns":6},{"damage":0,"enemies":"2 Louse","floor":8,"turns":3},{"damage":36,"enemies":"Gremlin Nob","floor":10,"turns":5},{"damage":2,"enemies":"Looter","floor":11,"turns":3},{"damage":16,"enemies":"Exordium Thugs","floor":12,"turns":5},{"damage":29,"enemies":"Hexaghost","floor":16,"turns":6},{"damage":33,"enemies":"2 Thieves","floor":18,"turns":5},{"damage":49,"enemies":"Spheric Guardian","floor":20,"turns":6},{"damage":29,"enemies":"Snecko","floor":21,"turns":6},{"damage":59,"enemies":"Centurion and Healer","floor":22,"turns":12},{"damage":17,"enemies":"Snake Plant","floor":29,"turns":4},{"damage":9,"enemies":"Automaton","floor":33,"turns":3}],"event_choices":[{"event_name":"Big Fish","player_choice":"Donut","floor":4,"damage_taken":0},{"event_name":"Liars Game","player_choice":"agreed","floor":5,"damage_taken":0},{"event_name":"Shining Light","player_choice":"Entered Light","floor":6,"damage_taken":0},{"event_name":"Purifier","player_choice":"One Purge","floor":14,"damage_taken":0},{"event_name":"Vampires","player_choice":"Became a vampire","floor":19,"damage_taken":0},{"event_name":"Forgotten Altar","player_choice":"Shed Blood","floor":27,"damage_taken":0}],"boss_relics":[{"not_picked":["Ectoplasm","Cursed Key"],"picked":"Lizard Tail"}],"potions_floor_spawned":[8,12,16,20,29],"seed_played":"-1222628352936796048","killed_by":"Automaton","ascension_level":0,"is_trial":false}