{"gold_per_floor":[113,132,145,145,165,190,201,201,226,248,267,287,287,300,300,402,402,422,422,433,24,37,37,37,37,37,56,56,56,66,83,83,180,180,200,200,213,223,240,269,269,287,287,299,299,139,139,139,139,139],"floor_reached":51,"playtime":3115,"items_purged":["Pain"],"score":710,"play_id":"a4ae9338-a064-4cdb-9c70-4ded0bc1cc10","local_time":"20190510222308","is_ascension_mode":false,"campfire_choices":[{"floor":13.0,"key":"REST"},{"data":"Rainbow","floor":15.0,"key":"SMITH"},{"floor":23.0,"key":"RECALL"},{"floor":28,"key":"REST"},{"floor":32,"key":"REST"},{"floor":41,"key":"REST"},{"floor":45,"key":"REST"},{"data":"Apotheosis","floor":49,"key":"SMITH"}],"neow_cost":"NONE","seed_source_timestamp":0,"circlet_count":0,"master_deck":["Strike_B","Strike_B","Strike_B","Defend_B","Defend_B","Defend_B","Defend_B","Zap","Dualcast","Finesse","Go for the Eyes","Auto Shields","Streamline","Rainbow+1","Fusion","Darkness","Cold Snap","Conserve Battery","Glacier","Ball Lightning","Fission","Tempest","Defragment","Apotheosis+1","Defragment+1","Doom and Gloom","Aggregate","Leap","Seek","Barrage","Madness","Madness","Steam","Turbo+1","Glacier","Rebound","BootSequence+1","Rebound+1","Self Repair","Enlightenment","Doubt"],"special_seed":0,"relics":["Cracked Core","WarpedTongs","Mango","Odd Mushroom","Inserter","Lantern","Nilry\u0027s Codex","Mercury Hourglass","Unceasing Top","Runic Pyramid","Smiling Mask","Art of War"],"potions_floor_usage":[33,37,38,40,42],"damage_taken":[{"damage":0.0,"enemies":"Small Slimes","floor":1.0,"turns":4.0},{"damage":0.0,"enemies":"Cultist","floor":2.0,"turns":3.0},{"damage":0.0,"enemies":"2 Louse","floor":3.0,"turns":2.0},{"damage":8.0,"enemies":"Looter","floor":5.0,"turns":3.0},{"damage":24.0,"enemies":"Gremlin Nob","floor":6.0,"turns":4.0},{"damage":6.0,"enemies":"Blue Slaver","floor":7.0,"turns":2.0},{"damage":14.0,"enemies":"The Mushroom Lair","floor":10.0,"turns":5.0},{"damage":4.0,"enemies":"2 Fungi Beasts","floor":11.0,"turns":4.0},{"damage":2.0,"enemies":"Looter","floor":12.0,"turns":3.0},{"damage":0.0,"enemies":"Blue Slaver","floor":14.0,"turns":3.0},{"damage":25.0,"enemies":"The Guardian","floor":16.0,"turns":11.0},{"damage":12.0,"enemies":"Shell Parasite","floor":18.0,"turns":5.0},{"damage":22.0,"enemies":"2 Thieves","floor":20.0,"turns":5.0},{"damage":9.0,"enemies":"Snake Plant","floor":22.0,"turns":4.0},{"damage":11.0,"enemies":"Centurion and Healer","floor":27.0,"turns":5.0},{"damage":9,"enemies":"Cultist and Chosen","floor":30,"turns":4},{"damage":3,"enemies":"Chosen and Byrds","floor":31,"turns":5},{"damage":18,"enemies":"Champ","floor":33,"turns":9},{"damage":0,"enemies":"Orb Walker","floor":35,"turns":3},{"damage":39,"enemies":"3 Shapes","floor":37,"turns":3},{"damage":0,"enemies":"Maw","floor":38,"turns":6},{"damage":19,"enemies":"Writhing Mass","floor":39,"turns":4},{"damage":22,"enemies":"Nemesis","floor":40,"turns":7},{"damage":10,"enemies":"Spire Growth","floor":42,"turns":3},{"damage":21,"enemies":"Transient","floor":44,"turns":5},{"damage":45,"enemies":"Donu and Deca","floor":50,"turns":10}],"seed_played":"8865064893443343496","potions_obtained":[{"floor":1.0,"key":"Strength Potion"},{"floor":3.0,"key":"Fruit Juice"},{"floor":6.0,"key":"Block Potion"},{"floor":16.0,"key":"FearPotion"},{"floor":20.0,"key":"SkillPotion"},{"floor":27,"key":"Energy Potion"},{"floor":31,"key":"LiquidBronze"},{"floor":35,"key":"Energy Potion"},{"floor":39,"key":"LiquidBronze"},{"floor":40,"key":"Ancient Potion"}],"is_trial":false,"path_per_floor":["M","M","M","?","M","E","M","?","T","?","M","M","R","M","R","B",null,"M","?","M","$","M","R","?","T","T","M","R","?","M","M","R","B",null,"M","?","M","M","M","E","R","M","T","M","R","$","?","?","R","B",null],"character_chosen":"DEFECT","items_purchased":["Lantern","Apotheosis","Self Repair","Enlightenment"],"campfire_rested":5,"item_purchase_floors":[21,21,46,46],"current_hp_per_floor":[75,75,75,75,72,62,56,61,61,47,43,41,70,70,70,45,99,87,87,65,65,56,56,40,40,40,29,58,58,49,46,75,57,99,99,87,48,48,29,7,36,26,26,5,34,34,34,99,99,61],"gold":139,"neow_bonus":"RANDOM_COLORLESS","is_prod":false,"is_daily":false,"chose_seed":false,"campfire_upgraded":2,"win_rate":0,"timestamp":1557541388,"path_taken":["M","M","M","?","?","E","M","?","T","?","M","M","R","M","R","BOSS","M","?","M","$","M","R","?","?","T","M","R","?","M","M","R","BOSS","M","?","M","M","M","E","R","M","T","M","R","$","?","?","R","BOSS"],"build_version":"2019-01-23","purchased_purges":1,"victory":true,"max_hp_per_floor":[75,75,75,75,80,94,94,99,99,99,99,99,99,99,99,99,99,99,99,99,99,99,99,99,99,99,99,99,99,99,99,99,99,99,99,99,99,99,99,99,99,99,99,99,99,99,99,99,99,99],"card_choices":[{"not_picked":["Steam","Streamline"],"picked":"Go for the Eyes","floor":1.0},{"not_picked":["Go for the Eyes","Blizzard"],"picked":"Auto Shields","floor":2.0},{"not_picked":["Gash","Turbo"],"picked":"Streamline","floor":3.0},{"not_picked":["Static Discharge","Streamline"],"picked":"Rainbow","floor":5.0},{"not_picked":["Rainbow","Hello World"],"picked":"Fusion","floor":6.0},{"not_picked":["Melter","Sunder"],"picked":"Darkness","floor":7.0},{"not_picked":["Streamline","White Noise"],"picked":"Cold Snap","floor":10.0},{"not_picked":["Steam","Coolheaded"],"picked":"Conserve Battery","floor":11.0},{"not_picked":["Skim","Darkness"],"picked":"Glacier","floor":12.0},{"not_picked":["Force Field","Steam"],"picked":"Ball Lightning","floor":14.0},{"not_picked":["Biased Cognition","Hyperbeam"],"picked":"Fission","floor":16.0},{"not_picked":["Conserve Battery","Beam Cell"],"picked":"Tempest","floor":18.0},{"not_picked":["Coolheaded","Rebound"],"picked":"Defragment","floor":20.0},{"not_picked":["Coolheaded","Glacier"],"picked":"Defragment+1","floor":22.0},{"not_picked":["Steam","Scrape"],"picked":"Doom and Gloom","floor":27},{"not_picked":["Hologram+1","Reinforced Body"],"picked":"Aggregate","floor":30},{"not_picked":["Gash","BootSequence"],"picked":"Leap","floor":31},{"not_picked":["Machine Learning","Creative AI"],"picked":"Seek","floor":33},{"not_picked":["Hologram","Coolheaded+1"],"picked":"Barrage","floor":35},{"not_picked":["Force Field+1","Leap+1"],"picked":"Steam","floor":37},{"not_picked":["Melter+1","Creative AI"],"picked":"Turbo+1","floor":38},{"not_picked":["Compile Driver+1","Rebound"],"picked":"Glacier","floor":39},{"not_picked":["Conserve Battery+1","Tempest"],"picked":"Rebound","floor":40},{"not_picked":["Go for the Eyes","Hologram+1"],"picked":"BootSequence+1","floor":42},{"not_picked":["Force Field+1","Glacier"],"picked":"Rebound+1","floor":44}],"player_experience":330007,"relics_obtained":[{"floor":6.0,"key":"Mango"},{"floor":10.0,"key":"Odd Mushroom"},{"floor":24.0,"key":"Nilry\u0027s Codex"},{"floor":25.0,"key":"Mercury Hourglass"},{"floor":26.0,"key":"Unceasing Top"},{"floor":40,"key":"Smiling Mask"},{"floor":43,"key":"Art of War"}],"event_choices":[{"damage_healed":0.0,"max_hp_gain":0.0,"max_hp_loss":0.0,"gold_gain":0.0,"event_name":"Accursed Blacksmith","player_choice":"Rummage","floor":4.0,"gold_loss":0.0,"damage_taken":0.0,"relics_obtained":["WarpedTongs"],"cards_obtained":["Pain"]},{"damage_healed":0.0,"max_hp_gain":5.0,"max_hp_loss":0.0,"gold_gain":0.0,"event_name":"Big Fish","player_choice":"Donut","floor":8.0,"gold_loss":0.0,"damage_taken":0.0},{"damage_healed":0.0,"max_hp_gain":0.0,"max_hp_loss":0.0,"gold_gain":0.0,"event_name":"Mushrooms","player_choice":"Fought Mushrooms","floor":10.0,"gold_loss":0.0,"damage_taken":0.0},{"damage_healed":0.0,"max_hp_gain":0.0,"max_hp_loss":0.0,"gold_gain":0.0,"event_name":"Ghosts","player_choice":"Ignored","floor":19.0,"gold_loss":0.0,"damage_taken":0.0},{"damage_healed":0.0,"max_hp_gain":0.0,"max_hp_loss":0.0,"gold_gain":0.0,"event_name":"Cursed Tome","player_choice":"Obtained Book","floor":24.0,"gold_loss":0.0,"damage_taken":16.0},{"damage_healed":0,"gold_gain":0,"player_choice":"Ignored","damage_taken":0,"max_hp_gain":0,"max_hp_loss":0,"event_name":"The Mausoleum","floor":29,"gold_loss":0},{"damage_healed":0,"gold_gain":0,"player_choice":"Embrace Madness","damage_taken":12,"max_hp_gain":0,"max_hp_loss":0,"event_name":"Winding Halls","floor":36,"gold_loss":0,"cards_obtained":["Madness","Madness"]},{"cards_removed":["Strike_B"],"damage_healed":0,"gold_gain":0,"player_choice":"Removed Attack","damage_taken":0,"max_hp_gain":0,"max_hp_loss":0,"event_name":"Falling","floor":47,"gold_loss":0},{"damage_healed":65,"gold_gain":0,"player_choice":"Heal","damage_taken":0,"max_hp_gain":0,"max_hp_loss":0,"event_name":"MindBloom","floor":48,"gold_loss":0,"cards_obtained":["Doubt"]}],"is_beta":false,"boss_relics":[{"not_picked":["Empty Cage","Fusion Hammer"],"picked":"Inserter"},{"not_picked":["Velvet Choker","Sozu"],"picked":"Runic Pyramid"}],"items_purged_floors":[21],"is_endless":false,"potions_floor_spawned":[1,3,6,16,20,27,31,35,39,40],"ascension_level":0}