{"gold_per_floor":[17,17,17,17,17,17,35,55,79,79,99,116,116,127,127,200,200,155,155,170,170],"floor_reached":21,"playtime":941,"items_purged":[],"score":325,"play_id":"f9ede37a-ad67-4043-baf5-8e13b83f807b","local_time":"20190214163217","is_ascension_mode":true,"campfire_choices":[{"data":"Bash","floor":6.0,"key":"SMITH"},{"data":"True Grit","floor":10.0,"key":"SMITH"},{"data":"Pommel Strike","floor":13.0,"key":"SMITH"},{"data":"Shrug It Off","floor":15.0,"key":"SMITH"}],"neow_cost":"NO_GOLD","seed_source_timestamp":71073257413653,"circlet_count":0,"master_deck":["AscendersBane","Strike_R+1","Strike_R","Strike_R","Strike_R","Strike_R+1","Defend_R","Defend_R","Defend_R","Defend_R","Bash+1","Rupture","True Grit+1","Pummel","Pommel Strike+1","Body Slam","Shrug It Off+1","Juggernaut","Evolve","Clothesline"],"special_seed":0,"relics":["Burning Blood","Bird Faced Urn","Happy Flower","Eternal Feather","Nloth\u0027s Gift"],"potions_floor_usage":[16,16,21],"damage_taken":[{"damage":5.0,"enemies":"Small Slimes","floor":1.0,"turns":4.0},{"damage":1.0,"enemies":"2 Louse","floor":7.0,"turns":4.0},{"damage":12.0,"enemies":"Jaw Worm","floor":8.0,"turns":3.0},{"damage":10.0,"enemies":"Exordium Wildlife","floor":11.0,"turns":4.0},{"damage":1.0,"enemies":"Lots of Slimes","floor":12.0,"turns":7.0},{"damage":8.0,"enemies":"Blue Slaver","floor":14.0,"turns":2.0},{"damage":38,"enemies":"The Guardian","floor":16,"turns":15},{"damage":41,"enemies":"2 Thieves","floor":18,"turns":5},{"damage":31,"enemies":"Spheric Guardian","floor":20,"turns":7},{"damage":15,"enemies":"Snake Plant","floor":21,"turns":2}],"seed_played":"7685373137049094835","potions_obtained":[{"floor":1.0,"key":"Weak Potion"},{"floor":8.0,"key":"AttackPotion"},{"floor":12.0,"key":"FearPotion"},{"floor":20,"key":"BloodPotion"}],"is_trial":false,"path_per_floor":["M","?","?","?","?","R","M","M","T","R","M","M","R","M","R","B",null,"M","?","M","M"],"character_chosen":"IRONCLAD","items_purchased":[],"campfire_rested":0,"item_purchase_floors":[],"current_hp_per_floor":[69,46,35,35,35,35,42,38,38,38,36,43,43,41,41,11,59,26,26,7,0],"gold":170,"neow_bonus":"ONE_RARE_RELIC","is_prod":false,"is_daily":false,"chose_seed":false,"campfire_upgraded":4,"win_rate":0,"timestamp":1550179937,"path_taken":["M","?","?","?","?","R","?","M","T","R","M","M","R","M","R","BOSS","M","?","M","?"],"build_version":"2019-02-06","purchased_purges":0,"victory":false,"max_hp_per_floor":[75,75,75,75,75,75,75,75,75,75,75,75,75,75,75,75,75,75,75,75,75],"card_choices":[{"not_picked":["Dropkick","Battle Trance"],"picked":"Rupture","floor":1.0},{"not_picked":["Sword Boomerang","Power Through"],"picked":"True Grit","floor":7.0},{"not_picked":["Wild Strike","Havoc"],"picked":"Pummel","floor":8.0},{"not_picked":["Heavy Blade","Anger"],"picked":"Pommel Strike","floor":11.0},{"not_picked":["Immolate","Twin Strike"],"picked":"Body Slam","floor":12.0},{"not_picked":["Warcry","True Grit"],"picked":"Shrug It Off","floor":14.0},{"not_picked":["Immolate","Double Tap"],"picked":"Juggernaut","floor":16},{"not_picked":["Combust","Clash"],"picked":"Evolve","floor":18},{"not_picked":["Fiend Fire","Clash"],"picked":"Clothesline","floor":20}],"player_experience":969064,"relics_obtained":[{"floor":9.0,"key":"Happy Flower"}],"event_choices":[{"damage_healed":0.0,"max_hp_gain":0.0,"max_hp_loss":0.0,"gold_gain":0.0,"event_name":"Shining Light","player_choice":"Entered Light","floor":2.0,"gold_loss":0.0,"damage_taken":23.0,"cards_upgraded":["Strike_R","Strike_R"]},{"damage_healed":0.0,"max_hp_gain":0.0,"max_hp_loss":0.0,"gold_gain":0.0,"event_name":"Scrap Ooze","player_choice":"Success","floor":3.0,"gold_loss":0.0,"damage_taken":11.0,"relics_obtained":["Potion Belt"]},{"damage_healed":0.0,"max_hp_gain":0.0,"max_hp_loss":0.0,"gold_gain":0.0,"event_name":"Liars Game","player_choice":"Ignored","floor":4.0,"gold_loss":0.0,"damage_taken":0.0},{"damage_healed":0.0,"max_hp_gain":0.0,"max_hp_loss":0.0,"gold_gain":0.0,"event_name":"The Cleric","player_choice":"Leave","floor":5.0,"gold_loss":0.0,"damage_taken":0.0},{"damage_healed":0,"gold_gain":0,"player_choice":"Traded Relic","damage_taken":0,"relics_obtained":["Nloth\u0027s Gift"],"max_hp_gain":0,"max_hp_loss":0,"event_name":"N\u0027loth","floor":19,"relics_lost":["Potion Belt"],"gold_loss":0}],"is_beta":true,"boss_relics":[{"not_picked":["Busted Crown","Runic Cube"],"picked":"Eternal Feather"}],"items_purged_floors":[],"is_endless":false,"potions_floor_spawned":[1,8,12,20],"killed_by":"Snake Plant","ascension_level":18}