{"gold_per_floor":[115,127,140,140,150,176,176],"floor_reached":7,"playtime":676,"items_purged":[],"score":53,"play_id":"3ad2c8ac-df0e-4842-87f4-a46e68433ac7","local_time":"20190509074636","is_ascension_mode":false,"campfire_choices":[],"neow_cost":"CURSE","seed_source_timestamp":0,"circlet_count":0,"master_deck":["Strike_B","Strike_B","Strike_B","Defend_B","Defend_B","Defend_B","Defend_B","Zap","Dualcast","Forethought","Jack Of All Trades","Shame","Conserve Battery","Beam Cell","Ball Lightning","Echo Form","Sunder","Stack"],"special_seed":0,"relics":["Cracked Core","StoneCalendar"],"potions_floor_usage":[7],"damage_taken":[{"damage":17.0,"enemies":"Small Slimes","floor":1.0,"turns":3.0},{"damage":3.0,"enemies":"Cultist","floor":2.0,"turns":4.0},{"damage":6.0,"enemies":"2 Louse","floor":3.0,"turns":4.0},{"damage":8.0,"enemies":"Red Slaver","floor":5.0,"turns":3.0},{"damage":35.0,"enemies":"3 Sentries","floor":6.0,"turns":9.0},{"damage":0,"enemies":"Gremlin Gang","floor":7,"turns":1}],"seed_played":"-196083196307177420","potions_obtained":[{"floor":1.0,"key":"Dexterity Potion"},{"floor":3.0,"key":"SneckoOil"},{"floor":5.0,"key":"Strength Potion"}],"is_trial":false,"path_per_floor":["M","M","M","?","M","E","M"],"character_chosen":"DEFECT","items_purchased":[],"campfire_rested":0,"item_purchase_floors":[],"current_hp_per_floor":[58,55,49,49,41,6,6],"gold":176,"neow_bonus":"RANDOM_COLORLESS_2","is_prod":false,"is_daily":false,"chose_seed":false,"campfire_upgraded":0,"win_rate":0,"timestamp":1557402396,"path_taken":["M","M","M","?","M","E","?"],"build_version":"2019-01-23","purchased_purges":0,"victory":false,"max_hp_per_floor":[75,75,75,75,75,75,75],"card_choices":[{"not_picked":["Coolheaded","Go for the Eyes"],"picked":"Conserve Battery","floor":1.0},{"not_picked":["Blizzard","Compile Driver"],"picked":"Beam Cell","floor":2.0},{"not_picked":["Auto Shields","Chill"],"picked":"Ball Lightning","floor":3.0},{"not_picked":["Streamline","Leap"],"picked":"Sunder","floor":5.0},{"not_picked":["Creative AI","Gash"],"picked":"Stack","floor":6.0}],"player_experience":326618,"relics_obtained":[{"floor":6.0,"key":"StoneCalendar"}],"event_choices":[{"damage_healed":0.0,"max_hp_gain":0.0,"max_hp_loss":0.0,"gold_gain":0.0,"cards_transformed":["Strike_B"],"event_name":"Transmorgrifier","player_choice":"Transformed","floor":4.0,"gold_loss":0.0,"damage_taken":0.0,"cards_obtained":["Echo Form"]}],"is_beta":false,"boss_relics":[],"items_purged_floors":[],"is_endless":false,"potions_floor_spawned":[1,3,5],"killed_by":"Gremlin Gang","ascension_level":0}