{"gold_per_floor":[116,133,133,51,70,70,82,114,114,114,130,155,155,172,172,277,277,295,306,306,316,2,2,20,30,53,83,83],"floor_reached":28,"playtime":2972,"items_purged":[],"score":266,"play_id":"dee6d7ce-3ce5-4cd9-a5e0-adcdb18ca81e","local_time":"20190706232009","is_ascension_mode":true,"campfire_choices":[{"data":"True Grit","floor":6.0,"key":"SMITH"},{"data":"Armaments","floor":10.0,"key":"SMITH"},{"data":"Pummel","floor":15.0,"key":"SMITH"},{"data":"Sword Boomerang","floor":23.0,"key":"SMITH"}],"neow_cost":"PERCENT_DAMAGE","seed_source_timestamp":0,"circlet_count":0,"master_deck":["Strike_R","Strike_R","Strike_R","Strike_R","Strike_R","Defend_R","Defend_R","Defend_R","Defend_R","Bash","Blind","Finesse","True Grit+1","Flex","Metallicize","Shrug It Off","Armaments+1","Pummel+1","Cleave","Offering","Berserk","Combust","Sword Boomerang+1","Iron Wave+1","Warcry","Heavy Blade"],"special_seed":0,"relics":["Burning Blood","Blood Vial","Red Skull","Odd Mushroom","Orrery","Girya","Oddly Smooth Stone","Bottled Tornado"],"potions_floor_usage":[25,27],"damage_taken":[{"damage":4.0,"enemies":"2 Louse","floor":1.0,"turns":3.0},{"damage":17.0,"enemies":"Jaw Worm","floor":2.0,"turns":7.0},{"damage":0.0,"enemies":"Small Slimes","floor":5.0,"turns":6.0},{"damage":0.0,"enemies":"2 Fungi Beasts","floor":7.0,"turns":6.0},{"damage":31.0,"enemies":"3 Sentries","floor":8.0,"turns":17.0},{"damage":2.0,"enemies":"Large Slime","floor":11.0,"turns":7.0},{"damage":21.0,"enemies":"The Mushroom Lair","floor":12.0,"turns":7.0},{"damage":6.0,"enemies":"Looter","floor":14.0,"turns":4.0},{"damage":7.0,"enemies":"The Guardian","floor":16.0,"turns":12.0},{"damage":37.0,"enemies":"Chosen","floor":18.0,"turns":6.0},{"damage":16.0,"enemies":"Spheric Guardian","floor":19.0,"turns":5.0},{"damage":18.0,"enemies":"Chosen and Byrds","floor":21.0,"turns":5.0},{"damage":17.0,"enemies":"Shelled Parasite and Fungi","floor":24.0,"turns":3.0},{"damage":6,"enemies":"Cultist and Chosen","floor":25,"turns":3},{"damage":11,"enemies":"Gremlin Leader","floor":27,"turns":3},{"damage":0,"enemies":"Snake Plant","floor":28,"turns":2}],"seed_played":"4721461934124970308","potions_obtained":[{"floor":1.0,"key":"Regen Potion"},{"floor":11.0,"key":"Dexterity Potion"},{"floor":14.0,"key":"SpeedPotion"},{"floor":19.0,"key":"SpeedPotion"},{"floor":21.0,"key":"PowerPotion"},{"floor":25,"key":"AttackPotion"}],"is_trial":false,"path_per_floor":["M","M","?","$","M","R","M","E","T","R","M","?","$","M","R","B",null,"M","M","?","M","$","R","M","M","T","E","M"],"character_chosen":"IRONCLAD","items_purchased":["Metallicize","Girya"],"campfire_rested":0,"item_purchase_floors":[4,22],"current_hp_per_floor":[58,47,47,47,53,53,59,49,49,49,55,42,42,44,44,45,80,49,41,41,31,31,31,22,24,24,21,23],"gold":83,"neow_bonus":"RANDOM_COLORLESS_2","is_prod":false,"is_daily":false,"chose_seed":false,"campfire_upgraded":4,"win_rate":0,"timestamp":1562469609,"path_taken":["M","M","?","$","M","R","M","E","T","R","M","?","$","M","R","BOSS","M","M","?","M","$","R","M","M","T","E","M"],"build_version":"2019-07-05","purchased_purges":0,"victory":false,"max_hp_per_floor":[80,80,80,80,80,80,80,80,80,80,80,80,80,80,80,80,80,80,80,80,80,80,80,80,80,80,80,80],"card_choices":[{"not_picked":["Clothesline","Pommel Strike"],"picked":"True Grit","floor":1.0},{"not_picked":["Sword Boomerang","Pommel Strike"],"picked":"Flex","floor":2.0},{"not_picked":["Thunderclap","Shockwave"],"picked":"Shrug It Off","floor":5.0},{"not_picked":["Thunderclap","Rage","Havoc"],"picked":"SKIP","floor":7.0},{"not_picked":["Twin Strike","Thunderclap"],"picked":"Armaments","floor":8.0},{"not_picked":["Warcry","Dark Embrace","Perfected Strike"],"picked":"SKIP","floor":11.0},{"not_picked":["Thunderclap","Twin Strike"],"picked":"Pummel","floor":12.0},{"not_picked":["Clash","Clothesline"],"picked":"Cleave","floor":14.0},{"not_picked":["Dark Embrace","Reaper"],"picked":"Offering","floor":16.0},{"not_picked":["Body Slam","Clash"],"picked":"Berserk","floor":17.0},{"not_picked":["Dropkick","True Grit"],"picked":"Combust","floor":17.0},{"not_picked":["Carnage","Intimidate"],"picked":"Sword Boomerang","floor":18.0},{"not_picked":["Heavy Blade","Sword Boomerang","Clothesline"],"picked":"SKIP","floor":19.0},{"not_picked":["Headbutt+1","Battle Trance+1"],"picked":"Iron Wave+1","floor":21.0},{"not_picked":["Thunderclap","Pommel Strike"],"picked":"Warcry","floor":24.0},{"not_picked":["Juggernaut","Uppercut"],"picked":"Heavy Blade","floor":25},{"not_picked":["Searing Blow","Thunderclap+1","True Grit"],"picked":"SKIP","floor":27}],"player_experience":642728,"relics_obtained":[{"floor":8.0,"key":"Blood Vial"},{"floor":9.0,"key":"Red Skull"},{"floor":12.0,"key":"Odd Mushroom"},{"floor":26,"key":"Oddly Smooth Stone"},{"floor":27,"key":"Bottled Tornado"}],"event_choices":[{"damage_healed":0.0,"max_hp_gain":0.0,"max_hp_loss":0.0,"gold_gain":0.0,"event_name":"Liars Game","player_choice":"Ignored","floor":3.0,"gold_loss":0.0,"damage_taken":0.0},{"damage_healed":0.0,"max_hp_gain":0.0,"max_hp_loss":0.0,"gold_gain":0.0,"event_name":"Mushrooms","player_choice":"Fought Mushrooms","floor":12.0,"gold_loss":0.0,"damage_taken":0.0},{"damage_healed":0.0,"max_hp_gain":0.0,"max_hp_loss":0.0,"gold_gain":0.0,"event_name":"Cursed Tome","player_choice":"Ignored","floor":20.0,"gold_loss":0.0,"damage_taken":0.0}],"is_beta":false,"boss_relics":[{"not_picked":["Ectoplasm","Philosopher\u0027s Stone"],"picked":"Orrery"}],"items_purged_floors":[],"is_endless":false,"potions_floor_spawned":[1,11,14,19,21,25],"killed_by":"Snake Plant","ascension_level":2}