{"gold_per_floor":[111,111,125,144,155,155,105,116,169,169,169,189,218,231,231,333,383,400,413,413,57,67,80,80,98,98,98,109,125,151,151],"floor_reached":31,"playtime":2766,"items_purged":[],"score":263,"play_id":"2c116bbd-4187-436e-9fdb-08ce31a2f2b1","local_time":"20181110035643","is_ascension_mode":false,"campfire_choices":[{"data":"Rainbow","floor":6,"key":"SMITH"},{"data":"Conserve Battery","floor":11,"key":"SMITH"},{"data":"Conserve Battery","floor":15,"key":"SMITH"},{"floor":27,"key":"REST"}],"neow_cost":"TEN_PERCENT_HP_LOSS","seed_source_timestamp":0,"circlet_count":0,"master_deck":["Strike_B","Strike_B","Strike_B","Defend_B","Defend_B","Defend_B","Defend_B+1","Zap","Dualcast","Rainbow+1","Conserve Battery","Conserve Battery+1","Go for the Eyes","Conserve Battery+1","Blizzard","Zap","Self Repair","Go for the Eyes","Chill","Electrodynamics","Machine Learning","Capacitor","Darkness+1","Static Discharge","Creative AI+1","Skim","Tempest"],"special_seed":0,"relics":["Cracked Core","Darkstone Periapt","Boot","Tiny House","Runic Capacitor","Potion Belt","Frozen Egg 2","Oddly Smooth Stone"],"potions_floor_usage":[19,23,23,29],"damage_taken":[{"damage":0.0,"enemies":"Cultist","floor":1.0,"turns":4.0},{"damage":0.0,"enemies":"Small Slimes","floor":3.0,"turns":3.0},{"damage":0.0,"enemies":"Jaw Worm","floor":4.0,"turns":3.0},{"damage":0.0,"enemies":"3 Louse","floor":5.0,"turns":4.0},{"damage":0,"enemies":"Exordium Thugs","floor":8,"turns":5},{"damage":6,"enemies":"2 Fungi Beasts","floor":12,"turns":3},{"damage":6,"enemies":"Lagavulin","floor":13,"turns":5},{"damage":2,"enemies":"Blue Slaver","floor":14,"turns":4},{"damage":16,"enemies":"Hexaghost","floor":16,"turns":13},{"damage":9,"enemies":"Shell Parasite","floor":18,"turns":8},{"damage":22,"enemies":"2 Thieves","floor":19,"turns":4},{"damage":35,"enemies":"3 Cultists","floor":22,"turns":5},{"damage":13,"enemies":"Shelled Parasite and Fungi","floor":23,"turns":8},{"damage":10,"enemies":"Centurion and Healer","floor":25,"turns":4},{"damage":16,"enemies":"Sentry and Sphere","floor":28,"turns":8},{"damage":11,"enemies":"Cultist and Chosen","floor":29,"turns":5},{"damage":33,"enemies":"Slavers","floor":30,"turns":3},{"damage":11,"enemies":"Chosen and Byrds","floor":31,"turns":4}],"seed_played":"-7617615479185530099","potions_obtained":[{"floor":1.0,"key":"FearPotion"},{"floor":3.0,"key":"Strength Potion"},{"floor":8,"key":"SteroidPotion"},{"floor":13,"key":"GamblersBrew"},{"floor":16,"key":"SpeedPotion"},{"floor":17,"key":"FairyPotion"},{"floor":19,"key":"SkillPotion"},{"floor":22,"key":"SkillPotion"},{"floor":23,"key":"Swift Potion"},{"floor":28,"key":"Regen Potion"}],"is_trial":false,"path_per_floor":["M","?","M","M","M","M","R","?","M","T","?","R","M","E","M","R","B",null,"M","M","?","$","M","M","?","M","T","R","M","M","E","M"],"character_chosen":"DEFECT","items_purchased":["Runic Capacitor","Potion Belt"],"campfire_rested":1,"item_purchase_floors":[21,21],"current_hp_per_floor":[68,68,68,68,68,68,68,68,68,68,68,68,68,68,68,52,73,71,49,49,49,14,8,32,22,22,43,34,35,2,0],"gold":151,"neow_bonus":"THREE_RARE_CARDS","is_prod":false,"is_daily":false,"chose_seed":false,"campfire_upgraded":3,"win_rate":0,"timestamp":1541840203,"path_taken":["M","?","?","M","M","R","?","M","T","?","R","M","E","M","R","BOSS","M","?","?","?","M","M","?","M","T","R","?","M","E","M"],"build_version":"2018-11-08","purchased_purges":0,"victory":false,"max_hp_per_floor":[68,68,68,68,68,68,68,68,68,68,68,68,68,68,68,68,73,73,73,73,73,73,73,73,73,73,73,73,73,73,73],"card_choices":[{"not_picked":["All For One","Hyperbeam"],"picked":"Rainbow","floor":0.0},{"not_picked":["Force Field","Streamline"],"picked":"Conserve Battery","floor":1.0},{"not_picked":["Redo","Reprogram"],"picked":"Conserve Battery","floor":3.0},{"not_picked":["Storm","Cold Snap"],"picked":"Go for the Eyes","floor":4.0},{"not_picked":["Undo","Coolheaded"],"picked":"Conserve Battery","floor":5},{"not_picked":["Turbo","Redo"],"picked":"Blizzard","floor":8},{"not_picked":["Hologram","Barrage"],"picked":"Chill","floor":12},{"not_picked":["Steam","Beam Cell"],"picked":"Electrodynamics","floor":13},{"not_picked":["Gash","Go for the Eyes","Ball Lightning"],"picked":"SKIP","floor":14},{"not_picked":["Amplify","Reboot"],"picked":"Machine Learning","floor":16},{"not_picked":["Doom and Gloom","Redo"],"picked":"Capacitor","floor":18},{"not_picked":["Steam","Barrage"],"picked":"Darkness+1","floor":19},{"not_picked":["Capacitor","Cold Snap","Go for the Eyes"],"picked":"SKIP","floor":22},{"not_picked":["Sweeping Beam","Force Field","Turbo"],"picked":"SKIP","floor":23},{"not_picked":["Beam Cell","Genetic Algorithm"],"picked":"Static Discharge","floor":25},{"not_picked":["Compile Driver","Reinforced Body+1"],"picked":"Creative AI+1","floor":28},{"not_picked":["Cold Snap","Ball Lightning"],"picked":"Skim","floor":29},{"not_picked":["Sweeping Beam","Barrage+1"],"picked":"Tempest","floor":30}],"player_experience":286860,"relics_obtained":[{"floor":13,"key":"Boot"},{"floor":26,"key":"Frozen Egg 2"},{"floor":30,"key":"Oddly Smooth Stone"}],"event_choices":[{"damage_healed":0.0,"max_hp_gain":0.0,"max_hp_loss":0.0,"gold_gain":0.0,"event_name":"WeMeetAgain","player_choice":"Gave Potion","floor":2.0,"gold_loss":0.0,"damage_taken":0.0,"relics_obtained":["Darkstone Periapt"]},{"cards_removed":["Strike_B"],"damage_healed":0,"gold_gain":0,"player_choice":"Card Removal","damage_taken":0,"max_hp_gain":0,"max_hp_loss":0,"event_name":"The Cleric","floor":7,"gold_loss":50},{"damage_healed":0,"gold_gain":0,"player_choice":"3 cards matched","damage_taken":0,"max_hp_gain":0,"max_hp_loss":0,"event_name":"Match and Keep!","floor":10,"gold_loss":0,"cards_obtained":["Zap","Self Repair","Go for the Eyes"]},{"damage_healed":0,"gold_gain":0,"player_choice":"Ignored","damage_taken":0,"max_hp_gain":0,"max_hp_loss":0,"event_name":"Vampires","floor":20,"gold_loss":0},{"damage_healed":24,"gold_gain":0,"player_choice":"Heal","damage_taken":0,"max_hp_gain":0,"max_hp_loss":0,"event_name":"The Library","floor":24,"gold_loss":0}],"is_beta":true,"boss_relics":[{"not_picked":["Busted Crown","Orrery"],"picked":"Tiny House"}],"items_purged_floors":[],"is_endless":false,"potions_floor_spawned":[1,3,8,13,16,19,22,23,28],"killed_by":"Chosen and Byrds","ascension_level":0}