{"gold_per_floor":[112,112,128,93,93,126,126,139,139,157,169,169,186,202,202,305,305,315,335,1,13,13],"floor_reached":22,"playtime":837,"items_purged":[],"score":276,"play_id":"dc81e6f1-856e-436b-8d3c-5551fb57aead","local_time":"20190713230003","is_ascension_mode":true,"campfire_choices":[{"floor":7,"key":"RECALL"},{"floor":12,"key":"REST"},{"floor":15,"key":"REST"}],"neow_cost":"TEN_PERCENT_HP_LOSS","seed_source_timestamp":45147990046500,"circlet_count":0,"master_deck":["Strike_B","Strike_B","Strike_B","Strike_B","Defend_B","Defend_B","Defend_B","Defend_B","Zap","Dualcast","Electrodynamics","White Noise","Discovery","Barrage","Leap","Capacitor","Tempest","Steam","Coolheaded","Buffer","Hologram","Barrage+1","Leap","Doom and Gloom"],"relics":["Cracked Core","Art of War","Runic Pyramid","Lantern","Tiny Chest"],"potions_floor_usage":[6,6,11,16,16,21],"damage_taken":[{"damage":0,"enemies":"2 Louse","floor":1,"turns":2},{"damage":6,"enemies":"Cultist","floor":3,"turns":4},{"damage":10,"enemies":"3 Sentries","floor":6,"turns":3},{"damage":9,"enemies":"Small Slimes","floor":8,"turns":2},{"damage":12,"enemies":"Looter","floor":10,"turns":3},{"damage":5,"enemies":"Gremlin Gang","floor":11,"turns":3},{"damage":4,"enemies":"Blue Slaver","floor":13,"turns":3},{"damage":7,"enemies":"Exordium Thugs","floor":14,"turns":3},{"damage":0,"enemies":"Slime Boss","floor":16,"turns":4},{"damage":17,"enemies":"Shell Parasite","floor":18,"turns":7},{"damage":11,"enemies":"Chosen","floor":19,"turns":5},{"damage":27,"enemies":"Snake Plant","floor":21,"turns":5}],"seed_played":"-7908964620085055377","potions_obtained":[{"floor":5,"key":"SmokeBomb"},{"floor":5,"key":"FocusPotion"},{"floor":5,"key":"EssenceOfSteel"},{"floor":6,"key":"FearPotion"},{"floor":10,"key":"Block Potion"},{"floor":13,"key":"PowerPotion"},{"floor":19,"key":"Poison Potion"},{"floor":21,"key":"LiquidBronze"}],"is_trial":false,"path_per_floor":["M","?","M","?","?","E","R","M","T","M","M","R","M","M","R","B",null,"M","M","$","M","?"],"character_chosen":"DEFECT","items_purchased":["Lantern","Tiny Chest","Leap"],"campfire_rested":2,"item_purchase_floors":[20,20,20],"current_hp_per_floor":[68,68,62,68,68,58,58,49,49,37,32,52,48,41,61,61,68,51,40,40,13,0],"gold":13,"neow_bonus":"THREE_RARE_CARDS","is_prod":false,"is_daily":false,"chose_seed":false,"campfire_upgraded":0,"win_rate":0,"timestamp":1563073203,"path_taken":["M","?","?","?","?","E","R","M","T","M","M","R","M","M","R","BOSS","M","?","$","M","?"],"build_version":"2019-07-05","purchased_purges":0,"victory":false,"max_hp_per_floor":[68,68,68,68,68,68,68,68,68,68,68,68,68,68,68,68,68,68,68,68,68,68],"card_choices":[{"not_picked":["Creative AI","All For One"],"picked":"Electrodynamics","floor":0},{"not_picked":["Barrage","Steam"],"picked":"White Noise","floor":1},{"not_picked":["Go for the Eyes","Barrage"],"picked":"Leap","floor":3},{"not_picked":["Heatsinks","Steam"],"picked":"Capacitor","floor":6},{"not_picked":["Conserve Battery","Cold Snap"],"picked":"Tempest","floor":8},{"not_picked":["Undo","Scrape","Sweeping Beam"],"picked":"SKIP","floor":10},{"not_picked":["Chaos","Steam Power"],"picked":"Steam","floor":11},{"not_picked":["Undo","Scrape","Amplify"],"picked":"SKIP","floor":13},{"not_picked":["Leap","Hello World"],"picked":"Coolheaded","floor":14},{"not_picked":["Creative AI","Meteor Strike"],"picked":"Buffer","floor":16},{"not_picked":["Undo","Sweeping Beam"],"picked":"Hologram","floor":18},{"not_picked":["FTL","Stack"],"picked":"Barrage+1","floor":19},{"not_picked":["Rebound","Go for the Eyes"],"picked":"Doom and Gloom","floor":21}],"player_experience":547439,"relics_obtained":[{"floor":6,"key":"Art of War"}],"event_choices":[{"damage_healed":0,"gold_gain":0,"player_choice":"2 cards matched","damage_taken":0,"max_hp_gain":0,"max_hp_loss":0,"event_name":"Match and Keep!","floor":2,"gold_loss":0,"cards_obtained":["Discovery","Barrage"]},{"damage_healed":17,"gold_gain":0,"player_choice":"Healed","damage_taken":0,"max_hp_gain":0,"max_hp_loss":0,"event_name":"The Cleric","floor":4,"gold_loss":35},{"damage_healed":0,"gold_gain":0,"player_choice":"Got Potions","damage_taken":0,"max_hp_gain":0,"max_hp_loss":0,"event_name":"Lab","floor":5,"gold_loss":0}],"is_beta":false,"boss_relics":[{"not_picked":["Ectoplasm","Snecko Eye"],"picked":"Runic Pyramid"}],"items_purged_floors":[],"is_endless":false,"potions_floor_spawned":[6,10,13,14,19,21],"ascension_level":3}