{"path_per_floor":["M","M","$","M","?","R","M","M","T","R","?","$","M","?","R","B",null,"M","?","?","M","T","R","E","R","T","E","?","$","M","?","R"],"character_chosen":"DEFECT","items_purchased":["FTL","Defragment","Reinforced Body","Vajra","AttackPotion","SteroidPotion"],"gold_per_floor":[118,128,21,34,34,34,46,58,83,83,48,10,29,29,29,160,160,179,179,179,193,193,193,234,234,313,353,278,21,34,34,34,34],"floor_reached":33,"campfire_rested":3,"playtime":2278,"current_hp_per_floor":[75,72,72,72,57,57,55,44,44,44,62,62,62,62,62,47,75,61,45,45,31,31,53,32,54,54,18,18,18,7,7,29,0],"items_purged":[],"gold":34,"score":287,"play_id":"609c05f9-44bc-4d29-bed2-500b061b98da","local_time":"20180511125139","is_prod":false,"is_daily":false,"chose_seed":false,"is_ascension_mode":true,"campfire_upgraded":3,"timestamp":1526057499,"path_taken":["M","M","?","M","?","R","?","M","T","R","?","$","M","?","R","BOSS","M","?","?","?","?","R","E","R","T","E","?","?","M","?","R","BOSS"],"build_version":"2018-05-10","seed_source_timestamp":64005602944663,"purchased_purges":2,"victory":false,"master_deck":["Strike_B","Strike_B+1","Defend_B+1","Defend_B+1","Defend_B+1","Defend_B","Zap","Dualcast","All For One","Go for the Eyes","Aggregate","FTL","Defragment","Static Discharge+1","Coolheaded","White Noise+1","Reinforced Body+1","Turbo","Nova","Sunder+1","Recycle+1","Beam Cell+1","Necronomicurse","Genetic Algorithm","Storm+1","Capacitor+1","Thunder Strike"],"max_hp_per_floor":[75,75,75,75,75,75,75,75,75,75,75,75,75,75,75,75,75,75,75,75,75,75,75,75,75,75,75,75,75,75,75,75,75],"relics":["Cracked Core","Bag of Preparation","Golden Idol","Astrolabe","Necronomicon","Torii","Ancient Tea Set","Frozen Egg 2","War Paint","Vajra"],"card_choices":[{"not_picked":["Hologram","Chaos"],"picked":"Go for the Eyes","floor":1},{"not_picked":["Cold Snap","Ball Lightning"],"picked":"Aggregate","floor":2},{"not_picked":["Sweeping Beam","Stack"],"picked":"Static Discharge","floor":4},{"not_picked":["Hologram","Skim"],"picked":"Coolheaded","floor":7},{"not_picked":["Sweeping Beam","Coolheaded"],"picked":"White Noise","floor":8},{"not_picked":["Static Discharge","Aggregate"],"picked":"Turbo","floor":13},{"not_picked":["Rainbow","Multi-Cast"],"picked":"Nova","floor":16},{"not_picked":["Ball Lightning","Genetic Algorithm"],"picked":"Beam Cell","floor":18},{"not_picked":["Turbo","Hologram"],"picked":"Storm","floor":21},{"not_picked":["Skim","Go for the Eyes"],"picked":"Capacitor","floor":24},{"not_picked":["BootSequence","Sweeping Beam"],"picked":"Thunder Strike","floor":27}],"player_experience":57858,"potions_floor_usage":[24,24,27,33,33],"damage_taken":[{"damage":0,"enemies":"Cultist","floor":1,"turns":3},{"damage":3,"enemies":"Jaw Worm","floor":2,"turns":2},{"damage":0,"enemies":"2 Louse","floor":4,"turns":3},{"damage":2,"enemies":"Exordium Wildlife","floor":7,"turns":3},{"damage":11,"enemies":"Blue Slaver","floor":8,"turns":2},{"damage":0,"enemies":"Large Slime","floor":13,"turns":5},{"damage":15,"enemies":"Slime Boss","floor":16,"turns":9},{"damage":14,"enemies":"Shell Parasite","floor":18,"turns":4},{"damage":14,"enemies":"3 Byrds","floor":21,"turns":5},{"damage":36,"enemies":"Gremlin Leader","floor":24,"turns":6},{"damage":36,"enemies":"Book of Stabbing","floor":27,"turns":4},{"damage":11,"enemies":"Snecko","floor":30,"turns":4},{"damage":64,"enemies":"Champ","floor":33,"turns":6}],"event_choices":[{"event_name":"Shining Light","player_choice":"Entered Light","floor":5,"damage_taken":0},{"event_name":"The Cleric","player_choice":"Healed","floor":11,"damage_taken":0},{"event_name":"Golden Idol","player_choice":"Take Wound","floor":14,"damage_taken":0},{"event_name":"Cursed Tome","player_choice":"Obtained Book","floor":19,"damage_taken":0},{"event_name":"Match and Keep!","player_choice":"1 cards matched","floor":20,"damage_taken":0},{"event_name":"Beggar","player_choice":"Gave Gold","floor":28,"damage_taken":0},{"event_name":"The Lab","player_choice":"Got Potions","floor":31,"damage_taken":0}],"boss_relics":[{"not_picked":["Runic Dome","Lizard Tail"],"picked":"Astrolabe"}],"potions_floor_spawned":[4,7,8,13,18],"seed_played":"-4266329105537186164","killed_by":"Champ","ascension_level":1,"is_trial":false}