{"path_per_floor":["M","M","$","?","?","R","M","?","T","M","M","M","R","M","R","B",null,"M","M","$","?","M","R","?","?","T","$","?","T","$","M","R","B",null,"M","$","?","?","T","R","E","R","T","M","?","R","E"],"character_chosen":"THE_SILENT","items_purchased":["Caltrops","Matryoshka","Orichalcum","Kunai","Ancient Tea Set"],"gold_per_floor":[114,129,95,95,95,95,114,289,289,307,322,336,336,352,352,455,455,467,481,88,338,357,357,357,357,357,36,36,36,36,54,54,154,154,170,15,15,0,0,0,27,27,27,37,37,37,64],"floor_reached":48,"campfire_rested":1,"playtime":4342,"current_hp_per_floor":[66,61,61,61,61,61,70,70,70,70,57,53,53,42,42,26,70,70,53,53,53,38,38,38,38,38,38,38,38,38,39,39,10,70,68,68,68,68,68,68,6,6,16,22,42,80,51],"items_purged":["Decay"],"gold":64,"score":450,"play_id":"26f832f5-73a9-4cbf-8200-0288f9cf8ef8","is_prod":false,"is_daily":false,"is_ascension_mode":false,"campfire_upgraded":6,"path_taken":["M","M","$","?","?","R","M","?","T","?","M","M","R","M","R","BOSS","M","M","$","?","M","R","?","?","T","?","?","?","?","M","R","BOSS","M","$","?","?","?","R","E","R","T","M","?","R","E","?"],"build_version":"2018-02-08-PROD1","purchased_purges":2,"victory":false,"master_deck":["Defend_G","Defend_G","Defend_G","Defend_G","Defend_G","Strike_G","Strike_G+1","Strike_G+1","Survivor","Neutralize","Sucker Punch+1","Quick Slash","Caltrops","Venomology+1","Deflect","Flying Knee","Noxious Fumes+1","Calculated Gamble+1","Venomology+1","After Image","Writhe","Parasite","Expertise+1","Backflip","Bouncing Flask","Bullet Time","Leg Sweep+1","Crippling Poison","Outmaneuver","Outmaneuver","Noxious Fumes+1","Backflip+1","Leg Sweep"],"max_hp_per_floor":[70,70,70,70,70,70,70,70,70,70,70,70,70,70,70,70,70,70,70,70,70,70,70,70,70,70,70,70,70,70,70,70,70,70,70,70,70,70,70,70,70,70,80,80,80,80,80],"relics":["Ring of the Snake","Whetstone","Calling Bell","Paper Crane","Oddly Smooth Stone","Ninja Scroll","Matryoshka","Orichalcum","Spirit Poop","Juzu Bracelet","Bird Faced Urn","Kunai","Omamori","Lantern","Orrery","Ancient Tea Set","Peace Pipe","Red Mask","Regal Pillow","Bottled Lightning","Pear","Ginger"],"card_choices":[{"not_picked":["Well Laid Plans","Endless Agony"],"picked":"Sucker Punch"},{"not_picked":["Deflect","Acrobatics"],"picked":"Quick Slash"},{"not_picked":["PiercingWail","Caltrops"],"picked":"Deflect"},{"not_picked":["Endless Agony","Deflect"],"picked":"Flying Knee"},{"not_picked":["Poisoned Stab","PiercingWail"],"picked":"Noxious Fumes"},{"not_picked":["Dagger Throw","Finisher"],"picked":"Calculated Gamble"},{"not_picked":["Expertise","Malaise"],"picked":"Venomology"},{"not_picked":["Tools of the Trade","Unload"],"picked":"After Image"},{"not_picked":["Quick Slash","Flying Knee"],"picked":"Expertise"},{"not_picked":["Blur","Deflect"],"picked":"Backflip"},{"not_picked":["Well Laid Plans","Slice"],"picked":"Bouncing Flask"},{"not_picked":["Wraith Form","Glass Knife"],"picked":"Bullet Time"},{"not_picked":["Riddle With Holes","Dagger Spray"],"picked":"Leg Sweep"},{"not_picked":["Acrobatics","Poisoned Stab"],"picked":"Crippling Poison"},{"not_picked":["Poisoned Stab","Dodge and Roll"],"picked":"Outmaneuver"},{"not_picked":["Flechettes","Backflip"],"picked":"Outmaneuver"},{"not_picked":["Outmaneuver","Tools of the Trade"],"picked":"Noxious Fumes"},{"not_picked":["Dagger Throw","Sucker Punch"],"picked":"Backflip"},{"not_picked":["PiercingWail","Skewer"],"picked":"Leg Sweep"}],"player_experience":22656,"potions_floor_usage":[7,7,10,12,12,16,16,16,18,19,19,19,22,22,22,22,31,31,31,33,33,33,33,33,41,41,41,41,41,44,44,44,47,47,48,48],"damage_taken":[{"damage":4,"enemies":"Blue Slaver","floor":1,"turns":8},{"damage":5,"enemies":"Jaw Worm","floor":2,"turns":5},{"damage":0,"enemies":"Small Slimes","floor":7,"turns":3},{"damage":0,"enemies":"Looter","floor":10,"turns":4},{"damage":13,"enemies":"Lots of Slimes","floor":11,"turns":4},{"damage":4,"enemies":"Gremlin Gang","floor":12,"turns":4},{"damage":11,"enemies":"Looter","floor":14,"turns":4},{"damage":16,"enemies":"Slime Boss","floor":16,"turns":10},{"damage":0,"enemies":"Chosen","floor":18,"turns":5},{"damage":17,"enemies":"Spheric Guardian","floor":19,"turns":5},{"damage":15,"enemies":"Cultist and Chosen","floor":22,"turns":9},{"damage":3,"enemies":"Centurion and Healer","floor":31,"turns":6},{"damage":50,"enemies":"Collector","floor":33,"turns":10},{"damage":4,"enemies":"Orb Walker","floor":35,"turns":6},{"damage":66,"enemies":"2 Orb Walkers","floor":41,"turns":8},{"damage":17,"enemies":"3 Shapes","floor":44,"turns":5},{"damage":30,"enemies":"Nemesis","floor":47,"turns":13},{"damage":82,"enemies":"Mysterious Sphere","floor":48,"turns":8}],"event_choices":[{"event_name":"Living Wall","player_choice":"Forget","floor":4,"damage_taken":0},{"event_name":"Transmorgrifier","player_choice":"Transform","floor":5,"damage_taken":0},{"event_name":"Liars Game","player_choice":"agreed","floor":8,"damage_taken":0},{"event_name":"Golden Shrine","player_choice":"Desecrate","floor":21,"damage_taken":0},{"event_name":"The Lab","player_choice":"Got Potions","floor":24,"damage_taken":0},{"event_name":"Bonfire Elementals","player_choice":"CURSE","floor":25,"damage_taken":0},{"event_name":"Drug Dealer","player_choice":"Ignored","floor":28,"damage_taken":0},{"event_name":"Wheel of Change","player_choice":"Relic","floor":37,"damage_taken":0},{"event_name":"Tomb of Lord Red Mask","player_choice":"Paid","floor":38,"damage_taken":0},{"event_name":"Winding Halls","player_choice":"Writhe","floor":45,"damage_taken":0},{"event_name":"Mysterious Sphere","player_choice":"Fight","floor":48,"damage_taken":0}],"boss_relics":[{"not_picked":["Runic Dome","Runic Pyramid"],"picked":"Calling Bell"},{"not_picked":["Sozu","Question Card"],"picked":"Orrery"}],"potions_floor_spawned":[1,16,19,31,33,41],"seed_played":"-8736956004472787694","killed_by":"Mysterious Sphere","ascension_level":0,"is_trial":false}