{"gold_per_floor":[19,19,38,56,11,11,55,55,108,108],"floor_reached":10,"playtime":549,"items_purged":[],"score":71,"play_id":"78c38a9f-aef8-4ca0-8742-7952c7f0f223","local_time":"20190522200211","is_ascension_mode":true,"campfire_choices":[{"floor":6,"key":"RECALL"},{"floor":8,"key":"REST"}],"neow_cost":"NO_GOLD","seed_source_timestamp":0,"circlet_count":0,"master_deck":["Defend_G","Defend_G","Defend_G","Defend_G","Strike_G","Strike_G","Strike_G","Strike_G","Survivor","Neutralize","Reflex","Underhanded Strike","Leg Sweep","Injury","Blade Dance","Predator","Dagger Spray"],"special_seed":0,"relics":["Ring of the Snake","Golden Idol","Gremlin Horn"],"potions_floor_usage":[],"damage_taken":[{"damage":0.0,"enemies":"Jaw Worm","floor":1.0,"turns":4.0},{"damage":0.0,"enemies":"2 Louse","floor":3.0,"turns":2.0},{"damage":0.0,"enemies":"Small Slimes","floor":4.0,"turns":3.0},{"damage":0.0,"enemies":"Looter","floor":5.0,"turns":5.0},{"damage":65,"enemies":"3 Sentries","floor":7,"turns":15},{"damage":30,"enemies":"Lagavulin","floor":10,"turns":5}],"seed_played":"-2558064807525796423","potions_obtained":[{"floor":1.0,"key":"SmokeBomb"},{"floor":4.0,"key":"GamblersBrew"}],"is_trial":false,"path_per_floor":["M","?","M","M","M","R","E","R","T","E"],"character_chosen":"THE_SILENT","items_purchased":[],"campfire_rested":1,"item_purchase_floors":[],"current_hp_per_floor":[70,70,70,70,70,70,5,26,26,0],"gold":108,"neow_bonus":"TRANSFORM_TWO_CARDS","is_prod":false,"is_daily":false,"chose_seed":false,"campfire_upgraded":0,"win_rate":0,"timestamp":1558569731,"path_taken":["M","?","M","M","M","R","E","R","T","E"],"build_version":"2019-01-23","purchased_purges":0,"victory":false,"max_hp_per_floor":[70,70,70,70,70,70,70,70,70,70],"card_choices":[{"not_picked":["Masterful Stab","Flying Knee"],"picked":"Leg Sweep","floor":1.0},{"not_picked":["Underhanded Strike","Dagger Throw"],"picked":"Blade Dance","floor":3.0},{"not_picked":["Deflect","Calculated Gamble"],"picked":"Predator","floor":4.0},{"not_picked":["Wraith Form v2","Skewer"],"picked":"Dagger Spray","floor":7}],"player_experience":360409,"relics_obtained":[{"floor":7,"key":"Gremlin Horn"}],"event_choices":[{"damage_healed":0.0,"max_hp_gain":0.0,"max_hp_loss":0.0,"gold_gain":0.0,"event_name":"Golden Idol","player_choice":"Take Wound","floor":2.0,"gold_loss":0.0,"damage_taken":0.0,"relics_obtained":["Golden Idol"],"cards_obtained":["Injury"]}],"is_beta":false,"boss_relics":[],"items_purged_floors":[],"is_endless":false,"potions_floor_spawned":[1,4],"killed_by":"Lagavulin","ascension_level":1}