{"gold_per_floor":[111,73,148,160,177,177,208,208,208,236,256,256,268,104,104,206,206,223,43,62,82,92,92,112,128,183,183,282,76,76,122,122,225,225,236,19,19,35,50,50,75,75],"floor_reached":42,"playtime":2964,"items_purged":["Strike_B","Thunder Strike+1","Thunder Strike+1","Defend_B"],"score":673,"play_id":"6ed73329-27d6-479f-a458-eeecb3430e72","local_time":"20190731161459","is_ascension_mode":true,"campfire_choices":[{"data":"Defragment","floor":6,"key":"SMITH"},{"data":"Defragment","floor":8,"key":"SMITH"},{"data":"Loop","floor":15,"key":"SMITH"},{"floor":23,"key":"REST"},{"floor":27,"key":"REST"},{"data":"Defragment","floor":32,"key":"SMITH"},{"data":"Chill","floor":40,"key":"SMITH"}],"neow_cost":"NONE","seed_source_timestamp":130138189556572,"circlet_count":0,"master_deck":["Defend_B","Defend_B","Zap","Dualcast","Defragment+1","Defragment+1","Cold Snap+1","Darkness","Machine Learning","Defragment+1","Compile Driver+1","Loop+1","Reprogram","Go for the Eyes","Amplify","Sweeping Beam+1","Defragment","Leap+1","Chill+1","Defragment","Buffer","Defragment","Capacitor","Defragment","Loop+1"],"relics":["Cracked Core","NeowsBlessing","Torii","Pantograph","Matryoshka","Astrolabe","Whetstone","Pear","Bag of Marbles","Cursed Key","The Courier"],"potions_floor_usage":[7,18,20,25,41,42],"damage_taken":[{"damage":0,"enemies":"Cultist","floor":1,"turns":1},{"damage":0,"enemies":"Jaw Worm","floor":4,"turns":1},{"damage":0,"enemies":"Small Slimes","floor":5,"turns":1},{"damage":16,"enemies":"Gremlin Nob","floor":7,"turns":4},{"damage":1,"enemies":"Lagavulin","floor":10,"turns":6},{"damage":14,"enemies":"Blue Slaver","floor":11,"turns":4},{"damage":7,"enemies":"Looter","floor":13,"turns":4},{"damage":2,"enemies":"The Guardian","floor":16,"turns":7},{"damage":0,"enemies":"Chosen","floor":18,"turns":4},{"damage":13,"enemies":"Spheric Guardian","floor":20,"turns":4},{"damage":30,"enemies":"Snecko","floor":21,"turns":7},{"damage":14,"enemies":"Snake Plant","floor":22,"turns":4},{"damage":2,"enemies":"3 Cultists","floor":24,"turns":7},{"damage":27,"enemies":"Shelled Parasite and Fungi","floor":25,"turns":9},{"damage":35,"enemies":"Champ","floor":33,"turns":10},{"damage":18,"enemies":"3 Shapes","floor":35,"turns":6},{"damage":11,"enemies":"3 Darklings","floor":38,"turns":8},{"damage":0,"enemies":"Maw","floor":39,"turns":7},{"damage":35,"enemies":"Reptomancer","floor":41,"turns":13},{"damage":14,"enemies":"Transient","floor":42,"turns":1}],"seed_played":"6406651051887342170","potions_obtained":[{"floor":5,"key":"Swift Potion"},{"floor":11,"key":"GamblersBrew"},{"floor":13,"key":"Block Potion"},{"floor":16,"key":"Ancient Potion"},{"floor":24,"key":"Ancient Potion"},{"floor":25,"key":"Explosive Potion"},{"floor":33,"key":"FocusPotion"},{"floor":38,"key":"AttackPotion"},{"floor":41,"key":"FearPotion"}],"is_trial":false,"path_per_floor":["M","$","?","M","M","R","E","R","T","E","M","?","M","$","R","B",null,"M","$","M","M","M","R","M","M","T","R","?","$","?","T","R","B",null,"M","$","?","M","M","R","E","M"],"character_chosen":"DEFECT","items_purchased":["Defragment","Reprogram","Go for the Eyes","Defragment","Defragment","Capacitor"],"campfire_rested":2,"item_purchase_floors":[2,14,14,19,29,36],"current_hp_per_floor":[68,68,57,57,57,57,41,41,41,40,26,26,19,19,19,42,67,67,67,54,24,10,32,30,3,3,25,25,25,25,35,35,25,70,52,52,52,41,41,41,6,0],"gold":75,"neow_bonus":"THREE_ENEMY_KILL","is_prod":false,"is_daily":false,"chose_seed":false,"campfire_upgraded":5,"win_rate":0,"timestamp":1564557299,"path_taken":["M","$","?","M","M","R","E","R","T","E","M","?","?","$","R","BOSS","M","$","M","M","M","R","M","M","T","R","?","$","?","?","R","BOSS","M","$","?","M","?","R","E","M"],"build_version":"2019-07-17","purchased_purges":4,"victory":false,"max_hp_per_floor":[75,75,75,75,75,75,75,75,75,75,75,75,75,75,75,75,75,75,75,75,75,75,75,75,75,75,75,75,75,75,85,85,85,85,85,85,85,85,85,85,85,85],"card_choices":[{"not_picked":["Beam Cell","Chill"],"picked":"Defragment","floor":1},{"not_picked":["Heatsinks","Rebound"],"picked":"Cold Snap","floor":4},{"not_picked":["Streamline","Hologram"],"picked":"Darkness","floor":5},{"not_picked":["Gash","Barrage"],"picked":"Machine Learning","floor":7},{"not_picked":["Gash","Chaos"],"picked":"Defragment","floor":10},{"not_picked":["Beam Cell","Streamline","Turbo"],"picked":"SKIP","floor":11},{"not_picked":["Compile Driver","Turbo"],"picked":"Loop","floor":13},{"not_picked":["Meteor Strike","Thunder Strike"],"picked":"Amplify","floor":16},{"not_picked":["Ball Lightning","Go for the Eyes","Turbo"],"picked":"SKIP","floor":18},{"not_picked":["Conserve Battery","Compile Driver","Darkness"],"picked":"SKIP","floor":20},{"not_picked":["Storm+1","Compile Driver"],"picked":"Leap+1","floor":21},{"not_picked":["Defragment","Sweeping Beam"],"picked":"Chill","floor":22},{"not_picked":["Steam+1","Conserve Battery","Hologram"],"picked":"SKIP","floor":24},{"not_picked":["Barrage+1","Hello World","Steam Power+1"],"picked":"SKIP","floor":25},{"not_picked":["Multi-Cast","Amplify"],"picked":"Buffer","floor":33},{"not_picked":["Compile Driver","Lockon+1"],"picked":"Defragment","floor":35},{"not_picked":["Redo+1","Streamline+1","Fusion+1"],"picked":"SKIP","floor":38},{"not_picked":["Stack","Steam+1","Streamline"],"picked":"SKIP","floor":39},{"not_picked":["Ball Lightning+1","Rebound+1"],"picked":"Loop+1","floor":41}],"player_experience":168981,"relics_obtained":[{"floor":7,"key":"Torii"},{"floor":9,"key":"Pantograph"},{"floor":10,"key":"Matryoshka"},{"floor":26,"key":"Whetstone"},{"floor":31,"key":"Pear"},{"floor":31,"key":"Bag of Marbles"},{"floor":41,"key":"The Courier"}],"event_choices":[{"damage_healed":0,"gold_gain":75,"player_choice":"Gather Gold","damage_taken":11,"max_hp_gain":0,"max_hp_loss":0,"event_name":"World of Goop","floor":3,"gold_loss":0},{"damage_healed":0,"gold_gain":0,"cards_transformed":["Strike_B"],"player_choice":"Transformed","damage_taken":0,"max_hp_gain":0,"max_hp_loss":0,"event_name":"Transmorgrifier","floor":12,"gold_loss":0,"cards_obtained":["Compile Driver"]},{"damage_healed":0,"gold_gain":99,"player_choice":"Stole From Cult","damage_taken":0,"max_hp_gain":0,"max_hp_loss":0,"event_name":"Nest","floor":28,"gold_loss":0},{"damage_healed":0,"gold_gain":0,"player_choice":"1 cards matched","damage_taken":0,"max_hp_gain":0,"max_hp_loss":0,"event_name":"Match and Keep!","floor":37,"gold_loss":0,"cards_obtained":["Defragment"]}],"is_beta":false,"boss_relics":[{"not_picked":["Black Star","Ectoplasm"],"picked":"Astrolabe"},{"not_picked":["Calling Bell","Snecko Eye"],"picked":"Cursed Key"}],"items_purged_floors":[14,19,29,36],"is_endless":false,"potions_floor_spawned":[5,11,13,16,24,25,33,35,38,41],"killed_by":"Transient","ascension_level":8}