{"gold_per_floor":[20,35,35,35,0,0,0,0,70,398,409,389,399,411,411,485,485,496,158,158],"floor_reached":20,"playtime":1008,"items_purged":["Strike_B"],"score":318,"play_id":"c696b5d4-331c-40c7-9b5e-f09c933a5714","local_time":"20190805172527","is_ascension_mode":true,"campfire_choices":[{"data":"Recycle","floor":6.0,"key":"SMITH"},{"data":"Zap","floor":8.0,"key":"SMITH"},{"floor":15.0,"key":"REST"}],"neow_cost":"NO_GOLD","seed_source_timestamp":33312669724201,"circlet_count":0,"master_deck":["AscendersBane","Strike_B","Strike_B","Strike_B","Defend_B","Defend_B","Zap+1","Dualcast","Ball Lightning","Recycle+1","Loop","Fission","Auto Shields","Cold Snap","Compile Driver","Self Repair"],"special_seed":0,"relics":["Cracked Core","Ornamental Fan","Old Coin","Snecko Eye","PrismaticShard"],"potions_floor_usage":[18,18,20],"damage_taken":[{"damage":2.0,"enemies":"Jaw Worm","floor":1.0,"turns":3.0},{"damage":7.0,"enemies":"2 Louse","floor":2.0,"turns":2.0},{"damage":35.0,"enemies":"3 Sentries","floor":10.0,"turns":6.0},{"damage":6.0,"enemies":"Cultist","floor":11.0,"turns":3.0},{"damage":10.0,"enemies":"Gremlin Gang","floor":13.0,"turns":5.0},{"damage":3.0,"enemies":"Exordium Wildlife","floor":14.0,"turns":3.0},{"damage":32.0,"enemies":"The Guardian","floor":16.0,"turns":12.0},{"damage":13,"enemies":"3 Byrds","floor":18,"turns":6},{"damage":49,"enemies":"Chosen","floor":20,"turns":9}],"seed_played":"-6796151542600559003","potions_obtained":[{"floor":11.0,"key":"Energy Potion"},{"floor":12.0,"key":"Swift Potion"},{"floor":13.0,"key":"Weak Potion"},{"floor":18,"key":"GamblersBrew"}],"is_trial":false,"path_per_floor":["M","M","?","$","?","R","$","R","T","E","M","?","M","M","R","B",null,"M","$","M"],"character_chosen":"DEFECT","items_purchased":["PrismaticShard","Self Repair"],"campfire_rested":1,"item_purchase_floors":[19,19],"current_hp_per_floor":[62,55,60,60,76,76,76,76,76,41,35,35,25,22,44,12,60,47,47,0],"gold":158,"neow_bonus":"REMOVE_TWO","is_prod":false,"is_daily":false,"chose_seed":false,"campfire_upgraded":2,"win_rate":0,"timestamp":1564993527,"path_taken":["M","M","?","$","?","R","?","R","T","E","M","?","M","?","R","BOSS","M","$","?"],"build_version":"2019-07-17","purchased_purges":1,"victory":false,"max_hp_per_floor":[71,71,76,76,76,76,76,76,76,76,76,76,76,76,76,76,76,76,76,76],"card_choices":[{"not_picked":["Stack","Barrage"],"picked":"Ball Lightning","floor":1.0},{"not_picked":["Rebound","Sweeping Beam"],"picked":"Recycle","floor":2.0},{"not_picked":["Consume","Redo"],"picked":"Loop","floor":10.0},{"not_picked":["Sweeping Beam","Steam Power"],"picked":"Fission","floor":11.0},{"not_picked":["Stack","Compile Driver"],"picked":"Auto Shields","floor":13.0},{"not_picked":["Sweeping Beam","Stack"],"picked":"Cold Snap","floor":14.0},{"not_picked":["Beam Cell","Leap"],"picked":"Compile Driver","floor":18}],"player_experience":243631,"relics_obtained":[{"floor":9.0,"key":"Ornamental Fan"},{"floor":10.0,"key":"Old Coin"}],"event_choices":[{"damage_healed":0.0,"max_hp_gain":5.0,"max_hp_loss":0.0,"gold_gain":0.0,"event_name":"Big Fish","player_choice":"Donut","floor":3.0,"gold_loss":0.0,"damage_taken":0.0},{"damage_healed":19.0,"max_hp_gain":0.0,"max_hp_loss":0.0,"gold_gain":0.0,"event_name":"The Cleric","player_choice":"Healed","floor":5.0,"gold_loss":35.0,"damage_taken":0.0},{"damage_healed":0.0,"max_hp_gain":0.0,"max_hp_loss":0.0,"gold_gain":0.0,"event_name":"The Woman in Blue","player_choice":"Bought 1 Potion","floor":12.0,"gold_loss":0.0,"damage_taken":0.0}],"is_beta":false,"boss_relics":[{"not_picked":["Fusion Hammer","Orrery"],"picked":"Snecko Eye"}],"items_purged_floors":[19],"is_endless":false,"potions_floor_spawned":[11,13,16,18],"killed_by":"Chosen","ascension_level":17}