{"gold_per_floor":[119,119,119,119,137,165,181,210,210,210,236,236,110,139,139,217,217,237,127,127,127,27,27,56,69,119,153,153,169,269,301,301,377,377,392,103,153,3,3,29,29,57,57,68,82,102,102,116,116,116],"floor_reached":51,"playtime":8831,"items_purged":["Strike_G","Writhe","Strike_G","Strike_G"],"score":1609,"play_id":"25d86b32-e7d5-4878-abea-c5e0841061b4","local_time":"20190809150943","is_ascension_mode":true,"campfire_choices":[{"data":"Neutralize","floor":10.0,"key":"SMITH"},{"data":"Cloak And Dagger","floor":15.0,"key":"SMITH"},{"data":"Glass Knife","floor":23.0,"key":"SMITH"},{"data":"Catalyst","floor":28.0,"key":"SMITH"},{"data":"Wraith Form v2","floor":32.0,"key":"SMITH"},{"data":"1","floor":41.0,"key":"LIFT"},{"floor":49.0,"key":"REST"}],"neow_cost":"NONE","seed_source_timestamp":308044158066700,"circlet_count":0,"master_deck":["AscendersBane","Defend_G","Defend_G","Defend_G","Defend_G","Defend_G","Survivor","Neutralize+1","Quick Slash","Crippling Poison+1","Deflect+1","PiercingWail","Distraction","Cloak And Dagger+1","Cloak And Dagger","Wraith Form v2+1","Glass Knife+1","Blade Dance+1","Catalyst+1","PiercingWail","Cloak And Dagger","Doppelganger","Backflip+1"],"special_seed":0,"relics":["Ring of the Snake","NeowsBlessing","Strawberry","Dead Branch","PreservedInsect","Gremlin Horn","Juzu Bracelet","Spirit Poop","War Paint","Black Star","The Specimen","Vajra","Meat on the Bone","Boot","Bag of Preparation","Art of War","Girya","Pear","Letter Opener","Tingsha","Busted Crown","Pen Nib","Anchor","Nunchaku","Dream Catcher","Omamori","Singing Bowl"],"potions_floor_usage":[50,50],"damage_taken":[{"damage":0.0,"enemies":"Jaw Worm","floor":1.0,"turns":1.0},{"damage":0.0,"enemies":"2 Louse","floor":5.0,"turns":1.0},{"damage":0.0,"enemies":"Gremlin Nob","floor":6.0,"turns":1.0},{"damage":3.0,"enemies":"Cultist","floor":7.0,"turns":4.0},{"damage":24.0,"enemies":"3 Sentries","floor":8.0,"turns":8.0},{"damage":20.0,"enemies":"Gremlin Nob","floor":11.0,"turns":4.0},{"damage":10.0,"enemies":"3 Sentries","floor":14.0,"turns":7.0},{"damage":8.0,"enemies":"Hexaghost","floor":16.0,"turns":11.0},{"damage":12.0,"enemies":"Spheric Guardian","floor":18.0,"turns":5.0},{"damage":17.0,"enemies":"Slavers","floor":24.0,"turns":4.0},{"damage":0.0,"enemies":"3 Byrds","floor":25.0,"turns":3.0},{"damage":0.0,"enemies":"Gremlin Leader","floor":27.0,"turns":4.0},{"damage":18.0,"enemies":"Shelled Parasite and Fungi","floor":29.0,"turns":4.0},{"damage":8.0,"enemies":"Colosseum Slavers","floor":30.0,"turns":4.0},{"damage":6.0,"enemies":"Colosseum Nobs","floor":30.0,"turns":3.0},{"damage":17.0,"enemies":"Book of Stabbing","floor":31.0,"turns":5.0},{"damage":50.0,"enemies":"Automaton","floor":33.0,"turns":11.0},{"damage":0.0,"enemies":"Orb Walker","floor":35.0,"turns":2.0},{"damage":19.0,"enemies":"Giant Head","floor":40.0,"turns":5.0},{"damage":12.0,"enemies":"Nemesis","floor":42.0,"turns":5.0},{"damage":0.0,"enemies":"3 Darklings","floor":44.0,"turns":2.0},{"damage":17.0,"enemies":"Spire Growth","floor":45.0,"turns":4.0},{"damage":36.0,"enemies":"Maw","floor":46.0,"turns":7.0},{"damage":3.0,"enemies":"Jaw Worm Horde","floor":48.0,"turns":5.0},{"damage":2,"enemies":"Time Eater","floor":50,"turns":15}],"seed_played":"4786212570526479506","potions_obtained":[{"floor":4.0,"key":"SpeedPotion"},{"floor":4.0,"key":"Regen Potion"},{"floor":6.0,"key":"SteroidPotion"},{"floor":7.0,"key":"Fire Potion"},{"floor":8.0,"key":"Regen Potion"},{"floor":24.0,"key":"Strength Potion"},{"floor":25.0,"key":"GhostInAJar"},{"floor":40.0,"key":"Dexterity Potion"}],"is_trial":false,"path_per_floor":["M","?","?","?","M","E","M","E","T","R","E","?","$","E","R","B",null,"M","?","?","?","$","R","E","M","T","E","R","M","?","E","R","B",null,"M","$","?","$","?","E","R","E","T","M","M","M","$","M","R","B",null],"character_chosen":"THE_SILENT","items_purchased":["Cloak And Dagger","Pen Nib"],"campfire_rested":1,"item_purchase_floors":[13,36],"current_hp_per_floor":[59,66,66,66,66,66,63,39,39,39,19,19,19,24,24,16,59,47,47,47,47,47,47,30,42,42,42,42,36,56,51,51,13,66,66,66,66,66,66,47,47,47,47,49,46,24,24,35,64,62],"gold":116,"neow_bonus":"THREE_ENEMY_KILL","is_prod":false,"is_daily":false,"chose_seed":false,"campfire_upgraded":5,"win_rate":0,"timestamp":1565388583,"path_taken":["M","?","?","?","M","E","?","E","T","R","E","?","?","E","R","BOSS","M","?","?","?","$","R","E","M","T","E","R","M","?","E","R","BOSS","M","$","?","?","?","E","R","E","T","M","M","M","$","M","R","BOSS"],"build_version":"2019-07-18","purchased_purges":4,"victory":true,"max_hp_per_floor":[66,73,73,73,73,73,73,73,73,73,73,73,73,73,73,73,73,73,73,73,73,73,73,73,73,73,73,73,73,83,83,83,83,83,83,83,83,83,83,83,83,83,83,85,87,89,89,91,93,93],"card_choices":[{"not_picked":["Heel Hook","Infinite Blades"],"picked":"Quick Slash","floor":1.0},{"not_picked":["Well Laid Plans","Flechettes"],"picked":"Crippling Poison","floor":5.0},{"not_picked":["Underhanded Strike","Heel Hook"],"picked":"Deflect","floor":6.0},{"not_picked":["Prepared","Heel Hook"],"picked":"PiercingWail","floor":7.0},{"not_picked":["Finisher","A Thousand Cuts"],"picked":"Distraction","floor":8.0},{"not_picked":["Deflect","Dodge and Roll"],"picked":"Cloak And Dagger","floor":11.0},{"not_picked":["Setup","Sucker Punch"],"picked":"Wraith Form v2","floor":14.0},{"not_picked":["Phantasmal Killer","After Image"],"picked":"Glass Knife","floor":16.0},{"not_picked":["Dagger Spray","Bouncing Flask"],"picked":"Blade Dance","floor":18.0},{"not_picked":["Masterful Stab","Expertise"],"picked":"Caltrops","floor":24.0},{"not_picked":["Accuracy","Quick Slash","Flying Knee"],"picked":"SKIP","floor":25.0},{"not_picked":["Tactician","Deadly Poison","Flying Knee"],"picked":"SKIP","floor":27.0},{"not_picked":["Blade Dance","Dagger Throw"],"picked":"PiercingWail","floor":29.0},{"not_picked":["Dagger Throw","Envenom"],"picked":"Cloak And Dagger","floor":31.0},{"not_picked":["Envenom","After Image"],"picked":"Doppelganger","floor":33.0},{"not_picked":["Sucker Punch"],"picked":"SKIP","floor":35.0},{"not_picked":[],"picked":"Backflip+1","floor":40.0},{"not_picked":["Underhanded Strike"],"picked":"SKIP","floor":42.0},{"not_picked":["Deflect"],"picked":"Singing Bowl","floor":44.0},{"not_picked":["Dodge and Roll"],"picked":"Singing Bowl","floor":45.0},{"not_picked":["Underhanded Strike"],"picked":"Singing Bowl","floor":46.0},{"not_picked":["Flechettes"],"picked":"Singing Bowl","floor":48.0},{"not_picked":["Dagger Throw"],"picked":"Singing Bowl","floor":49.0}],"player_experience":401674,"relics_obtained":[{"floor":6.0,"key":"Dead Branch"},{"floor":8.0,"key":"PreservedInsect"},{"floor":9.0,"key":"Gremlin Horn"},{"floor":11.0,"key":"Juzu Bracelet"},{"floor":14.0,"key":"War Paint"},{"floor":24.0,"key":"Vajra"},{"floor":24.0,"key":"Meat on the Bone"},{"floor":26.0,"key":"Boot"},{"floor":27.0,"key":"Bag of Preparation"},{"floor":27.0,"key":"Art of War"},{"floor":30.0,"key":"Girya"},{"floor":30.0,"key":"Pear"},{"floor":31.0,"key":"Letter Opener"},{"floor":31.0,"key":"Tingsha"},{"floor":40.0,"key":"Anchor"},{"floor":40.0,"key":"Nunchaku"},{"floor":42.0,"key":"Dream Catcher"},{"floor":42.0,"key":"Omamori"},{"floor":43.0,"key":"Singing Bowl"}],"event_choices":[{"damage_healed":0.0,"max_hp_gain":0.0,"max_hp_loss":0.0,"gold_gain":0.0,"event_name":"Big Fish","player_choice":"Box","floor":2.0,"gold_loss":0.0,"damage_taken":0.0,"relics_obtained":["Strawberry"],"cards_obtained":["Regret"]},{"damage_healed":0.0,"max_hp_gain":0.0,"max_hp_loss":0.0,"gold_gain":0.0,"event_name":"Liars Game","player_choice":"Ignored","floor":3.0,"gold_loss":0.0,"damage_taken":0.0},{"damage_healed":0.0,"max_hp_gain":0.0,"max_hp_loss":0.0,"gold_gain":0.0,"event_name":"Lab","player_choice":"Got Potions","floor":4.0,"gold_loss":0.0,"damage_taken":0.0},{"cards_removed":["Regret"],"damage_healed":0.0,"max_hp_gain":0.0,"max_hp_loss":0.0,"gold_gain":0.0,"event_name":"Bonfire Elementals","player_choice":"Offered Curse","floor":12.0,"gold_loss":0.0,"damage_taken":0.0,"relics_obtained":["Spirit Poop"]},{"cards_removed":["Strike_G"],"damage_healed":0.0,"max_hp_gain":0.0,"max_hp_loss":0.0,"gold_gain":0.0,"event_name":"Designer","player_choice":"Upgrade and Remove","floor":19.0,"gold_loss":110.0,"damage_taken":0.0,"cards_upgraded":["Blade Dance"]},{"damage_healed":0.0,"max_hp_gain":0.0,"max_hp_loss":0.0,"gold_gain":0.0,"event_name":"The Mausoleum","player_choice":"Opened","floor":20.0,"gold_loss":0.0,"damage_taken":0.0,"relics_obtained":["The Specimen"],"cards_obtained":["Writhe"]},{"damage_healed":0.0,"max_hp_gain":0.0,"max_hp_loss":0.0,"gold_gain":0.0,"cards_transformed":["Strike_G"],"event_name":"Transmorgrifier","player_choice":"Transformed","floor":21.0,"gold_loss":0.0,"damage_taken":0.0,"cards_obtained":["Catalyst"]},{"damage_healed":0.0,"max_hp_gain":0.0,"max_hp_loss":0.0,"gold_gain":0.0,"event_name":"Colosseum","player_choice":"Fight","floor":30.0,"gold_loss":0.0,"damage_taken":0.0},{"damage_healed":0.0,"max_hp_gain":0.0,"max_hp_loss":0.0,"gold_gain":0.0,"event_name":"Colosseum","player_choice":"Fought Nobs","floor":30.0,"gold_loss":0.0,"damage_taken":0.0},{"damage_healed":0.0,"max_hp_gain":0.0,"max_hp_loss":0.0,"gold_gain":50.0,"event_name":"Golden Shrine","player_choice":"Pray","floor":37.0,"gold_loss":0.0,"damage_taken":0.0},{"cards_removed":["Caltrops"],"damage_healed":0.0,"max_hp_gain":0.0,"max_hp_loss":0.0,"gold_gain":0.0,"event_name":"Falling","player_choice":"Removed Power","floor":39.0,"gold_loss":0.0,"damage_taken":0.0}],"is_beta":true,"boss_relics":[{"not_picked":["Fusion Hammer","Astrolabe"],"picked":"Black Star"},{"not_picked":["Lizard Tail","Runic Pyramid"],"picked":"Busted Crown"}],"items_purged_floors":[13,22,36,38],"is_endless":false,"potions_floor_spawned":[6,7,8,24,25,30,30,40,45,46],"ascension_level":19}