{"gold_per_floor":[115,130,140,154,34,66,82,156,238,238,238,188,220,237,237,342,342,358,368,368,7,20,20,50,50,50,70,87,102,102,132,132,236,236,252,268,280,280,295,295,310,328,355,185,198,214,92,122,122,122],"floor_reached":51,"playtime":7850,"items_purged":["Strike_B","Strike_B"],"score":874,"play_id":"39fd887f-3f41-4ab4-9917-610f07e600b5","local_time":"20190811192412","is_ascension_mode":true,"campfire_choices":[{"floor":10,"key":"REST"},{"data":"Loop","floor":15,"key":"SMITH"},{"floor":23,"key":"RECALL"},{"floor":25,"key":"REST"},{"floor":30,"key":"REST"},{"floor":32,"key":"REST"},{"floor":40,"key":"REST"},{"floor":49,"key":"REST"}],"neow_cost":"PERCENT_DAMAGE","seed_source_timestamp":1818025198800,"circlet_count":0,"master_deck":["Strike_B","Strike_B","Defend_B","Defend_B+1","Defend_B","Zap","Dualcast+1","Coolheaded","Go for the Eyes","Conserve Battery","Loop+1","Ball Lightning","Hyperbeam","Cold Snap","Chill","Machine Learning","Hologram","Ball Lightning","Self Repair","Compile Driver","Gash+1","Turbo","Electrodynamics","Thunder Strike","Coolheaded+1","Leap+1","Stack","Blizzard","Gash","Defragment+1","Compile Driver","Hologram+1"],"relics":["Cracked Core","Unceasing Top","Thread and Needle","Darkstone Periapt","Calipers","Fusion Hammer","FossilizedHelix","Bag of Preparation","Centennial Puzzle","War Paint","Philosopher\u0027s Stone","Potion Belt","Happy Flower","Dodecahedron"],"potions_floor_usage":[16,50,50,50],"damage_taken":[{"damage":1,"enemies":"Cultist","floor":1,"turns":3},{"damage":4,"enemies":"Small Slimes","floor":2,"turns":3},{"damage":6,"enemies":"2 Louse","floor":3,"turns":3},{"damage":3,"enemies":"Looter","floor":4,"turns":3},{"damage":35,"enemies":"Gremlin Nob","floor":6,"turns":4},{"damage":0,"enemies":"3 Louse","floor":7,"turns":1},{"damage":7,"enemies":"3 Sentries","floor":13,"turns":6},{"damage":0,"enemies":"Blue Slaver","floor":14,"turns":3},{"damage":7,"enemies":"Hexaghost","floor":16,"turns":11},{"damage":1,"enemies":"Chosen","floor":18,"turns":4},{"damage":0,"enemies":"2 Thieves","floor":19,"turns":4},{"damage":6,"enemies":"3 Cultists","floor":22,"turns":5},{"damage":25,"enemies":"Slavers","floor":24,"turns":7},{"damage":0,"enemies":"Chosen and Byrds","floor":27,"turns":5},{"damage":0,"enemies":"Snake Plant","floor":28,"turns":4},{"damage":0,"enemies":"Sentry and Sphere","floor":29,"turns":5},{"damage":13,"enemies":"Book of Stabbing","floor":31,"turns":5},{"damage":2,"enemies":"Collector","floor":33,"turns":10},{"damage":0,"enemies":"Orb Walker","floor":35,"turns":3},{"damage":0,"enemies":"3 Darklings","floor":36,"turns":3},{"damage":0,"enemies":"Jaw Worm Horde","floor":37,"turns":2},{"damage":0,"enemies":"Sphere and 2 Shapes","floor":39,"turns":4},{"damage":0,"enemies":"Spire Growth","floor":41,"turns":4},{"damage":12,"enemies":"Transient","floor":42,"turns":5},{"damage":14,"enemies":"4 Shapes","floor":45,"turns":4},{"damage":0,"enemies":"Spire Growth","floor":46,"turns":5},{"damage":0,"enemies":"Reptomancer","floor":48,"turns":5},{"damage":0,"enemies":"Awakened One","floor":50,"turns":9}],"seed_played":"-1687397655388841633","potions_obtained":[{"floor":3,"key":"FearPotion"},{"floor":7,"key":"AttackPotion"},{"floor":13,"key":"Poison Potion"},{"floor":18,"key":"Dexterity Potion"},{"floor":22,"key":"SkillPotion"},{"floor":31,"key":"SkillPotion"},{"floor":38,"key":"Regen Potion"},{"floor":39,"key":"Ancient Potion"},{"floor":41,"key":"Energy Potion"},{"floor":45,"key":"PowerPotion"}],"is_trial":false,"path_per_floor":["M","M","M","M","$","E","M","?","T","R","?","?","E","M","R","B",null,"M","M","?","$","M","R","E","R","T","M","M","M","R","E","R","B",null,"M","M","M","?","M","R","M","M","T","$","M","M","$","E","R","B",null],"character_chosen":"DEFECT","items_purchased":["Ball Lightning","FossilizedHelix","Hologram","Gash","Happy Flower","Compile Driver"],"campfire_rested":6,"item_purchase_floors":[5,21,21,44,44,47],"current_hp_per_floor":[53,49,43,40,40,5,5,5,5,27,52,52,45,45,45,38,75,74,74,74,74,68,68,43,65,65,65,72,75,75,69,75,73,75,75,75,75,75,75,75,75,70,70,70,63,63,63,63,75,75],"gold":122,"neow_bonus":"ONE_RARE_RELIC","is_prod":false,"is_daily":false,"chose_seed":false,"campfire_upgraded":1,"win_rate":0,"timestamp":1565565852,"path_taken":["M","M","?","M","$","E","M","?","T","R","?","?","E","M","R","BOSS","M","M","?","$","M","R","E","R","T","M","M","M","R","E","R","BOSS","M","M","M","?","M","R","M","M","T","$","M","?","$","E","R","BOSS"],"build_version":"2019-07-17","purchased_purges":2,"victory":true,"max_hp_per_floor":[75,75,75,75,75,75,75,75,75,75,75,75,75,75,75,75,75,75,75,75,75,75,75,75,75,75,75,75,75,75,75,75,75,75,75,75,75,75,75,75,75,75,75,75,75,75,75,75,75,75],"card_choices":[{"not_picked":["Steam","Skim"],"picked":"Coolheaded","floor":1},{"not_picked":["Steam","Stack"],"picked":"Go for the Eyes","floor":2},{"not_picked":["Streamline","Turbo"],"picked":"Conserve Battery","floor":3},{"not_picked":["Skim","Beam Cell"],"picked":"Loop","floor":4},{"not_picked":["Beam Cell","Sweeping Beam"],"picked":"Hyperbeam","floor":6},{"not_picked":["Conserve Battery","Lockon","Rebound"],"picked":"SKIP","floor":7},{"not_picked":["Turbo","Beam Cell"],"picked":"Cold Snap","floor":13},{"not_picked":["Leap","Cold Snap"],"picked":"Chill","floor":14},{"not_picked":["Reboot","Fission"],"picked":"Machine Learning","floor":16},{"not_picked":["Beam Cell","Sweeping Beam","Chaos"],"picked":"SKIP","floor":18},{"not_picked":["BootSequence","Static Discharge","Streamline"],"picked":"SKIP","floor":19},{"not_picked":["Sweeping Beam","Barrage"],"picked":"Ball Lightning","floor":22},{"not_picked":["Beam Cell+1","Multi-Cast"],"picked":"Self Repair","floor":24},{"not_picked":["Leap","Beam Cell+1"],"picked":"Compile Driver","floor":27},{"not_picked":["Turbo+1","Genetic Algorithm"],"picked":"Gash+1","floor":28},{"not_picked":["Leap","Sunder"],"picked":"Turbo","floor":29},{"not_picked":["Darkness","Beam Cell"],"picked":"Electrodynamics","floor":31},{"not_picked":["Seek","Reboot"],"picked":"Thunder Strike","floor":33},{"not_picked":["Blizzard+1","Rebound"],"picked":"Coolheaded+1","floor":35},{"not_picked":["Doom and Gloom+1","Barrage+1"],"picked":"Leap+1","floor":36},{"not_picked":["Fusion","Self Repair"],"picked":"Stack","floor":37},{"not_picked":["Streamline+1","Leap+1","Skim"],"picked":"SKIP","floor":39},{"not_picked":["Ball Lightning+1","Redo","Rebound+1"],"picked":"SKIP","floor":41},{"not_picked":["Conserve Battery+1","Coolheaded"],"picked":"Blizzard","floor":42},{"not_picked":["Double Energy","Amplify"],"picked":"Defragment+1","floor":45},{"not_picked":["Redo+1","Auto Shields","Cold Snap+1"],"picked":"SKIP","floor":46},{"not_picked":["Doom and Gloom","Coolheaded+1"],"picked":"Hologram+1","floor":48}],"player_experience":145628,"relics_obtained":[{"floor":6,"key":"Thread and Needle"},{"floor":9,"key":"Darkstone Periapt"},{"floor":13,"key":"Calipers"},{"floor":24,"key":"Bag of Preparation"},{"floor":26,"key":"Centennial Puzzle"},{"floor":31,"key":"War Paint"},{"floor":43,"key":"Potion Belt"},{"floor":48,"key":"Dodecahedron"}],"event_choices":[{"damage_healed":0,"gold_gain":74,"player_choice":"Gained Gold","damage_taken":0,"max_hp_gain":0,"max_hp_loss":0,"event_name":"Golden Wing","floor":8,"gold_loss":0},{"damage_healed":25,"gold_gain":0,"player_choice":"Banana","damage_taken":0,"max_hp_gain":0,"max_hp_loss":0,"event_name":"Big Fish","floor":11,"gold_loss":0},{"cards_removed":["Defend_B"],"damage_healed":0,"gold_gain":0,"player_choice":"Card Removal","damage_taken":0,"max_hp_gain":0,"max_hp_loss":0,"event_name":"The Cleric","floor":12,"gold_loss":50},{"damage_healed":0,"gold_gain":0,"player_choice":"Ignored","damage_taken":0,"max_hp_gain":0,"max_hp_loss":0,"event_name":"Ghosts","floor":20,"gold_loss":0},{"damage_healed":0,"gold_gain":0,"player_choice":"Got Potions","damage_taken":0,"max_hp_gain":0,"max_hp_loss":0,"event_name":"Lab","floor":38,"gold_loss":0}],"is_beta":false,"boss_relics":[{"not_picked":["Empty Cage","FrozenCore"],"picked":"Fusion Hammer"},{"not_picked":["Eternal Feather","Nuclear Battery"],"picked":"Philosopher\u0027s Stone"}],"items_purged_floors":[5,47],"is_endless":false,"potions_floor_spawned":[3,7,13,18,22,29,31,39,41,45],"ascension_level":3}