{"gold_per_floor":[119,9,9,84,94,94,120,138,138,168,200,212,237,265,277,289],"floor_reached":16,"playtime":448,"items_purged":["Defend_B"],"score":187,"play_id":"a8f7a065-ecaf-48bc-a99c-f677af184f7d","local_time":"20190801132233","is_ascension_mode":true,"campfire_choices":[{"data":"Loop","floor":6,"key":"SMITH"},{"data":"Zap","floor":12,"key":"SMITH"},{"floor":15,"key":"REST"}],"neow_cost":"NONE","seed_source_timestamp":208709253581087,"circlet_count":0,"master_deck":["Strike_B","Strike_B","Strike_B","Strike_B","Defend_B","Defend_B","Defend_B","Zap+1","Dualcast","Chill","Loop+1","Cold Snap","Gash","Gash"],"relics":["Cracked Core","NeowsBlessing","Kunai","MawBank"],"potions_floor_usage":[11,13],"damage_taken":[{"damage":0,"enemies":"2 Louse","floor":1,"turns":1},{"damage":0,"enemies":"Small Slimes","floor":5,"turns":1},{"damage":0,"enemies":"Lagavulin","floor":7,"turns":1},{"damage":2,"enemies":"Cultist","floor":8,"turns":3},{"damage":16,"enemies":"Exordium Thugs","floor":10,"turns":6},{"damage":10,"enemies":"Exordium Wildlife","floor":11,"turns":3},{"damage":11,"enemies":"Large Slime","floor":13,"turns":4},{"damage":7,"enemies":"Red Slaver","floor":14,"turns":3},{"damage":32,"enemies":"Slime Boss","floor":16,"turns":7}],"seed_played":"5831338692265252981","potions_obtained":[{"floor":7,"key":"Ancient Potion"},{"floor":8,"key":"Fire Potion"},{"floor":10,"key":"Weak Potion"},{"floor":14,"key":"FearPotion"}],"is_trial":false,"path_per_floor":["M","$","?","?","M","R","E","M","T","M","M","R","M","M","R","B"],"character_chosen":"DEFECT","items_purchased":["Loop"],"campfire_rested":1,"item_purchase_floors":[2],"current_hp_per_floor":[68,68,68,61,61,61,61,59,59,43,33,33,22,15,37,5],"gold":289,"neow_bonus":"THREE_ENEMY_KILL","is_prod":false,"is_daily":false,"chose_seed":false,"campfire_upgraded":2,"win_rate":0,"timestamp":1564633353,"path_taken":["M","$","?","?","M","R","E","M","T","?","M","R","M","M","R","BOSS"],"build_version":"2019-07-17","purchased_purges":1,"victory":false,"max_hp_per_floor":[75,75,75,75,75,75,75,75,75,75,75,75,75,75,75,75],"card_choices":[{"not_picked":["Conserve Battery","Storm"],"picked":"Chill","floor":1},{"not_picked":["Genetic Algorithm","Turbo","Force Field"],"picked":"SKIP","floor":5},{"not_picked":["Compile Driver","Chaos"],"picked":"Cold Snap","floor":7},{"not_picked":["Cold Snap","Coolheaded"],"picked":"Gash","floor":8},{"not_picked":["Streamline","Lockon"],"picked":"Gash","floor":10},{"not_picked":["Turbo","Sweeping Beam","Amplify"],"picked":"SKIP","floor":11},{"not_picked":["Coolheaded","Redo","Turbo"],"picked":"SKIP","floor":13},{"not_picked":["White Noise","Ball Lightning","Conserve Battery"],"picked":"SKIP","floor":14}],"player_experience":181949,"relics_obtained":[{"floor":7,"key":"Kunai"},{"floor":9,"key":"MawBank"}],"event_choices":[{"damage_healed":0,"gold_gain":0,"player_choice":"Ignored","damage_taken":0,"max_hp_gain":0,"max_hp_loss":0,"event_name":"Liars Game","floor":3,"gold_loss":0},{"damage_healed":0,"gold_gain":75,"player_choice":"Touch","damage_taken":7,"max_hp_gain":0,"max_hp_loss":0,"event_name":"FaceTrader","floor":4,"gold_loss":0}],"is_beta":false,"boss_relics":[],"items_purged_floors":[2],"is_endless":false,"potions_floor_spawned":[7,8,10,14],"killed_by":"Slime Boss","ascension_level":9}