{"gold_per_floor":[113,125,145,16,91,91,104,137,184,184,194,217,40,40,40,136,136,152,169,169,24,24],"floor_reached":22,"playtime":3901,"items_purged":[],"score":184,"play_id":"1b30a085-905e-495e-84c5-38faac7d214f","local_time":"20190722173219","is_ascension_mode":false,"campfire_choices":[{"floor":6,"key":"REST"},{"floor":10,"key":"REST"},{"floor":15,"key":"REST"}],"neow_cost":"","seed_source_timestamp":27249863305751,"circlet_count":0,"master_deck":["Strike_R","Strike_R","Strike_R","Strike_R","Strike_R","Defend_R","Defend_R","Defend_R","Defend_R","Bash","Shrug It Off","Shrug It Off","Armaments","Intimidate","Flex","Pummel","Anger","Pommel Strike","Barricade","Flex","Juggernaut","Regret","Doubt","Doubt","Ghostly Armor","Rampage+1","Metallicize","Battle Trance"],"relics":["Burning Blood","Sundial","Anchor","Odd Mushroom","Calling Bell","Vajra","Pear","Champion Belt","Enchiridion"],"potions_floor_usage":[8,19,19],"damage_taken":[{"damage":9,"enemies":"Small Slimes","floor":1,"turns":5},{"damage":1,"enemies":"Cultist","floor":2,"turns":5},{"damage":13,"enemies":"2 Louse","floor":3,"turns":3},{"damage":8,"enemies":"Large Slime","floor":7,"turns":13},{"damage":45,"enemies":"3 Sentries","floor":8,"turns":15},{"damage":31,"enemies":"Exordium Thugs","floor":11,"turns":8},{"damage":3,"enemies":"The Mushroom Lair","floor":12,"turns":5},{"damage":47,"enemies":"The Guardian","floor":16,"turns":12},{"damage":61,"enemies":"Spheric Guardian","floor":18,"turns":8},{"damage":25,"enemies":"3 Byrds","floor":19,"turns":7},{"damage":16,"enemies":"Centurion and Healer","floor":22,"turns":3}],"seed_played":"7789271295176572488","potions_obtained":[{"floor":8,"key":"Energy Potion"},{"floor":11,"key":"Strength Potion"},{"floor":14,"key":"SkillPotion"},{"floor":18,"key":"Regen Potion"}],"is_trial":false,"path_per_floor":["M","M","M","$","?","R","M","E","T","R","M","?","$","?","R","B",null,"M","M","?","$","M"],"character_chosen":"IRONCLAD","items_purchased":["Intimidate","Fire Potion","Barricade","Flex","Fire Potion","Metallicize","Battle Trance"],"campfire_rested":3,"item_purchase_floors":[4,4,13,13,13,21,21],"current_hp_per_floor":[77,80,73,73,62,80,78,39,39,63,38,41,41,41,65,24,90,35,30,14,14,0],"gold":24,"neow_bonus":"","is_prod":false,"is_daily":false,"chose_seed":false,"campfire_upgraded":0,"win_rate":0.0,"timestamp":1563834739,"path_taken":["M","M","M","$","?","R","M","E","T","R","M","?","$","?","R","BOSS","M","?","?","$","M"],"build_version":"2019-01-23","purchased_purges":0,"victory":false,"max_hp_per_floor":[80,80,80,80,80,80,80,80,80,80,80,80,80,80,80,80,90,90,90,90,90,90],"card_choices":[{"not_picked":["Body Slam","Feel No Pain"],"picked":"Shrug It Off","floor":1},{"not_picked":["Headbutt","Clash"],"picked":"Shrug It Off","floor":2},{"not_picked":["Clash","Carnage"],"picked":"Armaments","floor":3},{"not_picked":["Headbutt","Thunderclap"],"picked":"Flex","floor":7},{"not_picked":["Dark Embrace","True Grit"],"picked":"Pummel","floor":8},{"not_picked":["Headbutt","Rage"],"picked":"Anger","floor":11},{"not_picked":["Fire Breathing","Clothesline"],"picked":"Pommel Strike","floor":12},{"not_picked":["Reaper","Berserk"],"picked":"Juggernaut","floor":16},{"not_picked":["Cleave","Iron Wave"],"picked":"Ghostly Armor","floor":18},{"not_picked":["True Grit","Thunderclap"],"picked":"Rampage+1","floor":19}],"player_experience":0,"relics_obtained":[{"floor":8,"key":"Sundial"},{"floor":9,"key":"Anchor"},{"floor":12,"key":"Odd Mushroom"},{"floor":17,"key":"Vajra"},{"floor":17,"key":"Pear"},{"floor":17,"key":"Champion Belt"},{"floor":20,"key":"Enchiridion"}],"event_choices":[{"damage_healed":0,"gold_gain":75,"player_choice":"Gather Gold","damage_taken":11,"max_hp_gain":0,"max_hp_loss":0,"event_name":"World of Goop","floor":5,"gold_loss":0},{"damage_healed":0,"gold_gain":0,"player_choice":"Fought Mushrooms","damage_taken":0,"max_hp_gain":0,"max_hp_loss":0,"event_name":"Mushrooms","floor":12,"gold_loss":0},{"damage_healed":0,"gold_gain":0,"player_choice":"Got Potions","damage_taken":0,"max_hp_gain":0,"max_hp_loss":0,"event_name":"Lab","floor":14,"gold_loss":0},{"damage_healed":0,"gold_gain":0,"player_choice":"Obtained Book","damage_taken":16,"max_hp_gain":0,"max_hp_loss":0,"event_name":"Cursed Tome","floor":20,"gold_loss":0}],"is_beta":true,"boss_relics":[{"not_picked":["Ectoplasm","Coffee Dripper"],"picked":"Calling Bell"}],"items_purged_floors":[],"is_endless":false,"potions_floor_spawned":[8,11,18],"killed_by":"Centurion and Healer","ascension_level":0}