{"gold_per_floor":[114,114,132,149,161,187,222,222,222,28,63,100,100,190,190,309,309,323,336,336,386,386],"floor_reached":22,"playtime":2241,"items_purged":[],"score":412,"play_id":"59858107-9f27-460d-a077-5261233f8efd","local_time":"20190722160108","is_ascension_mode":true,"campfire_choices":[{"floor":8.0,"key":"REST"},{"data":"Bash","floor":13.0,"key":"SMITH"},{"floor":15.0,"key":"REST"}],"neow_cost":"PERCENT_DAMAGE","seed_source_timestamp":232278218350666,"circlet_count":0,"master_deck":["AscendersBane","Strike_R","Strike_R","Strike_R","Strike_R","Strike_R","Defend_R","Defend_R","Defend_R","Defend_R","Bash+1","Clothesline","Combust","Shrug It Off","Feel No Pain","Feel No Pain","Sever Soul","HandOfGreed","Corruption","Pummel","Offering","Sentinel","Juggernaut","Spot Weakness","Havoc","Necronomicurse"],"special_seed":0,"relics":["Burning Blood","WingedGreaves","Bottled Flame","Dream Catcher","Blood Vial","Paper Frog","Sozu","Necronomicon"],"potions_floor_usage":[],"damage_taken":[{"damage":6.0,"enemies":"2 Louse","floor":1.0,"turns":4.0},{"damage":6.0,"enemies":"Cultist","floor":3.0,"turns":4.0},{"damage":6.0,"enemies":"Jaw Worm","floor":4.0,"turns":5.0},{"damage":16.0,"enemies":"Blue Slaver","floor":5.0,"turns":4.0},{"damage":17.0,"enemies":"3 Sentries","floor":6.0,"turns":6.0},{"damage":53.0,"enemies":"Lagavulin","floor":7.0,"turns":10.0},{"damage":18.0,"enemies":"Gremlin Gang","floor":11.0,"turns":4.0},{"damage":3.0,"enemies":"Looter","floor":12.0,"turns":4.0},{"damage":15.0,"enemies":"3 Sentries","floor":14.0,"turns":14.0},{"damage":29,"enemies":"Slime Boss","floor":16,"turns":8},{"damage":30,"enemies":"2 Thieves","floor":18,"turns":4},{"damage":24,"enemies":"Spheric Guardian","floor":19,"turns":5},{"damage":8,"enemies":"Snake Plant","floor":22,"turns":1}],"seed_played":"-715622704028044702","potions_obtained":[{"floor":3.0,"key":"Explosive Potion"},{"floor":5.0,"key":"Energy Potion"},{"floor":11.0,"key":"Dexterity Potion"},{"floor":16,"key":"Regen Potion"}],"is_trial":false,"path_per_floor":["M","?","M","M","M","E","E","R","T","$","M","M","R","E","R","B",null,"M","M","?","?","M"],"character_chosen":"IRONCLAD","items_purchased":["HandOfGreed"],"campfire_rested":2,"item_purchase_floors":[10],"current_hp_per_floor":[50,75,75,75,65,54,7,29,29,29,19,24,24,17,39,18,61,39,23,2,2,0],"gold":386,"neow_bonus":"ONE_RARE_RELIC","is_prod":false,"is_daily":false,"chose_seed":false,"campfire_upgraded":1,"win_rate":0,"timestamp":1563800468,"path_taken":["M","?","M","M","?","E","E","R","T","$","M","M","R","E","R","BOSS","M","M","?","?","?"],"build_version":"2019-07-17","purchased_purges":0,"victory":false,"max_hp_per_floor":[75,75,75,75,75,75,75,75,75,75,75,75,75,75,75,75,75,75,75,75,75,75],"card_choices":[{"not_picked":["Warcry","Heavy Blade"],"picked":"Inflame","floor":1.0},{"not_picked":["Corruption","Headbutt"],"picked":"Clothesline","floor":3.0},{"not_picked":["Shrug It Off","Thunderclap"],"picked":"Combust","floor":4.0},{"not_picked":["Havoc","Cleave"],"picked":"Shrug It Off","floor":5.0},{"not_picked":["Iron Wave","Pommel Strike"],"picked":"Feel No Pain","floor":6.0},{"not_picked":["Entrench","Thunderclap"],"picked":"Feel No Pain","floor":7.0},{"not_picked":["Second Wind","Pommel Strike"],"picked":"Sever Soul","floor":8.0},{"not_picked":["Berserk","Iron Wave"],"picked":"Corruption","floor":11.0},{"not_picked":["Clash","Twin Strike"],"picked":"Pummel","floor":12.0},{"not_picked":["Havoc","Hemokinesis"],"picked":"Offering","floor":14.0},{"not_picked":["Bloodletting","Metallicize"],"picked":"Sentinel","floor":15.0},{"not_picked":["Impervious","Bludgeon"],"picked":"Juggernaut","floor":16},{"not_picked":["Armaments","Wild Strike"],"picked":"Spot Weakness","floor":18},{"not_picked":["Rampage","Hemokinesis"],"picked":"Havoc","floor":19}],"player_experience":890415,"relics_obtained":[{"floor":6.0,"key":"Bottled Flame"},{"floor":7.0,"key":"Dream Catcher"},{"floor":9.0,"key":"Blood Vial"},{"floor":14.0,"key":"Paper Frog"},{"floor":20,"key":"Necronomicon"}],"event_choices":[{"cards_removed":["Inflame"],"damage_healed":25.0,"max_hp_gain":0.0,"max_hp_loss":0.0,"gold_gain":0.0,"event_name":"Bonfire Elementals","player_choice":"Offered Uncommon","floor":2.0,"gold_loss":0.0,"damage_taken":0.0},{"damage_healed":0,"gold_gain":0,"player_choice":"Obtained Book","damage_taken":21,"max_hp_gain":0,"max_hp_loss":0,"event_name":"Cursed Tome","floor":20,"gold_loss":0},{"damage_healed":0,"gold_gain":100,"player_choice":"Bet on Murderer","damage_taken":0,"max_hp_gain":0,"max_hp_loss":0,"event_name":"The Joust","floor":21,"gold_loss":50}],"is_beta":false,"boss_relics":[{"not_picked":["Empty Cage","Calling Bell"],"picked":"Sozu"}],"items_purged_floors":[],"is_endless":false,"potions_floor_spawned":[3,5,11,16,18],"killed_by":"Snake Plant","ascension_level":20}