{"gold_per_floor":[210,3,22,40,53,53,88,88,88,13,45,45,45,70,70,161,161,180,180,95,95,105,105,105,105,176,176,211,211],"floor_reached":29,"playtime":603,"items_purged":["Strike_B"],"score":498,"play_id":"e0041a0d-4b41-4ad2-b09c-474fd1894231","local_time":"20190621174316","is_ascension_mode":true,"campfire_choices":[{"data":"Hyperbeam","floor":6,"key":"SMITH"},{"data":"Hologram","floor":8,"key":"SMITH"},{"data":"Zap","floor":12,"key":"SMITH"},{"data":"Capacitor","floor":15,"key":"SMITH"},{"floor":23,"key":"REST"},{"data":"Defragment","floor":25,"key":"SMITH"},{"data":"Genetic Algorithm","floor":27,"key":"SMITH"}],"neow_cost":"NONE","seed_source_timestamp":17353875406209,"circlet_count":0,"master_deck":["AscendersBane","Strike_B","Strike_B","Strike_B","Defend_B","Defend_B","Defend_B","Defend_B","Zap+1","Dualcast","Conserve Battery","Hyperbeam+1","Cold Snap","Cold Snap","Hologram+1","Genetic Algorithm+1","FTL+1","Capacitor+1","Electrodynamics","Sweeping Beam+1","Defragment+1","Go for the Eyes+1"],"relics":["Cracked Core","Dead Branch","Mercury Hourglass","Molten Egg 2","Bloody Idol","Philosopher\u0027s Stone","Cables","Question Card","Shuriken","Bag of Preparation"],"potions_floor_usage":[7,7,22],"damage_taken":[{"damage":1,"enemies":"Cultist","floor":1,"turns":4},{"damage":0,"enemies":"2 Louse","floor":3,"turns":2},{"damage":0,"enemies":"Jaw Worm","floor":4,"turns":3},{"damage":4,"enemies":"Looter","floor":5,"turns":3},{"damage":16,"enemies":"Gremlin Nob","floor":7,"turns":4},{"damage":5,"enemies":"3 Sentries","floor":11,"turns":4},{"damage":8,"enemies":"Large Slime","floor":14,"turns":4},{"damage":20,"enemies":"Hexaghost","floor":16,"turns":11},{"damage":16,"enemies":"Shell Parasite","floor":18,"turns":7},{"damage":27,"enemies":"3 Byrds","floor":22,"turns":4},{"damage":28,"enemies":"Slavers","floor":28,"turns":2},{"damage":27,"enemies":"Colosseum Slavers","floor":29,"turns":1}],"seed_played":"8020139861657831223","potions_obtained":[{"floor":1,"key":"Block Potion"},{"floor":3,"key":"AttackPotion"},{"floor":16,"key":"PowerPotion"}],"is_trial":false,"path_per_floor":["M","$","M","M","M","R","E","R","T","$","E","R","?","M","R","B",null,"M","?","?","?","M","R","T","R","T","R","E","?"],"character_chosen":"DEFECT","items_purchased":["Hyperbeam","Cold Snap"],"campfire_rested":1,"item_purchase_floors":[2,2],"current_hp_per_floor":[63,63,63,63,59,59,43,43,43,43,38,38,38,30,30,10,51,35,35,35,35,13,32,32,32,37,37,14,0],"gold":211,"neow_bonus":"HUNDRED_GOLD","is_prod":false,"is_daily":false,"chose_seed":false,"campfire_upgraded":6,"win_rate":0,"timestamp":1561131796,"path_taken":["M","?","M","M","M","R","E","R","T","$","E","R","?","M","R","BOSS","M","?","?","?","M","R","?","R","T","R","E","?"],"build_version":"2019-06-19","purchased_purges":1,"victory":false,"max_hp_per_floor":[71,71,71,71,71,71,71,71,71,71,71,71,64,64,64,64,64,64,64,64,64,64,64,64,64,64,64,64,64],"card_choices":[{"not_picked":["Loop","Melter"],"picked":"Conserve Battery","floor":1},{"not_picked":["Barrage","Gash"],"picked":"Cold Snap","floor":3},{"not_picked":["Streamline","Gash","Turbo"],"picked":"SKIP","floor":4},{"not_picked":["Compile Driver","Steam Power"],"picked":"Hologram","floor":5},{"not_picked":["Sweeping Beam","Static Discharge"],"picked":"Genetic Algorithm","floor":7},{"not_picked":["Conserve Battery","Recycle"],"picked":"FTL","floor":11},{"not_picked":["Glacier","Redo"],"picked":"Capacitor","floor":14},{"not_picked":["Creative AI","Machine Learning"],"picked":"Electrodynamics","floor":16},{"not_picked":["Ball Lightning+1","Turbo"],"picked":"Sweeping Beam+1","floor":18},{"not_picked":["Redo","Compile Driver+1"],"picked":"Go for the Eyes+1","floor":22},{"not_picked":["Storm","Steam","Barrage+1","Rebound+1"],"picked":"SKIP","floor":28}],"player_experience":1752507,"relics_obtained":[{"floor":7,"key":"Dead Branch"},{"floor":9,"key":"Mercury Hourglass"},{"floor":11,"key":"Molten Egg 2"},{"floor":24,"key":"Question Card"},{"floor":26,"key":"Shuriken"},{"floor":28,"key":"Bag of Preparation"}],"event_choices":[{"damage_healed":0,"gold_gain":0,"player_choice":"Lose Max HP","damage_taken":0,"relics_obtained":["Golden Idol"],"max_hp_gain":0,"max_hp_loss":7,"event_name":"Golden Idol","floor":13,"gold_loss":0},{"damage_healed":0,"gold_gain":0,"player_choice":"Gave Idol","damage_taken":0,"relics_obtained":["Bloody Idol"],"max_hp_gain":0,"max_hp_loss":0,"event_name":"Forgotten Altar","floor":19,"relics_lost":["Golden Idol"],"gold_loss":0},{"damage_healed":0,"gold_gain":0,"player_choice":"Obtained Relic","damage_taken":0,"relics_obtained":["Cables"],"max_hp_gain":0,"max_hp_loss":0,"event_name":"Addict","floor":20,"gold_loss":85},{"damage_healed":0,"gold_gain":0,"player_choice":"Read","damage_taken":0,"max_hp_gain":0,"max_hp_loss":0,"event_name":"The Library","floor":21,"gold_loss":0,"cards_obtained":["Defragment"]},{"damage_healed":0,"gold_gain":0,"player_choice":"Fight","damage_taken":0,"max_hp_gain":0,"max_hp_loss":0,"event_name":"Colosseum","floor":29,"gold_loss":0}],"is_beta":true,"boss_relics":[{"not_picked":["Tiny House","Sozu"],"picked":"Philosopher\u0027s Stone"}],"items_purged_floors":[10],"is_endless":false,"potions_floor_spawned":[1,3,5,16],"killed_by":"Colosseum Slavers","ascension_level":20}