{"gold_per_floor":[110,128,203,222,233,266,266,300,300,300,300,24,24,57,57,162,162,179,179,191,191,206,206,233,251,251,251,279,293,57,67,67,172,172,184,184,204,215,29,54,54,81,81,81,114,129,129,129,129,129,129,129,6,37,37],"floor_reached":56,"playtime":10729,"items_purged":[],"score":1395,"play_id":"12c364fb-5e4e-46c6-a9a2-14c868248949","local_time":"20190810035911","is_ascension_mode":true,"campfire_choices":[{"floor":7,"key":"REST"},{"floor":13,"key":"REST"},{"floor":15,"key":"REST"},{"data":"Defragment","floor":23,"key":"SMITH"},{"data":"Coolheaded","floor":27,"key":"SMITH"},{"data":"Coolheaded","floor":32,"key":"SMITH"},{"data":"Coolheaded","floor":41,"key":"SMITH"},{"data":"Rainbow","floor":44,"key":"SMITH"},{"floor":47,"key":"RECALL"},{"data":"Steam Power","floor":49,"key":"SMITH"},{"data":"Turbo","floor":52,"key":"SMITH"}],"neow_cost":"NONE","seed_source_timestamp":14639778627912,"circlet_count":0,"master_deck":["Zap","Hologram","Coolheaded+1","Leap","Coolheaded+1","Ball Lightning","Self Repair","Creative AI","Force Field","FTL+1","Rainbow+1","Loop","Loop","Redo","Self Repair","Defragment+1","Genetic Algorithm+1","Turbo+1","Cold Snap+1","Loop+1","Hologram","Coolheaded+1","Defragment+1","Hello World","Coolheaded+1","Machine Learning","Thunder Strike+1","Loop","Steam Power+1","FTL+1","Storm","Cold Snap+1","Skim+1"],"relics":["Cracked Core","Oddly Smooth Stone","Strawberry","Lantern","Happy Flower","Molten Egg 2","Pandora\u0027s Box","Regal Pillow","Mummified Hand","Orichalcum","DollysMirror","Busted Crown","StoneCalendar","Unceasing Top","Dodecahedron","Vajra"],"potions_floor_usage":[6,6,8,55,55,55],"damage_taken":[{"damage":7,"enemies":"Small Slimes","floor":1,"turns":3},{"damage":1,"enemies":"Jaw Worm","floor":2,"turns":3},{"damage":3,"enemies":"2 Louse","floor":4,"turns":3},{"damage":3,"enemies":"Red Slaver","floor":5,"turns":4},{"damage":49,"enemies":"Gremlin Nob","floor":6,"turns":6},{"damage":19,"enemies":"3 Sentries","floor":8,"turns":14},{"damage":18,"enemies":"Lagavulin","floor":14,"turns":9},{"damage":32,"enemies":"The Guardian","floor":16,"turns":15},{"damage":22,"enemies":"2 Thieves","floor":18,"turns":5},{"damage":13,"enemies":"Shell Parasite","floor":20,"turns":4},{"damage":9,"enemies":"Snake Plant","floor":22,"turns":4},{"damage":30,"enemies":"Gremlin Leader","floor":24,"turns":11},{"damage":7,"enemies":"Snecko","floor":25,"turns":7},{"damage":12,"enemies":"Slavers","floor":28,"turns":8},{"damage":8,"enemies":"Centurion and Healer","floor":29,"turns":6},{"damage":3,"enemies":"Chosen and Byrds","floor":31,"turns":4},{"damage":7,"enemies":"Collector","floor":33,"turns":6},{"damage":0,"enemies":"3 Shapes","floor":35,"turns":4},{"damage":12,"enemies":"3 Darklings","floor":37,"turns":6},{"damage":0,"enemies":"Sphere and 2 Shapes","floor":38,"turns":5},{"damage":34,"enemies":"Reptomancer","floor":40,"turns":6},{"damage":0,"enemies":"Giant Head","floor":42,"turns":8},{"damage":3,"enemies":"Nemesis","floor":45,"turns":7},{"damage":0,"enemies":"Writhing Mass","floor":46,"turns":4},{"damage":12,"enemies":"Awakened One","floor":50,"turns":10},{"damage":0,"enemies":"Shield and Spear","floor":54,"turns":3},{"damage":59,"enemies":"The Heart","floor":55,"turns":8}],"seed_played":"-957323169822433922","potions_obtained":[{"floor":2,"key":"Weak Potion"},{"floor":4,"key":"Strength Potion"},{"floor":6,"key":"SpeedPotion"},{"floor":16,"key":"FocusPotion"},{"floor":24,"key":"Block Potion"},{"floor":28,"key":"Ancient Potion"},{"floor":33,"key":"LiquidBronze"}],"is_trial":false,"path_per_floor":["M","M","?","M","M","E","R","E","T","?","?","$","R","E","R","B",null,"M","?","M","?","M","R","E","M","T","R","E","M","$","M","R","B",null,"M","?","M","M","$","E","R","E","T","R","E","M","R","?","R","B",null,"R","$","E","B",null],"character_chosen":"DEFECT","items_purchased":["Happy Flower","Ball Lightning","Self Repair","DollysMirror","Hello World","Thunder Strike+1","Loop","Storm","Cold Snap+1"],"campfire_rested":3,"item_purchase_floors":[12,12,12,30,30,39,39,53,53],"current_hp_per_floor":[68,67,56,53,50,1,23,11,11,11,11,11,35,24,48,23,82,74,74,68,68,73,73,57,57,57,57,59,65,65,69,69,76,82,82,82,82,82,82,62,62,76,76,76,82,82,82,78,78,78,78,78,78,78,33],"gold":37,"neow_bonus":"REMOVE_CARD","is_prod":false,"is_daily":false,"chose_seed":false,"campfire_upgraded":7,"win_rate":0,"timestamp":1565423951,"path_taken":["M","M","?","M","M","E","R","E","T","?","?","$","R","E","R","BOSS","M","?","M","?","M","R","E","M","T","R","E","?","$","M","R","BOSS","M","?","M","M","$","E","R","E","T","R","E","M","R","?","R","BOSS","R","$","E","BOSS"],"build_version":"2019-07-17","purchased_purges":0,"victory":true,"max_hp_per_floor":[75,75,75,75,75,75,75,82,82,82,82,82,82,82,82,82,82,82,82,82,82,82,82,82,82,82,82,82,82,82,82,82,82,82,82,82,82,82,82,82,82,82,82,82,82,82,82,78,78,78,78,78,78,78,78],"card_choices":[{"not_picked":["Streamline","BootSequence"],"picked":"Hologram","floor":1},{"not_picked":["Hologram","Beam Cell"],"picked":"Coolheaded","floor":2},{"not_picked":["Gash","Chaos","Darkness"],"picked":"SKIP","floor":4},{"not_picked":["Steam","Redo"],"picked":"Leap","floor":5},{"not_picked":["Sweeping Beam","Reprogram"],"picked":"Coolheaded","floor":6},{"not_picked":["BootSequence","Aggregate","Leap"],"picked":"SKIP","floor":8},{"not_picked":["Streamline","Turbo","Lockon"],"picked":"SKIP","floor":14},{"not_picked":["Reboot","Thunder Strike+1"],"picked":"Creative AI","floor":16},{"not_picked":["Blizzard+1","Tempest+1"],"picked":"Defragment","floor":18},{"not_picked":["Gash+1","Ball Lightning+1"],"picked":"Genetic Algorithm+1","floor":20},{"not_picked":["Static Discharge+1","Melter+1"],"picked":"Cold Snap+1","floor":22},{"not_picked":["Buffer","Melter+1"],"picked":"Loop+1","floor":24},{"not_picked":["Barrage+1","Rip and Tear+1"],"picked":"Hologram","floor":25},{"not_picked":["Loop","Reinforced Body"],"picked":"Coolheaded","floor":28},{"not_picked":["Turbo","Fusion","Aggregate"],"picked":"SKIP","floor":29},{"not_picked":["Static Discharge+1","Doom and Gloom+1"],"picked":"Coolheaded+1","floor":31},{"not_picked":["Echo Form","Reboot"],"picked":"Machine Learning","floor":33},{"not_picked":["Rebound+1"],"picked":"SKIP","floor":35},{"not_picked":["Rebound+1"],"picked":"SKIP","floor":37},{"not_picked":["Leap+1"],"picked":"SKIP","floor":38},{"not_picked":["Steam+1"],"picked":"SKIP","floor":40},{"not_picked":[],"picked":"Steam Power","floor":42},{"not_picked":["Conserve Battery"],"picked":"SKIP","floor":45},{"not_picked":[],"picked":"FTL+1","floor":46},{"not_picked":[],"picked":"Skim+1","floor":54}],"player_experience":111234,"relics_obtained":[{"floor":6,"key":"Oddly Smooth Stone"},{"floor":8,"key":"Strawberry"},{"floor":9,"key":"Lantern"},{"floor":14,"key":"Molten Egg 2"},{"floor":24,"key":"Regal Pillow"},{"floor":26,"key":"Mummified Hand"},{"floor":28,"key":"Orichalcum"},{"floor":40,"key":"StoneCalendar"},{"floor":42,"key":"Unceasing Top"},{"floor":45,"key":"Dodecahedron"},{"floor":54,"key":"Vajra"}],"event_choices":[{"damage_healed":0,"gold_gain":75,"player_choice":"Gather Gold","damage_taken":11,"max_hp_gain":0,"max_hp_loss":0,"event_name":"World of Goop","floor":3,"gold_loss":0},{"damage_healed":0,"gold_gain":0,"player_choice":"Ignored","damage_taken":0,"max_hp_gain":0,"max_hp_loss":0,"event_name":"Golden Idol","floor":10,"gold_loss":0},{"damage_healed":0,"gold_gain":0,"player_choice":"Searched \u00271\u0027 times","damage_taken":0,"max_hp_gain":0,"max_hp_loss":0,"event_name":"Dead Adventurer","floor":11,"gold_loss":0},{"damage_healed":0,"gold_gain":0,"player_choice":"Ignored","damage_taken":0,"max_hp_gain":0,"max_hp_loss":0,"event_name":"Vampires","floor":19,"gold_loss":0},{"damage_healed":0,"gold_gain":0,"cards_transformed":["Dualcast"],"player_choice":"Transformed","damage_taken":0,"max_hp_gain":0,"max_hp_loss":0,"event_name":"Transmorgrifier","floor":21,"gold_loss":0,"cards_obtained":["Turbo"]},{"damage_healed":0,"gold_gain":0,"player_choice":"Ignored","damage_taken":0,"max_hp_gain":0,"max_hp_loss":0,"event_name":"Tomb of Lord Red Mask","floor":36,"gold_loss":0},{"damage_healed":0,"gold_gain":0,"player_choice":"Max HP","damage_taken":0,"max_hp_gain":0,"max_hp_loss":4,"event_name":"Winding Halls","floor":48,"gold_loss":0}],"is_beta":false,"boss_relics":[{"not_picked":["Cursed Key","Astrolabe"],"picked":"Pandora\u0027s Box"},{"not_picked":["Runic Pyramid","White Beast Statue"],"picked":"Busted Crown"}],"items_purged_floors":[],"is_endless":false,"potions_floor_spawned":[2,4,6,16,24,28,31,33,35,42,46,54],"ascension_level":1}