{"gold_per_floor":[114,129,49,49,64,79,79,94,94,94,124,124,139,154,154,254,254,269,284,229,244,245,245],"floor_reached":23,"playtime":1733,"items_purged":[],"score":295,"play_id":"ae5dbc96-409a-4bf5-a6e2-1eea48b92fca","local_time":"20190628023549","daily_mods":["Insanity","Red Cards","Terminal"],"is_ascension_mode":false,"campfire_choices":[{"data":"Body Slam","floor":7,"key":"SMITH"},{"data":"Entrench","floor":10,"key":"SMITH"},{"data":"Impervious","floor":12,"key":"SMITH"},{"data":"Double Energy","floor":15,"key":"SMITH"}],"neow_cost":"","seed_source_timestamp":0,"circlet_count":0,"master_deck":["Stack","Sword Boomerang","Rebound","Stack","Blizzard","Steam","Gash","Entrench+1","Combust","Body Slam","Anger","Static Discharge","Heavy Blade","Carnage","Anger","BootSequence","Clothesline","Force Field","Conserve Battery","Flex","Compile Driver","Uppercut","Hologram","Leap","Hemokinesis","Bloodletting","Gash","Evolve","Havoc","Sunder","Barrage","Coolheaded","Wild Strike","Stack","Heavy Blade","Undo","Scrape","Carnage","Power Through","Armaments","Twin Strike","Body Slam+1","Ball Lightning","Intimidate","Searing Blow","Chill","Twin Strike","Turbo","Clothesline","Self Repair","BootSequence","Static Discharge","Self Repair","BootSequence","Entrench","Impervious+1","Double Energy+1","Body Slam","Barricade","Stack","Storm","Headbutt","Rebound"],"special_seed":18074,"relics":["Cracked Core","Gremlin Horn","Letter Opener","Oddly Smooth Stone","Coffee Dripper","Tiny Chest","Red Mask"],"potions_floor_usage":[16,23,23],"damage_taken":[{"damage":0,"enemies":"Cultist","floor":1,"turns":4},{"damage":0,"enemies":"Small Slimes","floor":2,"turns":2},{"damage":3,"enemies":"2 Louse","floor":5,"turns":2},{"damage":3,"enemies":"Large Slime","floor":6,"turns":4},{"damage":2,"enemies":"Exordium Wildlife","floor":8,"turns":3},{"damage":9,"enemies":"Lagavulin","floor":11,"turns":7},{"damage":0,"enemies":"Gremlin Gang","floor":13,"turns":4},{"damage":0,"enemies":"3 Louse","floor":14,"turns":2},{"damage":25,"enemies":"The Guardian","floor":16,"turns":9},{"damage":0,"enemies":"Chosen","floor":18,"turns":4},{"damage":4,"enemies":"2 Thieves","floor":19,"turns":4},{"damage":3,"enemies":"Snake Plant","floor":21,"turns":5},{"damage":4,"enemies":"Masked Bandits","floor":22,"turns":6},{"damage":58,"enemies":"Gremlin Leader","floor":23,"turns":4}],"seed_played":"-5778978344149328507","potions_obtained":[{"floor":5,"key":"Poison Potion"},{"floor":8,"key":"Regen Potion"},{"floor":13,"key":"Dexterity Potion"},{"floor":14,"key":"Swift Potion"},{"floor":21,"key":"PowerPotion"}],"is_trial":false,"path_per_floor":["M","M","$","?","M","M","R","M","T","R","E","R","M","M","R","B",null,"M","M","?","M","?","E"],"character_chosen":"DEFECT","items_purchased":["Static Discharge"],"campfire_rested":0,"item_purchase_floors":[3],"current_hp_per_floor":[73,72,71,70,69,66,66,64,64,64,62,62,61,60,59,34,57,56,55,54,51,52,0],"gold":245,"neow_bonus":"","is_prod":false,"is_daily":true,"chose_seed":false,"campfire_upgraded":4,"win_rate":0,"timestamp":1561656949,"path_taken":["M","M","?","?","?","M","R","M","T","R","E","R","M","M","R","BOSS","M","M","?","M","?","E"],"build_version":"2019-01-23","purchased_purges":0,"victory":false,"max_hp_per_floor":[73,72,71,70,69,68,67,66,65,64,63,62,61,60,59,58,57,56,55,54,53,52,52],"card_choices":[{"not_picked":["Leap","Redo"],"picked":"Self Repair","floor":1},{"not_picked":["Clash","Havoc"],"picked":"BootSequence","floor":2},{"not_picked":["Streamline","Twin Strike"],"picked":"Self Repair","floor":5},{"not_picked":["Body Slam","Rip and Tear"],"picked":"BootSequence","floor":6},{"not_picked":["Armaments","Steam"],"picked":"Entrench","floor":8},{"not_picked":["Ball Lightning","Self Repair"],"picked":"Impervious","floor":11},{"not_picked":["Iron Wave","Genetic Algorithm"],"picked":"Double Energy","floor":13},{"not_picked":["Sweeping Beam","Redo"],"picked":"Body Slam","floor":14},{"not_picked":["Feed","Offering"],"picked":"Barricade","floor":16},{"not_picked":["Burning Pact","BootSequence"],"picked":"Stack","floor":18},{"not_picked":["Sweeping Beam","Barrage+1"],"picked":"Storm","floor":19},{"not_picked":["Sword Boomerang","Stack+1"],"picked":"Headbutt","floor":21},{"not_picked":["Cleave+1","Ghostly Armor"],"picked":"Rebound","floor":22}],"player_experience":32096,"relics_obtained":[{"floor":9,"key":"Letter Opener"},{"floor":11,"key":"Oddly Smooth Stone"},{"floor":22,"key":"Red Mask"}],"event_choices":[{"cards_removed":["Clash"],"damage_healed":0,"gold_gain":0,"player_choice":"Gave Card","damage_taken":0,"relics_obtained":["Gremlin Horn"],"max_hp_gain":0,"max_hp_loss":0,"event_name":"WeMeetAgain","floor":4,"gold_loss":0},{"damage_healed":0,"gold_gain":0,"player_choice":"Obtained Relic","damage_taken":0,"relics_obtained":["Tiny Chest"],"max_hp_gain":0,"max_hp_loss":0,"event_name":"Addict","floor":20,"gold_loss":85},{"damage_healed":0,"gold_gain":0,"player_choice":"Fought Bandits","damage_taken":0,"max_hp_gain":0,"max_hp_loss":0,"event_name":"Masked Bandits","floor":22,"gold_loss":0}],"is_beta":false,"boss_relics":[{"not_picked":["Busted Crown","Velvet Choker"],"picked":"Coffee Dripper"}],"items_purged_floors":[],"is_endless":false,"potions_floor_spawned":[5,8,13,14,21,22],"killed_by":"Gremlin Leader","ascension_level":0}