{"gold_per_floor":[111,111,129,129,15,15,47,66,66,66,95,114,147,164,164,267,267,281,292,292,306,306,306,306,306,333,41,41,41,41,58,58,58],"floor_reached":33,"playtime":1319,"items_purged":["Strike_B","Meteor Strike"],"score":374,"play_id":"8c86957e-6842-4567-abf0-5afc9b3dc58a","local_time":"20190701210902","is_ascension_mode":true,"campfire_choices":[{"data":"Dualcast","floor":6,"key":"SMITH"},{"data":"Leap","floor":10,"key":"SMITH"},{"data":"Glacier","floor":15,"key":"SMITH"},{"data":"Loop","floor":23,"key":"SMITH"},{"data":"Apotheosis","floor":28,"key":"SMITH"},{"floor":30,"key":"REST"},{"floor":32,"key":"RECALL"}],"neow_cost":"NONE","seed_source_timestamp":7381347280822,"circlet_count":0,"master_deck":["Zap+1","Dualcast+1","Leap+1","Gash","Capacitor","Rebound","Cold Snap","BootSequence","Glacier+1","Electrodynamics","Amplify","Stack","Gash","Melter","Defragment","Lockon","Glacier","Barrage","Steam","Loop+1","Apotheosis+1","Redo"],"relics":["Cracked Core","NeowsBlessing","Lantern","Ornamental Fan","Boot","Pandora\u0027s Box","Question Card","Vajra"],"potions_floor_usage":[13,16,16,16,19,33],"damage_taken":[{"damage":0,"enemies":"2 Louse","floor":1,"turns":1},{"damage":0,"enemies":"Cultist","floor":3,"turns":1},{"damage":0,"enemies":"Gremlin Nob","floor":7,"turns":1},{"damage":0,"enemies":"Small Slimes","floor":8,"turns":2},{"damage":3,"enemies":"Lagavulin","floor":11,"turns":7},{"damage":0,"enemies":"3 Louse","floor":12,"turns":3},{"damage":8,"enemies":"3 Sentries","floor":13,"turns":7},{"damage":0,"enemies":"Blue Slaver","floor":14,"turns":3},{"damage":9,"enemies":"Slime Boss","floor":16,"turns":7},{"damage":0,"enemies":"Spheric Guardian","floor":18,"turns":1},{"damage":7,"enemies":"Shell Parasite","floor":19,"turns":7},{"damage":34,"enemies":"Snake Plant","floor":21,"turns":5},{"damage":0,"enemies":"Colosseum Slavers","floor":22,"turns":5},{"damage":0,"enemies":"3 Cultists","floor":31,"turns":5},{"damage":63,"enemies":"Automaton","floor":33,"turns":6}],"seed_played":"576266859146006888","potions_obtained":[{"floor":1,"key":"Poison Potion"},{"floor":7,"key":"EssenceOfSteel"},{"floor":12,"key":"Weak Potion"},{"floor":14,"key":"EssenceOfSteel"},{"floor":18,"key":"GamblersBrew"},{"floor":31,"key":"Energy Potion"}],"is_trial":false,"path_per_floor":["M","?","M","?","$","R","E","M","T","R","E","M","E","M","R","B",null,"M","M","?","M","?","R","T","?","T","$","R","?","R","M","R","B"],"character_chosen":"DEFECT","items_purchased":["Capacitor","Apotheosis"],"campfire_rested":1,"item_purchase_floors":[5,27],"current_hp_per_floor":[68,53,53,53,53,53,53,53,53,53,50,50,42,42,42,33,65,65,58,58,24,24,24,24,49,49,49,49,35,59,59,59,0],"gold":58,"neow_bonus":"THREE_ENEMY_KILL","is_prod":false,"is_daily":false,"chose_seed":false,"campfire_upgraded":5,"win_rate":0,"timestamp":1561982942,"path_taken":["M","?","M","?","$","R","E","?","T","R","E","M","E","M","R","BOSS","M","M","?","M","?","R","?","?","T","$","R","?","R","M","R","BOSS"],"build_version":"2019-01-23","purchased_purges":2,"victory":false,"max_hp_per_floor":[75,75,75,75,75,75,75,75,75,75,75,75,75,75,75,75,75,75,75,75,75,75,75,75,75,75,75,75,80,80,80,80,80],"card_choices":[{"not_picked":["Static Discharge","Lockon"],"picked":"Leap","floor":1},{"not_picked":["Capacitor","Cold Snap"],"picked":"Gash","floor":3},{"not_picked":["Chill","White Noise"],"picked":"Rebound","floor":7},{"not_picked":["Beam Cell","Scrape","Stack"],"picked":"SKIP","floor":8},{"not_picked":["Undo","Redo"],"picked":"Cold Snap","floor":11},{"not_picked":["Compile Driver","Reinforced Body"],"picked":"BootSequence","floor":12},{"not_picked":["Cold Snap","Auto Shields"],"picked":"Glacier","floor":13},{"not_picked":["Beam Cell","Turbo"],"picked":"Electrodynamics","floor":14},{"not_picked":["Core Surge","Thunder Strike"],"picked":"Amplify","floor":16},{"not_picked":["Streamline","Stack"],"picked":"Glacier","floor":18},{"not_picked":["Compile Driver+1","Cold Snap"],"picked":"Barrage","floor":19},{"not_picked":["Rebound","Compile Driver+1"],"picked":"Loop","floor":21},{"not_picked":["Rip and Tear","Barrage","Cold Snap"],"picked":"Redo","floor":31}],"player_experience":114912,"relics_obtained":[{"floor":7,"key":"Lantern"},{"floor":11,"key":"Ornamental Fan"},{"floor":13,"key":"Boot"},{"floor":24,"key":"Question Card"},{"floor":26,"key":"Vajra"}],"event_choices":[{"damage_healed":0,"gold_gain":0,"player_choice":"Entered Light","damage_taken":15,"max_hp_gain":0,"max_hp_loss":0,"event_name":"Shining Light","floor":2,"gold_loss":0,"cards_upgraded":["Strike_B","Defend_B"]},{"damage_healed":0,"gold_gain":0,"player_choice":"Upgraded","damage_taken":0,"max_hp_gain":0,"max_hp_loss":0,"event_name":"Upgrade Shrine","floor":4,"gold_loss":0,"cards_upgraded":["Zap"]},{"damage_healed":0,"gold_gain":0,"cards_transformed":["Meteor Strike","Chaos"],"player_choice":"Became Test Subject","damage_taken":0,"max_hp_gain":0,"max_hp_loss":0,"event_name":"Drug Dealer","floor":20,"gold_loss":0,"cards_obtained":["Steam","Meteor Strike"]},{"damage_healed":0,"gold_gain":0,"player_choice":"Fight","damage_taken":0,"max_hp_gain":0,"max_hp_loss":0,"event_name":"Colosseum","floor":22,"gold_loss":0},{"damage_healed":0,"gold_gain":0,"player_choice":"Fled From Nobs","damage_taken":0,"max_hp_gain":0,"max_hp_loss":0,"event_name":"Colosseum","floor":22,"gold_loss":0},{"damage_healed":25,"gold_gain":0,"player_choice":"Heal","damage_taken":0,"max_hp_gain":0,"max_hp_loss":0,"event_name":"The Library","floor":25,"gold_loss":0},{"damage_healed":0,"gold_gain":0,"player_choice":"Shed Blood","damage_taken":19,"max_hp_gain":5,"max_hp_loss":0,"event_name":"Forgotten Altar","floor":29,"gold_loss":0}],"is_beta":false,"boss_relics":[{"not_picked":["Calling Bell","Runic Pyramid"],"picked":"Pandora\u0027s Box"}],"items_purged_floors":[5,27],"is_endless":false,"potions_floor_spawned":[1,7,12,14,18,31],"killed_by":"Automaton","ascension_level":6}